3248 4384
340 308 824 368 Schnitzjer
883 315 919 375 s
986 309 1223 369 Death

936 631 1075 691 Kesor
1104 625 1320 685 Landzaltung

879 792 942 852 20
989 789 1125 849 OKT.
1144 782 1244 842 1937

388 930 470 990 Eine
504 930 609 990 große
649 931 1119 991 Schlagwetterkatastrophe
1159 933 1219 993 haf
1253 933 1302 993 sich
1342 931 1369 991 im

307 978 523 1038 Ruhrgebiet
556 981 733 1041 ereignet;
767 981 885 1041 achtzig
923 983 1112 1043 Bergleute
1161 981 1323 1041 wurden,
1356 978 1383 1038 in

307 1026 397 1086 einen
432 1026 561 1086 Stollen
596 1032 867 1092 eingeschlossen,
891 1032 918 1092 es
953 1032 1003 1092 gab
1032 1032 1122 1092 neun
1151 1029 1252 1089 Tote.
1332 1026 1376 1086 Im

307 1076 397 1136 Alter
429 1073 487 1133 von
519 1071 561 1131 69
594 1076 720 1136 Jahren
763 1079 800 1139 ist
827 1077 853 1137 in
886 1078 980 1138 Wien
1018 1076 1076 1136 der
1103 1076 1267 1136 bekannte
1294 1074 1400 1134 öster¬

301 1121 469 1181 reichische
508 1127 731 1187 Dramatiker
775 1127 839 1187 und
884 1127 1253 1187 Romanschriftsteller
1286 1124 1400 1184 Artur

308 1172 488 1232 Schnitzler
525 1175 669 1235 plötzlich
718 1175 814 1235 einem
869 1175 1055 1235 Herzschlag
1098 1175 1254 1235 erlegen.
1321 1172 1393 1232 Der

308 1222 435 1282 Dichter
466 1223 593 1283 zählfe,
618 1223 756 1283 obwohl
787 1223 856 1283 viel
886 1223 1101 1283 umkämpft,
1125 1223 1154 1283 zu
1195 1223 1247 1283 den
1283 1221 1410 1281 roprä-

307 1271 492 1331 sentativen
539 1272 709 1332 Gestalten
761 1271 817 1331 des
870 1272 1050 1332 modernen
1117 1271 1395 1331 österreichischen

304 1321 537 1381 Schrifttums
576 1319 641 1379 und
674 1321 733 1381 hat
761 1321 957 1381 gemeinsam
1006 1321 1071 1381 mit
1105 1320 1202 1380 Hugo
1235 1318 1294 1378 von
1328 1316 1414 1376 Hof¬

306 1369 518 1429 mannsthal
550 1369 613 1429 und
651 1371 825 1431 Hermann
868 1369 963 1429 Bahr
996 1369 1054 1429 der
1086 1369 1271 1429 modernen
1309 1366 1409 1426 Rich¬

308 1418 385 1478 tung
421 1420 446 1480 in
474 1420 534 1480 der
552 1420 832 1480 österreichischen
860 1420 1033 1480 Literatur
1061 1420 1121 1480 zum
1166 1415 1401 1475 Durchbruche

313 1468 500 1528 verholfen.
516 1466 530 1526 -

445 2325 1158 2385 OBSERVER

528 2378 554 2438 I.
567 2383 688 2443 österr.
702 2390 854 2450 behördl.
863 2399 1167 2459 konzessloniertes

485 2424 720 2484 Unternehmen
752 2431 796 2491 für
827 2440 1214 2500 Zeitungs-Ausschnitte

532 2484 685 2544 WIEN,
713 2493 759 2553 I.,
786 2501 1074 2561 WOLLZEILE
1123 2510 1162 2570 11

628 2544 846 2604 TELEPHON
878 2555 1054 2615 R-23-0-43

420 2675 646 2735 Ausschnitt
668 2685 764 2745 aus:

779 2747 939 2807 Kreren
960 2723 1161 2783 Veeklatt

677 2834 693 2894 2
731 2832 773 2892 ö.
802 2835 934 2895 OKT.

413 2898 528 2958 vom:

362 2973 474 3033 Artur
522 2975 718 3035 Schnätzler
756 2979 968 3039 gestorben.
1007 2979 1104 3039 Kurz
1151 2978 1218 3038 vor
1257 2977 1324 3037 sei¬

255 3021 319 3081 nem
371 3024 569 3084 siebzigsten
608 3025 864 3085 Geburtstage
897 3027 935 3087 ist
968 3028 1191 3088 vergangene
1224 3025 1313 3085 Wo¬

257 3069 310 3129 che
340 3071 399 3131 der
436 3071 577 3131 Dichter
614 3074 732 3134 Artur
762 3074 963 3134 Schnitzler
994 3076 1142 3136 plötzlich
1179 3077 1320 3137 gestor¬

260 3120 342 3180 ben.
376 3122 592 3182 Schnitzler,
615 3122 675 3182 der
715 3123 808 3183 Jude
847 3125 947 3185 war,
975 3125 1091 3185 wurde
1131 3125 1319 3185 seinerzeit

259 3170 374 3230 wegen
415 3170 525 3230 seiner
555 3173 843 3233 Bühnenstücke,
867 3173 924 3233 die
954 3174 1115 3234 teilwese
1145 3173 1312 3233 erotische

262 3218 459 3278 Probleme
494 3221 697 3281 behandeln
744 3224 830 3284 „sehr
866 3224 1120 3284 angefeindet.

1197 3225 1312 3285 Heute

258 3268 343 3328 wird
391 3268 449 3328 der
487 3269 635 3329 Dichter
678 3271 811 3331 anders
854 3273 1051 3333 beurteilt.
1083 3271 1322 3331 Interessant

258 3316 297 3376 ist
338 3318 406 3378 das
452 3319 667 3379 Testament
701 3322 764 3382 des
810 3322 1002 3382 Dichters,
1032 3322 1099 3382 das
1145 3322 1196 3382 die
1236 3326 1320 3386 AZ.

263 3367 569 3427 veröffentlichte:
605 3370 755 3430 „Wien,
785 3372 848 3432 29.
877 3373 987 3433 April
1023 3373 1132 3433 1912.
1162 3373 1317 3433 Bestim¬

262 3418 439 3478 mungen,
461 3418 514 3478 die
547 3418 590 3478 ich
628 3421 709 3481 nach
747 3421 881 3481 meinem
936 3421 1086 3481 Ableben
1130 3421 1161 3481 zu
1200 3421 1318 3481 erffül¬

262 3466 308 3526 len
349 3466 435 3526 bitte
482 3468 655 3528 Herzstich
702 3468 817 3528 Keine
847 3471 1014 3531 Kränze!
1037 3471 1153 3531 Keine
1177 3471 1321 3531 Parte!

263 3516 352 3576 Auch
395 3516 424 3576 in
467 3516 528 3576 der
564 3517 720 3577 Zeitung
769 3519 884 3579 nicht!
914 3520 1125 3580 Begräbnis
1192 3519 1312 3579 letzter

267 3564 385 3624 Klasse
420 3564 505 3624 „Das
545 3567 640 3627 durch
681 3568 890 3628 Befolgung
931 3570 1037 3630 dieser
1066 3570 1320 3630 Bestimmun¬

257 3617 318 3677 gen
364 3615 550 3675 erübrigte
591 3614 686 3674 Geld
732 3617 776 3677 ist
817 3618 1116 3678 Spitalszwecken

1205 3623 1325 3683 Zuzu=

261 3665 430 3725 wenden.
462 3663 575 3723 Keine
617 3666 766 3726 Neden!
797 3667 1045 3727 Vermeidung
1087 3669 1179 3729 allen
1226 3668 1318 3728 ritu¬

258 3712 344 3772 ellen
382 3713 610 3773 Beiwerkes.
637 3714 751 3774 Keine
784 3716 930 3776 Trauer
963 3716 1082 3776 tragen
1121 3716 1202 3776 nach
1235 3719 1321 3779 mei¬

262 3762 325 3822 nem
383 3764 498 3824 Tode,
534 3764 683 3824 absolut
719 3764 840 3824 keine.
869 3767 990 3827 Artur
1031 3767 1250 3827 Schnitzler“

1448 306 1575 366 box
1653 310 1834 370 43/9

1855 1185 1946 1245 28

2292 1224 2343 1284 11

1865 1447 2155 1507 Artur
2210 1454 2713 1514 Schnitzler

1801 1533 1859 1593 Ein
1891 1536 1949 1596 fast
1976 1536 2145 1596 70jähriger
2172 1536 2293 1596 Dichter
2325 1539 2372 1599 des
2405 1539 2552 1599 liberalen
2590 1542 2791 1602 Bürgertums
2828 1540 2875 1600 der

1731 1578 1963 1638 schwarz=gelben
1997 1580 2185 1640 Monarchie,
2208 1584 2342 1644 Artur
2375 1586 2624 1646 Schnitzler,
2646 1587 2721 1647 starb
2749 1587 2873 1647 plötzlich

1727 1623 1757 1683 an
1789 1621 1872 1681 einem
1909 1623 2137 1683 Schlaganfall.

2470 1677 2542 1737 Sein
2581 1675 2675 1735 Werk
2710 1677 2787 1737 wird
2832 1677 2875 1737 ihn

2428 1718 2496 1778 kaum
2547 1720 2753 1780 überdauern.
2785 1718 2881 1778 Seine

2424 1760 2604 1820 Frühwerke
2663 1763 2760 1823 zeigen
2824 1763 2877 1823 den

2418 1803 2500 1863 zwar
2522 1802 2655 1862 zahmen,
2673 1804 2742 1864 aber
2759 1805 2875 1865 dennoch

2420 1844 2625 1904 zeitkritischen
2673 1846 2873 1906 Widerspruch

2424 1890 2508 1950 gegen
2542 1886 2594 1946 das
2627 1886 2650 1946 k.
2674 1886 2707 1946 u.
2731 1886 2754 1946 k.
2778 1886 2877 1946 Büro-

2427 1928 2583 1988 kratentum
2618 1928 2661 1988 der
2679 1928 2873 1988 Donaumon-

2418 1970 2530 2030 archte,
2550 1972 2639 2032 gegen
2673 1969 2724 2029 das
2753 1969 2880 2029 morali¬

2421 2014 2547 2074 sierende
2576 2014 2774 2074 Philistertum
2817 2011 2873 2071 und

2417 2056 2460 2116 die
2498 2056 2685 2116 engstirnige
2719 2053 2877 2113 Heuchelei

2419 2097 2468 2157 des
2498 2098 2655 2158 offiziellen
2690 2098 2803 2158 Lebens
2833 2097 2877 2157 der

2420 2140 2493 2200 90er
2523 2140 2641 2200 Jahre.

2458 2184 2628 2244 Schnitzler,
2643 2181 2688 2241 der
2704 2181 2778 2241 Arzt
2799 2181 2879 2241 war,

2421 2223 2477 2283 und
2506 2223 2675 2283 zweifellos
2704 2222 2802 2282 hinter
2831 2223 2873 2283 die

2424 2265 2558 2325 Kulissen
2624 2265 2713 2325 jenes
2773 2265 2876 2325 gesell¬

2421 2307 2596 2367 schaftlichen
2630 2304 2762 2364 Systems
2792 2307 2869 2367 sehen

2419 2348 2542 2408 konnte,
2551 2348 2603 2408 das
2622 2347 2665 2407 ein
2688 2349 2873 2409 ungeheures

2419 2389 2513 2449 Elend
2559 2390 2617 2450 und
2657 2387 2707 2447 die
2747 2390 2877 2450 undenk¬

2423 2432 2514 2492 barste
2534 2431 2753 2491 Verknechtung
2773 2432 2874 2492 großer

2418 2471 2529 2531 Völker
2564 2474 2622 2534 mit
2656 2475 2704 2535 dem
2749 2476 2869 2536 falschen

2421 2516 2542 2576 Zauber
2604 2518 2687 2578 einer
2749 2517 2870 2577 Wiener

2419 2556 2566 2616 Operette
2629 2561 2660 2621 zu
2728 2558 2871 2618 verdecken

2420 2599 2521 2659 suchte,
2558 2599 2613 2659 hat
2656 2600 2701 2660 sich
2742 2602 2880 2662 gehütet,

2421 2638 2489 2698 über
2543 2641 2602 2701 das
2657 2641 2734 2701 Maß
2794 2644 2877 2704 einer

1720 2673 1921 2733 solonfähigen
1960 2674 2061 2734 Kritik
2095 2678 2354 2738 hinauszugehen.
2393 2682 2435 2742 In
2489 2683 2584 2743 seiner
2628 2683 2872 2743 Aerztetragödie

1721 2719 1884 2779 „Prosessor
1908 2719 2098 2779 Vernhardl“
2127 2721 2219 2781 wagte
2243 2722 2271 2782 er
2290 2722 2336 2782 sich
2360 2723 2438 2783 wohl
2462 2725 2494 2785 am
2532 2726 2676 2786 weitesten
2705 2728 2755 2788 mit
2779 2728 2867 2788 seiner

1720 2761 2020 2821 Gesellschaftskritik.
2036 2764 2079 2824 Im
2119 2764 2291 2824 „Leutnant
2311 2764 2414 2824 Gustl“
2444 2768 2498 2828 gab
2528 2767 2557 2827 er
2582 2770 2646 2830 eine
2676 2770 2719 2830 für
2750 2770 2793 2830 die
2819 2770 2867 2830 da¬

1720 2804 1824 2864 malige
1856 2806 1924 2866 Zeit
1961 2806 2119 2866 immerhin
2161 2809 2415 2869 beachtenswerte
2442 2809 2551 2869 Satire
2592 2811 2642 2871 des
2683 2811 2783 2871 später
2811 2811 2860 2871 von

1714 2848 1819 2908 Haczek
1847 2846 1869 2906 im
1906 2845 2043 2905 Schweik
2067 2850 2277 2910 konsequenter
2305 2850 2483 2910 verewigten
2516 2853 2579 2913 Typ
2607 2853 2658 2913 des
2686 2853 2868 2913 Untertanen

1720 2886 1739 2946 im
1773 2889 1998 2949 Offiziersrock.
2013 2893 2161 2953 „Reigen“
2186 2893 2238 2953 hat
2258 2894 2319 2954 noch
2344 2893 2386 2953 bis
2411 2895 2511 2955 zuletzt
2531 2895 2583 2955 das
2608 2895 2770 2955 Aergernis
2795 2897 2866 2957 aller

1729 2931 1887 2991 Puritaner
1911 2934 2006 2994 erregt
2030 2937 2083 2997 und
2107 2937 2212 2997 gehört
2237 2937 2313 2997 wohl
2332 2939 2360 2999 zu
2390 2937 2480 2997 seinen
2510 2940 2710 3000 bekanntesten
2740 2940 2873 3000 Stücken.

1792 2992 1853 3052 Aus
1883 2994 1930 3054 der
1960 2995 2064 3055 großen
2094 2997 2185 3057 Reihe
2214 2997 2266 3057 von
2296 2997 2473 3057 Schnitzlers
2497 2997 2617 3057 Werken
2651 3000 2708 3060 sind
2733 3000 2770 3060 am
2809 3000 2871 3060 ver¬

1718 3035 1893 3095 breitesten:
1919 3038 2090 3098 „Anatol",
2110 3038 2296 3098 „Liebelei",
2317 3041 2397 3101 „Der
2423 3041 2492 3101 Weg
2528 3041 2578 3101 ins
2604 3041 2709 3101 Freie"
2740 3041 2795 3101 und
2826 3044 2870 3104 die

1720 3077 1769 3137 von
1804 3078 1955 3138 Elisabeth
1990 3081 2128 3141 Bergner
2168 3081 2378 3141 verniedlichte
2419 3083 2580 3143 „Fräulein
2615 3085 2717 3145 Else“.

2749 3086 2868 3146 Immer

1712 3119 1819 3179 wieder
1852 3121 1909 3181 sind
1947 3122 1974 3182 es
2012 3125 2312 3185 Kaffeehaustypen,
2350 3125 2509 3185 Gelehrte,
2547 3127 2692 3187 mondäne
2739 3126 2874 3186 Frauen,

1717 3163 1878 3223 Offiziere,
1894 3166 1972 3226 kurz:
1997 3167 2060 3227 „die
2080 3167 2202 3227 besseren
2232 3167 2354 3227 Leute“.
2369 3168 2408 3228 Er
2433 3170 2525 3230 bleibt
2551 3170 2594 3230 bis
2614 3170 2717 3230 zuletzt
2737 3170 2746 3230 —
2786 3170 2869 3230 selbst

1712 3203 1758 3263 da,
1777 3206 1819 3266 wo
1843 3207 1870 3267 er
1894 3208 1926 3268 sie
1950 3207 2010 3267 mit
2034 3209 2146 3269 leichter
2170 3209 2370 3269 Selbstironie
2394 3212 2552 3272 bespöttelt
2576 3212 2585 3272 —
2632 3213 2655 3273 in
2684 3214 2744 3274 ihre
2768 3212 2870 3272 Atmo¬

1717 3248 1812 3308 sphäre
1841 3250 1980 3310 gebannt
2009 3251 2062 3311 und
2091 3253 2162 3313 weiß
2196 3253 2248 3313 aus
2282 3253 2330 3313 der
2359 3256 2512 3316 Isolation
2546 3256 2642 3316 seiner
2666 3256 2866 3316 Schreibstube

1712 3289 1777 3349 kaum
1815 3293 1909 3353 etwas
1938 3295 1988 3355 von
2017 3295 2069 3355 den
2097 3298 2313 3358 geschichtlichen
2341 3301 2524 3361 Vorgängen
2553 3301 2599 3361 der
2623 3301 2707 3361 Zeit,
2727 3301 2778 3361 vom
2816 3301 2872 3361 Zu¬

1715 3335 1930 3395 sammenbruch
1958 3338 2003 3398 der
2031 3340 2103 3400 alten
2136 3340 2232 3400 Welt.

1793 3394 1878 3454 Seine
1908 3397 1984 3457 letzte
2015 3400 2141 3460 Arbeit,
2161 3400 2206 3460 die
2237 3400 2302 3460 eben
2338 3401 2388 3461 bei
2409 3403 2454 3463 S.
2475 3403 2586 3463 Fischer
2616 3403 2767 3463 erscheint,
2793 3403 2868 3463 heißt

1715 3439 1834 3499 „Flucht
1853 3439 1877 3499 in
1901 3439 1944 3499 die
1963 3442 2168 3502 Finsternis“.
2183 3442 2283 3502 Dieser
2303 3442 2388 3502 Titel
2408 3444 2512 3504 könnte
2537 3445 2579 3505 als
2604 3445 2703 3505 Motto
2728 3445 2775 3505 für
2790 3444 2866 3504 Ent¬

1712 3480 1843 3540 wicklung
1880 3482 1934 3542 und
1966 3482 2052 3542 Ende
2080 3483 2175 3543 Artur
2203 3486 2380 3546 Schnitzlers
2413 3487 2530 3547 gelten,
2553 3486 2603 3546 der
2635 3486 2690 3546 aus
2722 3487 2862 3547 kritischen

1712 3525 1865 3585 Anfängen
1894 3525 1937 3585 sich
1966 3525 2013 3585 dem
2057 3525 2186 3585 Milieu,
2205 3526 2258 3586 das
2292 3528 2320 3588 er
2344 3530 2478 3590 angriff,
2498 3531 2646 3591 angleicht
2670 3530 2727 3590 und
2752 3531 2866 3591 schließ¬

1715 3569 1759 3629 lich
1789 3567 1877 3627 darin
1912 3567 2112 3627 untertaucht.
2142 3570 2186 3630 Er
2211 3570 2348 3630 flüchtete
2378 3573 2402 3633 in
2437 3575 2481 3635 die
2511 3576 2613 3636 müde,
2634 3576 2756 3636 haltlose
2791 3573 2869 3633 Resi¬

1702 3613 1832 3673 gnation
1863 3612 1943 3672 eines
1969 3615 2185 3675 schöngeistigen
2211 3615 2397 3675 Skeptikers.
