3344 4320
194 288 316 348 12.

1482 288 1609 348 box
1681 290 1871 350 42/9

385 291 967 351 Schnitzler's
1036 290 1265 350 Death

1052 767 1761 827 OBSERVER

1135 819 1160 879 I.
1173 816 1294 876 österr.
1307 820 1453 880 behördl.
1466 825 1764 885 konzessioniertes

1084 858 1318 918 Unternehmen
1350 861 1398 921 für
1421 864 1806 924 Zeitungs-Ausschnitte

1144 918 1291 978 WIEN,
1319 922 1366 982 I.,
1394 927 1677 987 WOLLZEILE
1725 929 1772 989 11

1242 975 1456 1035 TELEPHON
1488 978 1665 1038 R-23-0-43

1041 1112 1256 1172 Ausschnitt
1279 1113 1370 1173 aus:

1242 1176 1352 1236 Neues
1378 1164 1506 1224 Wiener
1524 1146 1718 1206 Ertrablatt

1039 1336 1144 1396 vom:

1246 1425 1296 1485 23
1347 1425 1473 1485 OKT.
1491 1428 1591 1488 1931

1091 1509 1162 1569 Der
1187 1514 1330 1574 Dichter
1363 1515 1418 1575 des
1451 1522 1554 1582 süßen
1595 1524 1746 1584 Mädels

1028 1563 1158 1623 Arthur
1196 1569 1379 1629 Schnitzler
1418 1572 1455 1632 ist
1488 1578 1635 1638 gestern,
1662 1580 1765 1640 knapp
1809 1581 1846 1641 an

986 1610 1041 1670 der
1069 1613 1228 1673 Schwelle
1257 1616 1311 1676 zum
1350 1618 1405 1678 70.
1428 1624 1653 1684 Lebensjahr,
1676 1627 1764 1687 durch
1798 1630 1847 1690 die

982 1658 1104 1718 Pforte
1142 1661 1194 1721 des
1232 1664 1342 1724 Todes
1381 1670 1592 1730 geschritten.
1625 1675 1730 1735 Durch
1763 1678 1852 1738 seine

981 1709 1177 1769 zahlreichen
1221 1712 1335 1772 Werke
1379 1720 1640 1780 (Bühnenstücke
1684 1725 1744 1785 und
1783 1726 1853 1786 No¬

983 1755 1106 1815 vellen)
1139 1760 1214 1820 geht
1247 1761 1290 1821 ein
1334 1766 1403 1826 Zug
1442 1768 1495 1828 der
1528 1772 1684 1832 Trauer,
1712 1776 1846 1836 hervor¬

986 1808 1112 1868 gerufen
1150 1808 1239 1868 durch
1272 1811 1334 1871 das
1367 1816 1567 1876 Unbehagen
1605 1820 1737 1880 unserer
1769 1824 1853 1884 Kul¬

983 1852 1036 1912 tur
1075 1854 1139 1914 und
1177 1858 1268 1918 durch
1312 1860 1360 1920 die
1399 1869 1680 1929 Unmöglichkeit,
1713 1873 1842 1933 Freude

982 1903 1013 1963 an
1056 1904 1141 1964 einem
1189 1907 1290 1967 Leben
1328 1911 1359 1971 zu
1396 1913 1523 1973 haben,
1545 1917 1630 1977 das,
1657 1921 1704 1981 als
1742 1920 1779 1980 ob
1811 1920 1842 1980 es

983 1952 1027 2012 ein
1063 1955 1218 2015 schweres
1254 1958 1456 2018 Verbrechen
1496 1966 1607 2026 wäre,
1632 1970 1848 2030 ausnahms¬

980 2000 1031 2060 los
1063 2002 1129 2062 mit
1156 2003 1208 2063 dem
1255 2007 1347 2067 Tode
1379 2011 1519 2071 bestraft
1545 2016 1649 2076 wird.
1675 2018 1778 2078 Schon
1815 2019 1840 2079 in

977 2049 1096 2109 jungen
1140 2052 1270 2112 Jahren
1314 2057 1438 2117 begann
1482 2060 1617 2120 Arthur
1650 2065 1850 2125 Schnitzler,

973 2095 1028 2155 von
1062 2100 1173 2160 Beruf
1196 2103 1296 2163 Arzt,
1313 2104 1379 2164 mit
1402 2108 1630 2168 Dichtungen,
1653 2113 1702 2173 die
1731 2114 1841 2174 gleich¬

975 2145 1026 2205 sam
1088 2147 1140 2207 als
1192 2149 1264 2209 eine
1306 2152 1429 2212 Essenz
1476 2156 1538 2216 aus
1590 2159 1647 2219 dem
1704 2161 1838 2221 Wiener

971 2190 1084 2250 Wesen
1133 2197 1314 2257 gewonnen
1369 2202 1506 2262 waren.
1555 2208 1726 2268 „Anatol"
1771 2210 1834 2270 und

972 2240 1157 2300 „Liebelei“
1195 2243 1258 2303 sind
1296 2245 1348 2305 die
1375 2249 1577 2309 pikantesten
1614 2253 1741 2313 Blüten
1779 2255 1847 2315 die¬

975 2287 1021 2347 ses
1052 2288 1232 2348 Schaffens
1264 2291 1435 2351 gewesen,
1461 2297 1512 2357 für
1544 2297 1595 2357 die
1626 2303 1832 2363 Generation

974 2333 1030 2393 des
1082 2336 1133 2396 19.
1165 2339 1428 2399 Jahrhunderts
1480 2345 1733 2405 unentbehrlich
1775 2351 1836 2411 und

973 2383 1032 2443 von
1070 2384 1172 2444 dieser
1205 2384 1275 2444 sehr
1303 2390 1449 2450 geliebt.
1471 2394 1600 2454 Arthur
1633 2397 1833 2457 Schnitzlers

977 2432 1198 2492 Melancholie
1231 2436 1441 2496 entstammte
1480 2439 1587 2499 seiner
1620 2442 1766 2502 Einsicht
1799 2444 1825 2504 in

971 2479 1020 2539 die
1065 2484 1303 2544 mutmaßliche
1354 2489 1614 2549 Zwecklosigkeit
1659 2490 1715 2550 des
1765 2493 1842 2553 Da¬

971 2530 1078 2590 seins.
1100 2530 1146 2590 Er
1178 2532 1286 2592 wußte
1317 2535 1420 2595 nicht,
1442 2538 1535 2598 wozu
1571 2539 1602 2599 es
1633 2540 1747 2600 wäre,
1768 2543 1830 2603 und

965 2578 1090 2638 gerade
1139 2578 1220 2638 diese
1258 2583 1356 2643 Seite
1405 2584 1513 2644 seines
1552 2590 1833 2650 Agnostizismus

968 2626 1086 2686 machte
1128 2629 1179 2689 den
1221 2632 1423 2692 besonderen
1470 2632 1569 2692 Wert
1600 2638 1708 2698 seiner
1745 2640 1838 2700 Dich¬

965 2676 1086 2736 tungen
1129 2679 1212 2739 aus,
1245 2680 1313 2740 die,
1346 2681 1398 2741 oft
1435 2682 1498 2742 ans
1541 2684 1710 2744 Erotische
1742 2688 1837 2748 strei¬

964 2723 1055 2783 fend,
1083 2727 1115 2787 zu
1159 2727 1245 2787 einem
1300 2731 1472 2791 „Reigen“
1505 2735 1840 2795 zusammengefaßt,

969 2771 1061 2831 sogar
1094 2775 1120 2835 zu
1159 2775 1245 2835 einer
1273 2778 1375 2838 Reihe
1409 2780 1467 2840 von
1501 2783 1825 2843 Theaterskandalen

968 2821 1114 2881 führten.
1143 2825 1216 2885 Das
1256 2826 1352 2886 „süße
1392 2828 1550 2888 Mädel",
1579 2823 1652 2883 ine
1687 2834 1833 2894 Erschei¬

956 2867 1051 2927 nung
1104 2872 1162 2932 des
1210 2873 1267 2933 19.
1300 2876 1590 2936 Jahrhunderts,
1633 2879 1706 2939 war
1744 2884 1827 2944 seine

955 2921 1145 2981 ureigenste
1178 2921 1357 2981 Kreation.
1384 2927 1458 2987 Ihm
1507 2928 1638 2988 brachte
1671 2929 1739 2989 noch
1777 2932 1829 2992 der

957 2969 1113 3029 alternde
1158 2969 1292 3029 Dichter
1331 2974 1422 3034 seine
1466 2975 1628 3035 köstlichen
1678 2980 1834 3040 Wortge¬

959 3017 1078 3077 schenke
1117 3020 1192 3080 dar,
1220 3020 1274 3080 die
1307 3021 1399 3081 einer
1432 3026 1567 3086 inneren
1612 3026 1720 3086 Musik
1753 3029 1834 3089 nicht

957 3064 1173 3124 entbehrten.
1206 3067 1254 3127 In
1298 3068 1406 3128 seinen
1456 3076 1742 3136 Theaterstücken,
1775 3079 1823 3139 die

959 3114 1043 3174 nicht
1070 3116 1165 3176 selten
1203 3115 1361 3175 poetische
1394 3122 1632 3182 Schöpfungen
1675 3126 1733 3186 von
1770 3126 1828 3186 an¬

956 3163 1134 3223 sehnlichem
1190 3165 1292 3225 Rang
1336 3169 1428 3229 sind,
1462 3172 1657 3232 offenbarte
1695 3173 1830 3233 Arthur

951 3213 1133 3273 Schnitzler
1170 3211 1227 3271 den
1274 3215 1410 3275 Zauber
1463 3218 1572 3278 seiner
1609 3221 1817 3281 kultivierten

954 3258 1033 3318 Art.
1086 3261 1155 3321 Sie
1193 3263 1257 3323 sind
1300 3263 1331 3323 in
1374 3267 1533 3327 gewissem
1587 3269 1703 3329 Sinne
1741 3272 1831 3332 nicht

948 3308 1041 3368 real,
1077 3310 1217 3370 sondern
1259 3312 1466 3372 schwimmen
1518 3314 1543 3374 in
1585 3318 1823 3378 verworrener

956 3360 1183 3420 Metaphysik,
1205 3359 1258 3419 die
1286 3362 1339 3422 oft
1367 3362 1464 3422 mehr
1492 3366 1670 3426 andeutet,
1698 3370 1746 3430 als
1784 3369 1821 3429 sie

958 3408 979 3468 in
1020 3409 1195 3469 Wahrheit
1224 3410 1252 3470 zu
1292 3413 1382 3473 sagen
1417 3414 1490 3474 hat.
1514 3414 1592 3474 Wer
1616 3418 1819 3478 Schnitzlers

951 3458 1255 3518 Weltanschauung
1292 3460 1395 3520 näher
1431 3459 1550 3519 kennen
1587 3464 1700 3524 lernen
1742 3467 1829 3527 will,

947 3505 1022 3565 muß
1050 3507 1142 3567 einen
1176 3506 1262 3566 Blick
1285 3511 1311 3571 in
1345 3510 1405 3570 sein
1438 3510 1595 3570 Büchlein
1629 3515 1704 3575 tun,
1721 3517 1813 3577 darin

951 3557 982 3617 er
1009 3557 1098 3617 einen
1131 3557 1209 3617 Teil
1231 3557 1336 3617 seiner
1363 3560 1665 3620 Lebensweisheit
1692 3564 1718 3624 in
1750 3564 1807 3624 fein

947 3606 1173 3666 geschliffenen
1211 3609 1442 3669 Aphorismen
1485 3613 1716 3673 niedergelegt
1749 3614 1822 3674 hat.

950 3653 1029 3713 Sein
1066 3656 1172 3716 Name
1199 3657 1235 3717 ist
1262 3657 1326 3717 aus
1358 3656 1410 3716 der
1438 3658 1617 3718 Geschichte
1650 3662 1702 3722 der
1729 3659 1819 3719 Wie¬

949 3697 1000 3757 ner
1031 3702 1201 3762 Literatur
1233 3705 1320 3765 nicht
1347 3706 1610 3766 auszulöschen.
1631 3710 1812 3770 Schnitzler

948 3749 1016 3809 galt
1044 3751 1144 3811 lange
1171 3752 1250 3812 Zeit
1272 3754 1325 3814 als
1358 3757 1602 3817 beglaubigter
1629 3759 1820 3819 Repräsen¬

942 3793 1022 3853 tant
1052 3796 1143 3856 jenes
1184 3801 1431 3861 überfeinerten
1472 3807 1588 3867 Wien,
1619 3808 1679 3868 das
1720 3808 1815 3868 heute

947 3841 1032 3901 nicht
1060 3844 1146 3904 mehr
1174 3845 1330 3905 existiert.
1353 3850 1396 3910 Er
1429 3854 1498 3914 war
1526 3854 1574 3914 ein
1608 3855 1812 3915 Psychologe

946 3891 1234 3951 entschwundener
1255 3898 1579 3958 Seelenvorgänge.
1611 3903 1682 3963 Das
1709 3905 1816 3965 Wien,

942 3936 1002 3996 das
1041 3938 1090 3998 sich
1125 3940 1152 4000 in
1191 3941 1291 4001 seinen
1330 3948 1535 4008 Dichtungen
1575 3951 1752 4011 spiegelte,
1774 3954 1813 4014 ist

942 3986 1031 4046 nicht
1058 3989 1148 4049 mehr
1180 3988 1233 4048 da.
1260 3991 1307 4051 Es
1339 3995 1434 4055 hatte
1467 3997 1562 4057 aber,
1583 3999 1667 4059 ohne
1700 3999 1810 4059 Zwei¬

950 4033 1003 4093 fel,
1026 4038 1106 4098 seine
1134 4038 1231 4098 hohen
1264 4041 1388 4101 Reize!
1411 4044 1481 4104 Mit
1503 4045 1557 4105 ihm
1601 4048 1801 4108 entschwand

941 4080 1005 4140 nun
1038 4082 1108 4142 auch
1142 4085 1201 4145 sein
1234 4088 1441 4148 beliebtester
1463 4094 1625 4154 Sänger!

1684 4096 1723 4156 h.
1737 4094 1769 4154 l.
