3344 4256
452 115 562 175 WIEN

699 127 979 187 WOLLZEILE
1023 133 1066 193 11

542 170 754 230 TELEPHON
789 177 966 237 R-23-0-43

612 306 656 366 Ne
675 306 710 366 DE
739 303 1038 363 DEBIT66S

856 381 1187 441 MONDE

396 410 537 470 Extrait
556 415 587 475 de

782 440 833 500 SO.
854 440 905 500 RUL
932 447 1221 507 FTIENNE-MARCEL.

396 509 571 569 Adresse:

785 584 1100 644 k

398 606 515 666 Date:

400 706 561 766 Signature

391 801 628 861 Eaponition:.

191 1190 245 1250 Un
288 1192 418 1252 grand
468 1192 653 1252 écrivain
696 1197 929 1257 autrichien
979 1199 1034 1259 est
1076 1201 1185 1261 mort

254 1437 775 1497 ARTHUR

925 1449 1793 1509 SCHNITZLER

222 1583 266 1643 On
306 1585 409 1645 vient
459 1589 675 1649 d'inhumer
730 1591 813 1651 avec
848 1592 877 1652 la
937 1592 1015 1652 plus

1074 1595 1241 1655 exeriple
1276 1597 1383 1657 d'une
1438 1598 1560 1658 réalité
1595 1602 1791 1662 apparente
1851 1604 1919 1664 qui

175 1628 308 1688 grande
366 1631 586 1691 simplicité,
615 1634 706 1694 dans
740 1634 773 1694 le
826 1637 1012 1697 cimetière

1076 1637 1266 1697 n'existait
1285 1641 1353 1701 que
1381 1641 1443 1701 par
1467 1643 1535 1703 une
1563 1643 1653 1703 sorte
1685 1646 1721 1706 de
1749 1648 1921 1708 miracle.

175 1672 244 1732 juit
274 1670 312 1730 de
352 1672 514 1732 Vienne,
539 1676 573 1736 la
628 1679 814 1739 dépouille
849 1681 1011 1741 mortelle

1074 1681 1114 1741 La
1155 1682 1364 1742 monarchie
1401 1685 1536 1745 féodale
1591 1687 1636 1747 ne
1691 1691 1913 1751 maintenait

171 1714 353 1774 d'Arthur
379 1717 600 1777 Schnitzler,
621 1720 650 1780 le
676 1723 759 1783 plus
784 1723 917 1783 grand,
937 1723 1016 1783 avec

1072 1724 1155 1784 plus
1184 1726 1556 1786 qu'artificiellement
1585 1729 1608 1789 le
1636 1731 1696 1791 lien
1734 1732 1799 1792 qui
1818 1732 1920 1792 unis-

170 1756 275 1816 Hugo
309 1757 372 1817 von
410 1762 718 1822 Hofmannsthal,
743 1765 804 1825 des
834 1768 1016 1828 écrivains

1067 1763 1134 1823 sait
1164 1765 1212 1825 les
1246 1768 1458 1828 différentes
1492 1771 1627 1831 parties
1657 1772 1700 1832 de
1734 1777 1907 1837 l'Empire

169 1801 398 1861 autrichiens
438 1804 482 1864 du
544 1807 866 1867 commencement
897 1810 936 1870 de
977 1810 1011 1870 ce

1067 1808 1412 1868 austro-hongrois.
1437 1813 1531 1873 Tout
1555 1816 1583 1876 le
1617 1816 1749 1876 monde
1782 1822 1919 1882 sentait

180 1843 303 1903 siècle.
338 1846 530 1906 Quelques
565 1849 688 1909 pièces
728 1852 767 1912 de
807 1852 1013 1912 Schnitzler

1076 1853 1138 1913 que
1167 1852 1224 1912 cet
1249 1854 1392 1914 Empire
1421 1857 1507 1917 était
1531 1858 1756 1918 condamné,
1781 1861 1814 1921 et
1838 1863 1905 1923 l'on

171 1888 233 1948 ont
263 1888 320 1948 été
355 1891 480 1951 jouées
514 1891 528 1951 à
567 1893 692 1953 Paris.
722 1896 1016 1956 Quelques-unes

1076 1893 1183 1953 vivait
1212 1896 1295 1956 avec
1333 1898 1361 1958 la
1394 1899 1571 1959 certitude
1609 1902 1693 1962 d'un
1731 1905 1904 1965 prochain

171 1929 211 1989 de
239 1929 293 1989 ses
321 1934 511 1994 nouvelles
539 1935 602 1995 ont
621 1938 707 1998 paru
739 1938 775 1998 en
808 1938 1007 1998 traduction

1070 1936 1337 1996 écroulement.
1366 1941 1441 2001 Une
1474 1942 1553 2002 ville
1586 1946 1826 2006 prestigieuse
1859 1950 1915 2010 est

174 1974 349 2034 française
386 1977 450 2037 (1).
471 1978 516 2038 La
547 1980 627 2040 plus
658 1983 798 2043 grande
830 1983 940 2043 partie
971 1983 1010 2043 de

1071 1979 1164 2039 bâtie
1202 1980 1267 2040 sur
1305 1983 1365 2043 des
1403 1986 1524 2046 sables
1562 1990 1781 2050 mouvants.
1833 1991 1907 2051 Elle

176 2019 230 2079 son
257 2019 384 2079 œuvre
407 2021 502 2081 reste
530 2025 738 2085 cependant
757 2025 938 2085 inconnue
966 2028 1006 2088 du

1069 2020 1153 2080 offre
1182 2022 1304 2082 toutes
1333 2024 1384 2084 les
1413 2028 1686 2088 consolations,
1710 2031 1828 2091 toutes
1861 2033 1912 2093 les

174 2061 292 2121 public
322 2065 504 2125 français,
529 2067 603 2127 bien
638 2067 770 2127 qu'elle
800 2070 908 2130 rende
938 2068 1016 2128 par¬

1067 2067 1270 2127 possibilité
1310 2070 1518 2130 d'évasion,
1553 2073 1630 2133 tous
1669 2076 1723 2136 les
1757 2076 1912 2136 moyens

171 2105 367 2165 faitement
415 2107 511 2167 toute
564 2112 827 2172 l'atmosphère
885 2111 923 2171 de
981 2114 1009 2174 la

1067 2102 1104 2162 de
1137 2106 1254 2166 croire
1288 2110 1353 2170 que
1391 2111 1414 2171 la
1457 2111 1508 2171 vie
1542 2114 1635 2174 n'est
1664 2117 1771 2177 qu'un
1809 2118 1912 2178 rêve,

177 2147 311 2207 Vienne
335 2151 637 2211 d'avant-guerre
667 2156 705 2216 et
725 2156 859 2216 qu'elle
888 2156 959 2216 soit
984 2156 1007 2216 le

1069 2151 1133 2211 que
1168 2153 1192 2213 la
1228 2154 1316 2214 dure
1346 2156 1470 2216 réalité
1500 2157 1534 2217 et
1559 2162 1752 2222 l'irréalité
1783 2162 1915 2222 conso¬

173 2192 404 2252 témoignage
434 2197 552 2257 direct
573 2197 606 2257 et
632 2195 715 2255 vrai
735 2199 843 2259 d'une
873 2201 1011 2261 époque

1070 2195 1158 2255 lante
1213 2198 1257 2258 ne
1292 2199 1371 2259 font
1420 2201 1558 2261 qu'un.
1588 2201 1626 2261 Le
1687 2207 1903 2267 philosophe

171 2234 454 2294 enchanteresse
488 2240 559 2300 que
594 2240 805 2300 Hollywood
844 2243 1011 2303 s'efforce

1066 2239 1178 2299 Ernst
1211 2240 1337 2300 Mach,
1371 2243 1408 2303 si
1442 2246 1774 2306 vigoureusement
1808 2249 1910 2309 com¬

176 2280 418 2340 aujourd'hui
454 2282 493 2342 de
538 2284 756 2344 ressusciter
796 2284 1018 2344 artificielle¬

1066 2281 1159 2341 battu
1194 2281 1258 2341 par
1283 2284 1489 2344 Plekhanov
1524 2285 1558 2345 et
1578 2289 1642 2349 par
1667 2290 1824 2350 Lénine,
1844 2293 1908 2353 en¬

171 2317 293 2377 ment.

1055 2320 1217 2380 seignait
1241 2323 1310 2383 que
1343 2326 1393 2386 les
1422 2327 1551 2387 choses
1579 2327 1621 2387 ne
1649 2331 1741 2391 sont
1760 2332 1829 2392 que
1858 2334 1908 2394 les

1058 2365 1277 2425 auxiliaires
1307 2365 1346 2425 de
1377 2368 1501 2428 l'idée,
1547 2371 1581 2431 et
1606 2372 1670 2432 que
1726 2374 1755 2434 la
1786 2377 1909 2437 réalité

210 2366 250 2426 Le
306 2368 411 2428 poète
442 2368 548 2428 Hugo
604 2370 665 2430 von
706 2374 1014 2434 lofmannsthal,

1061 2406 1152 2466 n'est
1187 2407 1249 2467 pas
1289 2410 1380 2470 dans
1439 2413 1467 2473 la
1512 2413 1661 2473 matière
1720 2418 1912 2478 palpable,

165 2407 254 2467 dans
306 2410 366 2470 son
409 2411 423 2471 «
456 2413 634 2473 Prologue
673 2416 686 2476 »
719 2416 761 2476 au
818 2416 907 2476 livre
964 2419 1005 2479 de

1067 2449 1153 2509 mais
1190 2452 1281 2512 dans
1318 2455 1368 2515 les
1405 2455 1634 2515 sensations,
1666 2459 1716 2519 les
1753 2461 1912 2521 impres¬

166 2453 392 2513 Schnitzler,
423 2455 438 2515 «
479 2455 615 2515 Anatol
651 2458 681 2518 »,
717 2461 929 2521 définissait
954 2461 1004 2521 les

1061 2492 1156 2552 sions
1192 2493 1324 2553 qu'elle
1360 2496 1455 2556 nous
1487 2499 1628 2559 donne.
1659 2502 1745 2562 Puis
1781 2502 1897 2562 Freud

166 2496 367 2556 tendances
392 2497 431 2557 de
461 2499 588 2559 l'école
619 2502 805 2562 viennoise
840 2505 903 2565 qui
929 2504 1006 2564 s'af¬

1058 2535 1178 2595 arrive
1217 2535 1254 2595 et
1283 2538 1461 2598 découvre
1500 2540 1533 2600 en
1577 2543 1639 2603 nos
1673 2544 1773 2604 actes
1808 2547 1908 2607 d'au¬

168 2539 305 2599 Armait
330 2540 420 2600 dans
451 2542 474 2602 la
505 2544 673 2604 dernière
704 2547 835 2607 décade
866 2547 908 2607 du
938 2548 986 2608 siè

1064 2577 1256 2637 jourd'hui
1287 2580 1317 2640 la
1358 2582 1611 2642 répercussion
1657 2587 1697 2647 de
1738 2589 1905 2649 troubles

169 2583 218 2643 cle
253 2583 406 2643 dernier

1063 2621 1097 2681 et
1122 2622 1298 2682 lointains
1333 2627 1618 2687 refoulements.
1643 2631 1741 2691 Tout
1766 2631 1804 2691 ce
1839 2634 1907 2694 qui

168 2655 268 2715 Ainsi,
290 2655 365 2715 nous
391 2655 495 2715 ferons
525 2661 558 2721 du
589 2661 722 2721 théâtre.

1060 2661 1172 2721 existe
1210 2666 1270 2726 est
1303 2667 1367 2727 mis
1401 2668 1442 2728 en
1484 2669 1610 2729 doute.
1638 2672 1684 2732 On
1727 2672 1898 2732 renverse

163 2687 239 2747 nous
270 2690 413 2750 jouerons
443 2689 498 2749 nos
531 2690 653 2750 propres
690 2693 811 2753 drames

1062 2705 1110 2765 les
1149 2706 1312 2766 valeurs.
1351 2711 1394 2771 On
1438 2711 1481 2771 ne
1520 2711 1611 2771 croit
1645 2714 1727 2774 plus
1766 2717 1900 2777 qu'aux

163 2720 372 2780 précocement
396 2723 514 2783 mûris,
538 2726 569 2786 el
593 2728 731 2788 tendres,
755 2729 783 2789 et
807 2730 925 2790 tristes,

1056 2750 1242 2810 nuances,
1266 2753 1331 2813 aux
1360 2753 1490 2813 choses
1519 2758 1672 2818 secrètes
1701 2759 1771 2819 qui
1795 2762 1906 2822 chan-

165 2756 185 2816 la
217 2756 347 2816 comédie
379 2756 410 2816 de
434 2756 521 2816 notre
549 2760 632 2820 Ame,

162 2786 247 2846 l'hier
278 2789 307 2849 et
329 2792 552 2852 l'aujourd'hui
574 2793 608 2853 de
634 2795 719 2855 notre
745 2795 856 2855 sentir,

1061 2795 1138 2855 tent
1166 2797 1201 2857 et
1225 2798 1438 2858 agonisent,
1466 2801 1502 2861 au
1538 2801 1706 2861 mélange
1739 2802 1784 2862 du
1821 2804 1897 2864 rêve

165 2823 244 2883 jolies
271 2822 415 2882 formules
446 2825 480 2885 de
507 2825 613 2885 choses
644 2828 829 2888 mauvaises,

1058 2834 1092 2894 et
1118 2837 1161 2897 de
1197 2839 1226 2899 la
1261 2840 1408 2900 réalité.
1434 2842 1532 2902 Cette
1567 2844 1799 2904 atmosphère
1834 2846 1902 2906 qui

164 2855 281 2915 paroles
312 2858 414 2918 jolies,
441 2859 562 2919 images
589 2861 623 2921 de
658 2862 752 2922 toutes
787 2864 828 2924 les
859 2866 1014 2926 couleurs,

1058 2876 1201 2936 traduit
1231 2881 1259 2941 la
1298 2881 1341 2941 fln
1384 2884 1490 2944 d'une
1533 2884 1672 2944 culture
1711 2887 1898 2947 imprègne

164 2889 267 2949 choses
298 2890 427 2950 sccrètes
462 2891 474 2951 à
516 2896 596 2956 demi
627 2896 757 2956 senties.

166 2923 309 2983 agonies,
326 2924 507 2984 épisodes...

1063 2922 1104 2982 les
1133 2922 1277 2982 œuvres
1310 2924 1347 2984 de
1376 2925 1478 2985 Peter
1507 2928 1721 2988 Altenberg,
1745 2930 1787 2990 de
1815 2932 1903 2992 Hler¬

1062 2962 1167 3022 mann
1230 2967 1345 3027 Bahr,
1398 2968 1441 3028 de
1499 2971 1806 3031 Hofmannsthal,
1859 2975 1897 3035 de

158 3010 199 3070 et
225 3010 432 3070 Schnitzler
468 3013 659 3073 lui-même
696 3016 876 3076 précisait
908 3021 923 3081 :

1058 3012 1282 3072 Schnitzler,
1330 3012 1512 3072 écrivains
1550 3016 1746 3076 bourgeois
1803 3017 1905 3077 raffi-

1053 3048 1139 3108 nés.
1176 3050 1248 3110 Elle
1289 3054 1439 3114 marque
1476 3055 1580 3115 aussi
1612 3056 1762 3116 l'œuvre
1804 3057 1903 3117 d'Al-

161 3071 200 3131 Le
228 3069 294 3129 rêve
322 3069 349 3129 et
373 3069 396 3129 la
428 3071 510 3131 veille
538 3072 565 3132 se
589 3075 776 3135 confondent

1058 3089 1135 3149 fons
1164 3093 1333 3153 Petzold,
1357 3097 1381 3157 le
1415 3096 1608 3156 prolétaire
1637 3099 1704 3159 qui
1724 3102 1897 3162 appliqua

159 3105 249 3165 vérité
281 3105 312 3165 et
344 3106 528 3166 mensonge.
556 3110 591 3170 La
627 3111 775 3171 certitude
811 3111 889 3171 n'est
917 3114 1003 3174 nulle

1058 3135 1067 3195 à
1104 3135 1235 3195 l'étude
1272 3136 1331 3196 des
1363 3138 1517 3198 misères
1550 3141 1590 3201 de
1627 3143 1654 3203 la
1686 3144 1800 3204 classe
1837 3143 1900 3203 ou-

914 3147 1010 3207 (part.

162 3171 245 3231 Nous
270 3171 306 3231 ne
330 3173 439 3233 savons
467 3176 523 3236 rien
556 3177 604 3237 des
629 3180 749 3240 autres,
769 3180 830 3240 rien
858 3180 890 3240 de
919 3179 1006 3239 nous¬

1055 3174 1169 3234 vrière
1224 3180 1274 3240 les
1306 3180 1497 3240 méthodes
1548 3185 1735 3245 d'analyse
1772 3185 1808 3245 et
1854 3185 1895 3245 de

885 3213 1009 3273 (mème.

1055 3222 1247 3282 dissection
1289 3225 1375 3285 avec
1431 3228 1627 3288 lesquelles
1687 3231 1897 3291 Schnitzler

161 3240 236 3300 Tout
267 3239 347 3299 n'est
383 3243 471 3303 qu'un
512 3246 577 3306 jeu,
605 3247 689 3307 celui
720 3246 773 3306 qui
805 3244 831 3304 le
867 3246 928 3306 sait
960 3246 1004 3306 est

1060 3265 1214 3325 étudiait
1261 3268 1311 3328 les
1364 3269 1625 3329 psychologies
1677 3275 1901 3335 aristocrati-

835 3281 880 3341 (un
919 3281 1006 3341 sage.

1058 3305 1142 3365 ques
1178 3307 1226 3367 les
1267 3308 1347 3368 plus
1379 3311 1587 3371 nuancées.

202 3350 244 3410 On
283 3353 446 3413 retrouve
475 3356 527 3416 ici
547 3357 723 3417 certaines
753 3359 814 3419 des
844 3362 1001 3422 caracté¬

1095 3368 1263 3428 L'œuvre
1297 3371 1334 3431 de
1367 3374 1573 3434 Schitzler
1602 3377 1700 3437 n'est
1729 3378 1789 3438 pas
1823 3379 1902 3439 uni-

164 3395 332 3455 ristiques
363 3397 407 3457 du
447 3401 690 3461 mouvement
717 3404 933 3464 symboliste
969 3407 1004 3467 et

1058 3409 1230 3469 quement
1263 3413 1345 3473 faite
1382 3413 1422 3473 de
1459 3416 1655 3476 jongleries
1692 3419 1897 3479 sentimen-

156 3437 338 3497 décadent
366 3441 548 3501 français.
572 3445 665 3505 Mais
698 3445 819 3505 tandis
848 3448 917 3508 que
950 3447 996 3507 les

1052 3448 1138 3508 tales
1177 3450 1211 3510 et
1245 3451 1283 3511 de
1342 3457 1602 3517 raffinements
1661 3460 1901 3520 psychologi-

159 3481 458 3541 déliquescences
491 3487 531 3547 de
568 3487 632 3547 nos
664 3487 787 3547 poètes
824 3492 1001 3552 n'étaient

1057 3493 1165 3553 ques.
1184 3496 1225 3556 Sa
1257 3499 1420 3559 comédie
1448 3500 1461 3560 «
1490 3502 1712 3562 Lieutenant
1735 3504 1844 3564 Gustl
1868 3506 1899 3566 ».

162 3526 185 3586 le
213 3526 292 3586 plus
321 3527 480 3587 souvent
504 3530 725 3590 qu'attitude
753 3532 926 3592 littéraire
955 3534 992 3594 ou

1054 3538 1259 3598 fortement
1292 3542 1600 3602 antimilitariste,
1633 3544 1684 3604 lui
1723 3546 1839 3606 valut,
1872 3547 1895 3607 il

157 3568 425 3628 manifestation
463 3574 547 3634 d’un
580 3574 753 3634 désarroi
783 3577 1003 3637 individuel.

1055 3583 1068 3643 y
1104 3583 1116 3643 a
1152 3583 1262 3643 trente
1294 3586 1377 3646 ans,
1404 3588 1435 3648 la
1466 3589 1572 3649 haine
1603 3590 1643 3650 de
1679 3590 1705 3650 la
1740 3589 1899 3649 bureau-

162 3613 171 3673 à
210 3613 363 3673 Vienne,
392 3616 435 3676 au
474 3619 675 3679 contraire,
705 3619 786 3679 tout
815 3622 916 3682 l'état
945 3621 1002 3681 so¬

1058 3622 1163 3682 cratie
1195 3625 1385 3685 impériale
1416 3628 1452 3688 et
1483 3628 1620 3688 royale.
1647 3629 1708 3689 Ses
1740 3631 1899 3691 premiè-

156 3656 231 3716 cial
259 3657 291 3717 et
325 3657 376 3717 les
409 3660 581 3720 courants
638 3663 853 3723 dominants
891 3663 928 3723 de
966 3665 993 3725 la

1056 3667 1108 3727 res
1140 3667 1302 3727 ouvres,
1327 3672 1493 3732 drames,
1517 3674 1699 3734 comédies
1732 3673 1772 3733 ou
1809 3675 1897 3735 nou-

157 3699 287 3759 pensée
321 3702 582 3762 conduisaient
611 3705 638 3765 le
676 3706 774 3766 poète
808 3705 821 3765 à
859 3708 985 3768 recher

1053 3705 1182 3765 velles,
1208 3711 1445 3771 contenaient
1471 3714 1540 3774 une
1575 3714 1725 3774 critique
1765 3717 1894 3777 sociale

153 3743 239 3803 cher
276 3741 326 3801 les
363 3744 445 3804 jeux
486 3747 650 3807 troubles
687 3749 728 3809 du
770 3750 851 3810 rêve
889 3753 925 3813 et
957 3753 998 3813 de

1058 3751 1121 3811 qui
1154 3751 1285 3811 jamais
1327 3753 1367 3813 ne
1404 3753 1463 3813 fut
1496 3758 1792 3818 complètement
1829 3758 1892 3818 ab¬

160 3786 417 3846 l’irréalisme.

1055 3791 1153 3851 sente
1184 3792 1227 3852 de
1257 3794 1313 3854 ses
1348 3800 1670 3860 préoccupations,
1701 3801 1791 3861 mais
1826 3801 1890 3861 que

195 3830 318 3890 L'Etat
371 3833 562 3893 lui-même
615 3835 707 3895 était
735 3835 765 3895 le
823 3838 905 3898 plus
937 3836 998 3896 bel

1058 3833 1104 3893 les
1161 3836 1418 3896 rafflnements
1457 3839 1498 3899 de
1560 3842 1592 3902 la
1648 3842 1892 3902 psychologie

1059 3878 1219 3938 morbide
1253 3881 1536 3941 submergèrent
1565 3886 1631 3946 peu
1671 3886 1681 3946 à
1721 3885 1808 3945 peu.

186 3902 223 3962 (1)
248 3904 463 3964 MAEMOISEIIE
493 3905 564 3965 FLSE
594 3906 708 3966 (Stork,
733 3908 819 3968 (dit.)
838 3908 853 3968 :
877 3911 982 3971 Mounm

159 3941 293 4001 (Rieder,
315 3944 402 4004 trad.
423 3945 465 4005 A.
486 3944 568 4004 Hella
600 3944 631 4004 et
657 3944 698 4004 O.
724 3944 890 4004 Bournac).

1622 3953 1666 4013 A.
1686 3950 1868 4010 WABARU.

2610 490 2844 550 YVER

2130 488 2480 548 DOBSE

2218 550 2243 610 I.
2256 550 2378 610 österr.
2387 547 2539 607 behördl.
2552 547 2852 607 konzessioniertes

2171 589 2407 649 Unternehmen
2438 588 2486 648 für
2512 587 2901 647 Zeitungs-Ausschnitte

2227 647 2375 707 WIEN,
2401 649 2452 709 I.,
2479 649 2762 709 WOLLZEILE
2807 644 2845 704 11

2323 700 2544 760 TELEPHON
2581 697 2756 757 R-23-0-43

2131 840 2353 900 Ausschnitt
2380 840 2468 900 aus:

2072 1036 2468 1096 AdrenGHAMIECLER,

2868 1094 3029 1154 OCTOBA

2214 1100 2288 1160 32,
2328 1097 2402 1157 Rue
2443 1099 2689 1159 Tronchet.

2932 1153 3031 1213 1931

2072 1156 2148 1216 Date
2167 1152 2180 1212 :

2497 1157 2626 1217 PARIS
2666 1158 2684 1218 9

2073 1227 2162 1287 Signé
2183 1221 2192 1281 :

2170 1264 2214 1324 -o
2276 1261 2401 1321 No..
2446 1258 2503 1318 de
2560 1258 2780 1318 feervan

2355 1314 2624 1374 Schnitzler

2110 1404 2298 1464 L'écrivain
2335 1404 2524 1464 autrichien
2569 1399 2692 1459 Arthur
2729 1398 2917 1458 Schnitzler

2071 1449 2083 1509 a
2114 1443 2293 1503 succombé
2341 1440 2353 1500 à
2388 1443 2533 1503 Vienne,
2555 1440 2640 1500 dans
2684 1439 2717 1499 sa
2752 1437 2923 1497 soixante¬

2068 1482 2217 1542 dixième
2243 1482 2370 1542 année.

2110 1520 2234 1580 Arthur
2257 1520 2452 1580 Schnitzler
2479 1517 2563 1577 était
2586 1514 2763 1574 considéré
2790 1513 2918 1573 comme

2077 1564 2110 1624 un
2144 1562 2202 1622 des
2231 1559 2407 1619 meilleurs
2437 1556 2612 1616 écrivains
2642 1553 2922 1613 contemporains

2072 1601 2269 1661 d'Autriche
2308 1598 2338 1658 et
2368 1598 2402 1658 sa
2442 1598 2531 1658 mort
2561 1598 2578 1658 a
2618 1595 2720 1655 causé
2755 1595 2819 1655 une
2849 1592 2922 1652 vive

2068 1640 2215 1700 émotion
2258 1637 2292 1697 en
2332 1637 2388 1697 son
2423 1637 2530 1697 pays.

2114 1681 2140 1741 Il
2168 1676 2249 1736 s'est
2277 1676 2413 1736 illustré
2445 1676 2458 1736 à
2490 1677 2517 1737 la
2554 1673 2617 1733 fois
2645 1673 2771 1733 comme
2799 1670 2921 1730 auteur

2071 1715 2312 1775 dramatique,
2343 1716 2473 1776 comme
2512 1714 2706 1774 romancier
2741 1711 2771 1771 et
2801 1711 2931 1771 comme

2074 1758 2236 1818 conteur.

2114 1797 2168 1857 Ses
2208 1795 2321 1855 pièces
2362 1792 2406 1852 les
2446 1792 2525 1852 plus
2560 1789 2782 1849 populaires,
2813 1787 2935 1847 intitu¬

2078 1835 2140 1895 lées
2164 1834 2178 1894 :
2198 1832 2364 1892 Liebelei,
2384 1832 2517 1892 l'appel
2537 1831 2575 1891 de
2599 1830 2627 1890 la
2657 1829 2723 1889 vie,
2743 1830 2862 1890 etc....,
2877 1826 2929 1886 re¬

2077 1873 2274 1933 paraissent
2304 1870 2561 1930 fréquemment
2592 1871 2630 1931 au
2665 1867 2849 1927 répertoire
2884 1864 2918 1924 du

2078 1912 2305 1972 Burgtheater
2342 1908 2378 1968 de
2419 1908 2569 1968 Vienne.
2602 1908 2642 1968 La
2684 1905 2852 1965 notoriété
2889 1903 2925 1963 de

2073 1953 2282 2013 Schnitzler,
2309 1950 2393 2010 dont
2421 1947 2598 2007 plus'eurs
2626 1943 2763 2003 œuvres
2795 1944 2852 2004 ont
2880 1941 2928 2001 été

2075 1992 2264 2052 traduites,
2283 1989 2409 2049 s'étend
2437 1988 2477 2048 au
2504 1986 2572 2046 delà
2605 1986 2658 2046 des
2681 1983 2862 2043 frontières
2890 1983 2925 2043 de

2076 2031 2270 2091 l'Autriche
2309 2029 2340 2089 et
2379 2028 2437 2088 des
2476 2029 2562 2089 pays
2601 2027 2638 2087 de
2676 2025 2805 2085 langue
2844 2022 2929 2082 alle¬

2079 2070 2223 2130 mande.

2120 2108 2313 2168 Plusieurs,
2336 2105 2425 2165 dont
2453 2104 2714 2164 Mademoiselle
2748 2101 2842 2161 Else,
2865 2099 2931 2159 ont

2075 2150 2124 2210 été
2149 2150 2322 2210 traduites
2352 2147 2381 2207 en
2412 2146 2589 2206 français.

2049 2332 2158 2392 Extrait
2181 2329 2207 2389 de
2226 2329 2239 2389 :

2990 2368 3102 2428 1-1

2405 2374 2549 2434 A

2050 2400 2165 2460 Adresse
2186 2397 2198 2457 :

2923 2437 3137 2497 NOVEMERE

2122 2455 2636 2515 143,Camps-Elysos,

2971 2499 3085 2559 1931

2055 2510 2129 2570 Date
2148 2508 2157 2568 :

2339 2515 2468 2575 PARIS
2503 2513 2556 2573 8.

2057 2580 2136 2640 Signé
2160 2578 2183 2638 :—

2402 2667 2553 2727 Arthur
2586 2661 2802 2721 Schnitzler

2285 2719 2402 2779 Auteur
2426 2716 2635 2776 dramatique,
2653 2711 2839 2771 romancier,
2858 2709 2961 2769 poète,

2246 2759 2423 2819 Schnitzler
2452 2756 2461 2816 a
2490 2756 2519 2816 su
2548 2753 2624 2813 dans
2649 2751 2696 2811 ses
2716 2748 2836 2808 œuvres
2860 2747 2965 2807 expri-

2245 2799 2310 2859 mer
2334 2796 2399 2856 tout
2423 2794 2446 2854 le
2470 2792 2591 2852 charme
2620 2790 2652 2850 de
2676 2789 2816 2849 Vienne;
2836 2787 2858 2847 il
2878 2788 2886 2848 a
2915 2786 2966 2846 de-

2246 2838 2361 2898 mandé
2390 2832 2577 2892 également
2602 2831 2649 2891 son
2688 2828 2871 2888 inspiration
2905 2825 2962 2885 aux

2256 2875 2427 2935 problèmes
2462 2869 2726 2929 psychologiques
2762 2863 2790 2923 et
2820 2863 2947 2923 sociaux

2248 2914 2296 2974 En
2334 2913 2398 2973 1908
2426 2911 2453 2971 il
2480 2908 2582 2968 obtint
2605 2910 2631 2970 le
2659 2905 2728 2965 prix
2756 2902 2950 2962 Grillparzer

2262 2956 2296 3016 Il
2315 2956 2393 3016 était
2420 2950 2543 3010 célèbre
2570 2950 2639 3010 dans
2667 2948 2701 3008 le
2720 2946 2833 3006 monde
2860 2942 2965 3002 entien

2097 3156 2395 3216 Correspondants
2424 3156 2512 3216 dans
2541 3154 2652 3214 toutes
2685 3154 2727 3214 les
2761 3150 2905 3210 grandes
2938 3150 3030 3210 villes

2095 3260 2227 3320 Extrait
2254 3260 2289 3320 du
2326 3257 2500 3317 Journal:

2094 3365 2273 3425 Adresse:

2116 3469 2231 3529 Date:

2150 3596 2274 3656 Arthur
2295 3593 2522 3653 Schmitzier,
2537 3592 2577 3652 un
2606 3592 2667 3652 des
2688 3590 2825 3650 maîtres
2854 3589 3060 3649 incontestés

2101 3636 2139 3696 du
2165 3636 2302 3696 théâtre
2328 3635 2494 3695 allemand
2529 3634 2807 3694 contemporain,
2829 3631 2858 3691 et
2885 3631 2948 3691 qui
2970 3628 3064 3688 vient

2101 3680 2135 3740 de
2161 3675 2284 3735 mourir
2306 3675 2319 3735 à
2345 3675 2469 3735 Nienne
2495 3674 2503 3734 à
2529 3672 2610 3732 l'âge
2637 3672 2670 3732 de
2692 3670 2953 3730 soixante-neuf
2992 3669 3069 3729 ans,

2102 3720 2111 3780 a
2131 3719 2183 3779 été
2202 3718 2235 3778 un
2265 3717 2317 3777 des
2336 3716 2475 3776 nuteurs
2494 3714 2532 3774 les
2552 3714 2628 3774 plus
2643 3712 2738 3772 joués
2753 3712 2834 3772 dans
2853 3712 2896 3772 les
2915 3711 3063 3771 théâtres

2100 3761 2134 3821 de
2162 3759 2281 3819 langue
2312 3757 2502 3817 allemande
2529 3755 2621 3815 entre
2653 3752 2727 3812 1895
2759 3751 2794 3811 et
2821 3752 2918 3812 1911.

2145 3801 2269 3861 Depuis
2295 3799 2351 3859 dix
2377 3798 2454 3858 ans,
2476 3795 2566 3855 alors
2592 3795 2656 3855 que
2683 3792 2863 3852 l'étranger
2889 3792 3069 3852 commen-

2097 3843 2159 3903 çait
2185 3842 2197 3902 à
2222 3839 2435 3899 s'intéresser
2460 3839 2468 3899 à
2498 3837 2547 3897 ses
2573 3833 2723 3893 ouvres,
2744 3833 2894 3893 celles-ci
2911 3833 2940 3893 se
2969 3833 3065 3893 trou-

2105 3881 2218 3941 vaient
2243 3879 2424 3939 éclipsées,
2449 3878 2483 3938 en
2523 3876 2685 3936 Autriche
2715 3875 2748 3935 et
2779 3875 2812 3935 en
2852 3875 3068 3935 Allemagne,

2098 3926 2158 3986 par
2177 3923 2274 3983 celles
2294 3919 2349 3979 des
2378 3917 2555 3977 Wedekin,
2570 3917 2779 3977 Sternheim,
2799 3914 2961 3974 Kaiser...

2141 3962 2190 4022 On
2216 3963 2225 4023 a
2251 3965 2301 4025 dit
2317 3960 2406 4020 assez
2427 3959 2618 4019 justement
2638 3959 2668 4019 de
2689 3958 2889 4018 Schmitzler
2910 3956 2995 4016 qu'il
3010 3956 3065 4016 fut

2098 4007 2134 4067 un
2168 4005 2373 4065 pointilliste
2401 4004 2438 4064 de
2466 4003 2545 4063 l'art
2574 4001 2807 4061 dramatique.
2831 3998 2886 4058 Ses
2915 3995 3068 4055 œuvres-

2107 4045 2215 4105 types,
2245 4045 2451 4105 Amourette,
2481 4042 2637 4102 Anatole,
2663 4042 2741 4102 font
2771 4039 2898 4099 parfois
2933 4037 3070 4097 penser,

2103 4087 2177 4147 avec
2203 4086 2238 4146 un
2264 4087 2344 4147 fond
2370 4086 2445 4146 plus
2466 4084 2581 4144 triste,
2598 4084 2627 4144 et
2648 4082 2733 4142 dans
2759 4081 2794 4141 un
2820 4081 2915 4141 autre
2941 4078 3071 4138 milieu,

2103 4132 2112 4192 à
2138 4126 2287 4186 Maurice
2319 4128 2463 4188 Donnay
