3436 4320
216 308 291 368 2.

369 313 952 373 Schnitzler's
1020 315 1249 375 Deatl

1468 318 1603 378 box
1672 318 1904 378 43/17

1227 708 1947 768 DOBSERVER

204 739 902 799 OBSERVER

1320 763 1346 823 I.
1359 763 1480 823 österr.
1493 766 1645 826 behördl.
1658 765 1952 825 konzessioniertes

274 798 294 858 I.
307 795 430 855 österr.
443 795 595 855 behördl.
609 792 909 852 konzessioniertes

1275 804 1512 864 Unternehmen
1543 804 1590 864 für
1617 804 2000 864 Zeitungs-Ausschnitte

218 837 454 897 Unternehmen
489 834 536 894 für
566 834 716 894 Zeitungs
734 831 966 891 -Ausschnitte

1331 865 1477 925 WIEN,
1505 868 1551 928 I.,
1578 867 1866 927 WOLLZEILE
1914 864 1953 924 11

289 895 441 955 WIEN,
462 896 507 956 I.,
521 894 820 954 WOLLZEILE
861 891 907 951 11

1425 918 1640 978 TELEPHON
1677 916 1852 976 R-23-0-43

378 948 591 1008 TELEPHON
632 943 810 1003 R-23-0-43

508 1028 543 1088 W

1219 1058 1445 1118 Ausschnitt
1472 1058 1566 1118 aus:

368 1127 646 1187 DAYTON.
665 1133 792 1193 OHIO

483 1225 793 1285 7072213

1224 1282 1334 1342 vom:

444 1410 819 1470 DEATHS

1480 1428 1564 1488 Irish
1621 1422 1722 1482 Te

1549 1485 1689 1545 Dublin

361 1499 545 1559 VIENNA,
578 1504 656 1564 Oct.
689 1509 973 1569 22.—(A)—Aus-

313 1546 373 1606 tria
417 1548 568 1608 mourned
607 1552 702 1612 today
746 1556 801 1616 one
854 1557 888 1617 of
932 1558 970 1618 its

311 1594 461 1654 greatest
496 1596 620 1656 modern
659 1602 792 1662 literary
831 1605 955 1665 figures

1666 1611 1684 1671 2
1723 1610 1741 1670 2
1780 1605 1874 1665 001.

309 1638 371 1698 Dr.
389 1640 507 1700 Arthur
530 1645 728 1705 Schnitzler,
742 1649 883 1709 novelist
905 1652 958 1712 and

269 1684 281 1744 «
304 1685 498 1745 dramatist,
521 1688 586 1748 who
613 1691 680 1751 died
711 1697 865 1757 suddenly
892 1698 967 1758 yes*

1356 1718 1506 1778 NOTED
1547 1723 1721 1783 WRITER
1762 1728 1880 1788 DEAD

309 1730 423 1790 terday
451 1733 482 1793 at
505 1735 560 1795 the
588 1736 642 1796 age
675 1737 706 1797 of
734 1741 784 1801 69.

349 1775 394 1835 He
420 1780 474 1840 had
504 1781 558 1841 not
584 1783 654 1843 been
685 1787 781 1847 ailing
815 1792 868 1852 and
903 1793 965 1853 was

306 1822 408 1882 about
439 1822 469 1882 to
504 1826 621 1886 dictate
675 1831 690 1891 a
747 1832 804 1892 new
850 1837 960 1897 drama

1282 1834 1366 1894 DR.
1384 1836 1716 1896 SCHNITZLER,
1735 1845 1958 1905 CREATOR

308 1857 394 1917 when
442 1861 532 1921 death
584 1867 733 1927 overtook
785 1870 867 1930 him.
919 1874 962 1934 He

308 1893 390 1953 went
422 1897 453 1957 to
489 1900 540 1960 the
576 1904 705 1964 theater
737 1904 788 1964 the
823 1908 957 1968 evening

1333 1901 1764 1961 OF“ANATOL

305 1932 418 1992 before
459 1935 520 1995 and
565 1937 634 1997 took
683 1941 731 2001 his
776 1945 958 2005 customary

304 1968 380 2028 walk
409 1972 578 2032 yesterday
607 1978 773 2038 morning,
793 1979 846 2039 but
870 1982 955 2042 when

293 2005 349 2065 his
375 2008 543 2068 secretary
573 2014 694 2074 arrived
729 2016 763 2076 at
790 2017 836 2077 his
862 2019 957 2079 study

1301 2007 1359 2067 The
1384 2013 1518 2073 famous
1543 2017 1693 2077 Austrian
1723 2020 1902 2080 dramatist
1924 2023 1981 2083 and

286 2039 423 2099 shortly
452 2046 556 2106 before
585 2049 657 2109 noon
690 2050 742 2110 she
767 2053 864 2113 found
893 2055 941 2115 him

1256 2047 1409 2107 novelist,
1475 2050 1535 2110 Dr.
1601 2053 1726 2113 Arthur
1796 2058 1978 2118 Schnitzler

296 2079 447 2139 slumped
509 2085 721 2145 unconscious
779 2088 855 2148 over
912 2094 961 2154 his

1254 2082 1384 2142 creator
1446 2085 1479 2145 of
1542 2088 1594 2148 the
1657 2091 1752 2151 world
1817 2094 1985 2154 renowned

297 2115 426 2175 writing
461 2121 559 2181 table.
602 2123 649 2183 He
680 2127 726 2187 did
761 2127 817 2187 not
843 2128 950 2188 regain

1248 2120 1436 2180 “Anatol,”
1461 2124 1528 2184 died
1554 2124 1578 2184 in
1608 2127 1746 2187 Vienna,
1759 2130 1930 2190 yesterday
1956 2134 1989 2194 at

297 2154 569 2214 consciousness.

1252 2155 1308 2215 the
1330 2157 1390 2217 age
1416 2159 1446 2219 of
1468 2160 1519 2220 69,
1533 2160 1658 2220 Reuter
1680 2166 1821 2226 reports.

339 2190 401 2250 Dr.
427 2195 612 2255 Schnitzler
642 2196 709 2256 was
739 2198 751 2258 a
789 2202 953 2262 physician

1292 2193 1356 2253 Dr.
1373 2196 1494 2256 Arthur
1518 2199 1712 2259 Schnitzler,
1729 2202 1793 2262 who
1822 2205 1887 2265 was
1907 2209 1980 2269 born

297 2225 325 2285 in
367 2225 418 2285 his
461 2229 549 2289 early
592 2231 666 2291 life,
705 2235 854 2295 adopting
901 2239 952 2299 the

1252 2228 1281 2288 in
1306 2228 1422 2288 Vienna
1448 2234 1472 2294 in
1498 2233 1589 2293 1862,
1602 2237 1760 2297 practised
1786 2240 1814 2300 as
1836 2240 1848 2300 a
1873 2241 1981 2301 doctor

299 2262 477 2322 profession
519 2264 549 2324 of
587 2267 743 2327 medicine
777 2272 807 2332 to
846 2275 951 2335 please

1251 2265 1302 2325 for
1326 2265 1455 2325 several
1472 2270 1581 2330 years.
1641 2273 1668 2333 In
1700 2273 1770 2333 1893
1794 2274 1829 2334 he
1853 2276 1982 2336 became

295 2300 343 2360 his
367 2300 492 2360 father,
513 2302 525 2362 a
554 2306 756 2366 fashionable
784 2309 893 2369 doctor
922 2312 954 2372 of

1244 2303 1376 2363 famous
1399 2305 1467 2365 with
1494 2308 1524 2368 an
1551 2310 1695 2370 amusing
1718 2309 1817 2369 series
1836 2312 1866 2372 of
1885 2315 1976 2375 seven

300 2335 417 2395 Vienna
451 2339 568 2399 during
601 2342 652 2402 the
690 2342 781 2402 city’s
811 2345 953 2405 pre-war

1242 2339 1342 2399 short
1371 2341 1463 2401 plays
1497 2344 1526 2404 of
1559 2347 1714 2407 Viennese
1743 2348 1797 2408 life
1831 2353 1973 2413 centring

293 2371 373 2431 days
394 2373 426 2433 of
446 2375 576 2435 gaiety.
613 2378 674 2438 But
694 2381 864 2441 literature
889 2383 949 2443 was

1252 2374 1348 2434 rcund
1385 2376 1437 2436 the
1474 2381 1648 2441 character
1681 2383 1713 2443 of
1745 2388 1882 2448 Anatol,
1911 2390 1975 2450 who

295 2410 339 2470 his
372 2409 444 2469 real
469 2411 554 2471 love.
599 2413 644 2473 He
681 2417 867 2477 abandoned
904 2422 948 2482 his

1250 2412 1314 2472 was
1343 2414 1528 2474 introduced
1565 2417 1593 2477 to
1626 2420 1678 2480 the
1711 2423 1836 2483 English
1873 2427 1978 2487 public

293 2445 430 2505 medical
452 2449 589 2509 practice
610 2449 644 2509 30
669 2451 765 2511 years
786 2455 865 2515 ago.
891 2457 949 2517 His

1250 2446 1287 2506 by
1313 2451 1472 2511 Granville
1498 2455 1624 2515 Barker
1645 2458 1657 2518 a
1683 2460 1817 2520 number
1838 2461 1867 2521 of
1889 2464 1985 2524 years

1248 2485 1354 2545 later.

292 2479 398 2539 novels
425 2483 482 2543 and
513 2485 604 2545 plays
631 2488 710 2548 have
738 2488 813 2548 been
844 2494 950 2554 trans¬

289 2518 369 2578 lated
407 2521 471 2581 into
504 2524 589 2584 most
618 2525 650 2585 of
679 2527 731 2587 the
764 2531 946 2591 languages

1317 2524 1471 2584 Reigen,"
1506 2527 1518 2587 a
1552 2530 1648 2590 series
1677 2530 1711 2590 of
1736 2530 1786 2590 ten
1820 2538 1979 2598 dramatic

289 2554 324 2614 of
351 2554 404 2614 the
440 2558 554 2618 world.

1245 2560 1433 2620 dialogues,
1450 2564 1546 2624 which
1572 2566 1730 2626 appeared
1755 2571 1780 2631 in
1806 2572 1898 2632 1896,
1915 2575 1977 2635 also

329 2590 414 2650 Most
459 2593 496 2653 of
537 2597 590 2657 his
631 2600 794 2660 dramatic
844 2603 949 2663 works

1244 2597 1397 2657 achieved
1425 2602 1459 2662 an
1488 2605 1723 2665 international
1743 2611 1947 2671 reputation.

290 2628 369 2688 have
405 2632 480 2692 been
516 2633 698 2693 performed
738 2637 764 2697 in
801 2640 956 2700 English.

294 2663 354 2723 One
391 2663 427 2723 of
460 2667 509 2727 the
550 2669 618 2729 best
664 2682 777 2742 known
826 2676 854 2736 in
895 2678 943 2738 the

293 2701 404 2761 United
457 2705 572 2765 States
622 2707 648 2767 is
707 2693 786 2753 “The
844 2712 941 2772 Green

286 2739 467 2799 Cockatoo”
520 2742 548 2802 in
601 2742 698 2802 which
759 2745 945 2805 Alexander

289 2775 418 2835 Moissi,
452 2777 506 2837 one
544 2778 577 2838 of
611 2785 825 2845 Schnitzler's
863 2787 946 2847 chief

289 2811 485 2871 exponents,
514 2817 645 2877 played.

326 2849 386 2909 His
425 2852 644 2912 “Lieutenant
679 2855 804 2915 Gustl,"
843 2859 937 2919 which

280 2882 348 2942 was
373 2887 550 2947 translated
583 2890 647 2950 into
676 2893 809 2953 English
842 2897 939 2957 under

283 2921 333 2981 the
358 2921 429 2981 title
455 2924 564 2984 “None
593 2927 656 2987 But
678 2930 728 2990 the
757 2933 879 2993 Brave,
917 2935 942 2995 is

1391 2947 1462 3007 NX
1506 2948 1701 3008 HOME
1745 2954 1940 3014 NEWS

278 2957 325 3017 his
358 2960 441 3020 most
469 2963 604 3023 popular
632 2965 739 3025 novel.

321 2996 384 3056 Dr.
408 2999 592 3059 Schnitzler
624 3002 682 3062 had
722 3005 804 3065 some
844 3008 933 3068 noted

277 3032 414 3092 brushes
442 3032 510 3092 with
541 3037 590 3097 the
618 3038 733 3098 censor
756 3041 782 3101 in
810 3044 939 3104 various

277 3067 367 3127 parts
399 3067 428 3127 of
454 3070 501 3130 the
533 3072 644 3132 world.
688 3074 743 3134 His
774 3079 912 3139 “Reigen

278 3103 341 3163 was
377 3106 531 3166 banished
567 3109 637 3169 from
690 3112 740 3172 the
776 3115 871 3175 stage
907 3118 934 3178 in

278 3139 410 3199 several
440 3145 601 3205 countries
632 3148 686 3208 for
720 3148 731 3208 a
768 3151 841 3211 time
879 3154 933 3214 and

1435 3178 1733 3238 OCT22193

275 3175 323 3235 his
356 3180 570 3240 “Casanova's
598 3185 853 3245 Homecoming”
886 3189 934 3249 re¬

270 3214 376 3274 cently
408 3215 470 3275 won
502 3218 556 3278 out
580 3220 607 3280 in
635 3223 647 3283 a
678 3226 733 3286 tilt
757 3226 827 3286 with
859 3229 933 3289 cen¬

273 3249 342 3309 sors
372 3250 400 3310 in
433 3252 499 3312 New
545 3254 622 3314 York

1267 3292 1458 3352 Austrian
1491 3290 1723 3350 Dramatist
1748 3286 1843 3346 Dies

308 3288 389 3348 John
414 3289 609 3349 Barrymore
631 3294 745 3354 played
770 3301 818 3361 the
843 3300 932 3360 lead¬

272 3324 319 3384 ing
354 3324 418 3384 role
453 3326 478 3386 in
513 3330 723 3390 Schnitzler's
754 3329 835 3389 “The
870 3336 929 3396 Af¬

270 3360 353 3420 fairs
383 3362 416 3422 of
446 3366 580 3426 Anatol"
614 3368 639 3428 in
673 3369 739 3429 New
786 3372 865 3432 York
899 3374 924 3434 in

1309 3375 1425 3435 While
1454 3375 1652 3435 Finishing
1689 3372 1760 3432 New
1807 3372 1896 3432 Play

270 3399 342 3459 1912
395 3399 451 3459 and
500 3402 589 3462 later
634 3403 686 3463 the
735 3408 807 3468 play
861 3410 925 3470 was

261 3434 396 3494 adapted
429 3435 460 3495 fo
504 3437 556 3497 the
580 3441 723 3501 movies,
743 3446 811 3506 with
843 3449 930 3509 Wal¬

1311 3473 1444 3533 Vienna.
1452 3470 1465 3530 —
1497 3469 1513 3529 A
1550 3467 1598 3527 few
1636 3467 1728 3527 hours
1765 3467 1846 3527 after
1879 3467 1915 3527 he

269 3471 332 3531 lace
371 3473 446 3533 Reid
481 3474 611 3534 playing
650 3479 785 3539 Anatol.

1269 3521 1401 3581 suffered
1450 3515 1463 3575 a
1512 3515 1601 3575 heart
1645 3512 1760 3572 stroke,
1801 3512 1915 3572 Arthar

420 3511 629 3571 Schnitzler's
700 3518 925 3578 grandfather

261 3542 345 3602 could
377 3545 434 3605 not
458 3547 531 3607 read
566 3548 600 3608 or
628 3551 735 3611 write.
778 3554 924 3614 Hexwas

1272 3560 1463 3620 Schntzler,
1491 3560 1632 3620 Austrian
1674 3559 1820 3619 novelist,
1848 3557 1884 3617 po

259 3581 270 3641 a
298 3581 390 3641 carpe
421 3584 470 3644 ter
498 3585 551 3645 and
582 3589 724 3649 changed
755 3593 801 3653 his
828 3593 916 3653 name

1273 3606 1327 3666 and
1356 3608 1535 3668 dramatist,
1553 3606 1615 3666 died
1644 3605 1711 3665 here
1736 3605 1794 3665 last
1820 3604 1923 3664 niglit.

261 3617 333 3677 from
383 3623 628 3683 Zimmerman.

1273 3653 1329 3713 For
1350 3652 1407 3712 two
1436 3652 1525 3712 years
1550 3653 1721 3713 Schnitzler
1750 3651 1807 3711 had
1836 3652 1921 3712 com¬

302 3655 479 3715 Hejleaves
507 3659 519 3719 a
547 3661 621 3721 son,
642 3662 704 3722 who
732 3662 759 3722 is
784 3663 795 3723 a
823 3665 917 3725 stage

258 3691 417 3751 manager
443 3694 497 3754 and
531 3697 619 3757 actor
645 3697 670 3757 in
704 3700 830 3760 Berlin.
860 3702 918 3762 His

1268 3700 1390 3760 plained
1422 3697 1450 3757 of
1478 3697 1489 3757 a
1521 3697 1612 3757 heart
1636 3697 1781 3757 ailment,
1802 3696 1857 3756 but
1881 3692 1916 3752 he

256 3728 435 3788 daugter,
456 3730 521 3790 who
555 3733 620 3793 was
649 3736 788 3796 married
821 3738 850 3798 to
879 3739 915 3799 an

1268 3736 1389 3796 refused
1415 3736 1441 3796 to
1471 3735 1533 3795 give
1560 3733 1592 3793 up
1622 3735 1666 3795 his
1692 3733 1766 3793 work
1796 3733 1840 3793 for
1866 3733 1914 3793 the

264 3766 381 3826 Italifn
424 3769 532 3829 actor,
567 3772 752 3832 committed
798 3777 916 3837 suicide

1268 3772 1335 3832 rest
1359 3772 1449 3832 which
1481 3772 1528 3832 his
1552 3772 1702 3832 condition
1734 3769 1891 3829 required.

257 3796 308 3856 v

1304 3811 1359 3871 His
1389 3808 1541 3868 secretary
1575 3808 1668 3868 found
1705 3810 1753 3870 him
1802 3808 1920 3868 uncon¬

1268 3847 1371 3907 scious
1408 3847 1437 3907 on
1482 3847 1529 3907 the
1571 3847 1644 3907 floor
1678 3844 1707 3904 of
1745 3846 1788 3906 his
1822 3844 1925 3904 study.

1274 3884 1392 3944 Nearby
1428 3882 1486 3942 was
1518 3882 1530 3942 a
1566 3884 1652 3944 play,
1680 3878 1758 3938 "The
1790 3880 1861 3940 Call
1889 3880 1920 3940 of

1268 3923 1363 3983 Life,"
1391 3921 1485 3981 which
1521 3919 1552 3979 he
1584 3920 1642 3980 was
1667 3918 1840 3978 rewriting.
1876 3918 1923 3978 All

1266 3959 1380 4019 except
1407 3960 1459 4020 the
1487 3959 1547 4019 last
1574 3958 1623 4018 act
1650 3958 1703 4018 had
1738 3957 1802 4017 been
1837 3955 1920 4015 com¬

1274 3999 1387 4059 pleted.
1456 3996 1657 4056 Schnitzler's
1715 3996 1809 4056 works
1867 3994 1916 4054 are

1272 4035 1378 4095 known
1417 4035 1614 4095 throughout
1645 4030 1696 4090 the
1736 4032 1818 4092 world
1857 4031 1912 4091 and

1274 4071 1349 4131 have
1384 4071 1455 4131 been
1494 4071 1664 4131 translated
1702 4071 1762 4131 into
1800 4068 1921 4128 several

1275 4112 1466 4172 languages.

2301 204 2325 264 I.
2337 206 2460 266 österr.
2469 210 2619 270 behördl.
2636 215 2930 275 konzessioniertes

2259 248 2486 308 Unternehmen
2515 249 2563 309 für
2588 256 2974 316 Zeitungs-Ausschnitte

2308 303 2456 363 WIEN,
2481 313 2530 373 I.,
2556 315 2840 375 WOLLZEILE
2884 318 2926 378 11

2395 359 2614 419 TELEPHON
2650 366 2829 426 R-23-0-43

2434 656 2496 716 22

2327 886 2555 946 VENNA
2604 891 2891 951 MOURRS

2315 1022 2430 1082 TOR
2476 1024 2948 1084 SOANTLLEER,

2313 1163 2920 1223 TAMOOSROTROR

2313 1294 2433 1354 Writer
2460 1291 2601 1351 Suffers
2628 1291 2755 1351 Stroke
2783 1294 2889 1354 While
2904 1293 2943 1353 at

2397 1375 2467 1435 His
2501 1373 2603 1433 Work
2643 1375 2668 1435 in
2708 1375 2843 1435 Vienna

2510 1455 2745 1515 Residence.

2320 1572 2390 1632 HAD
2441 1575 2676 1635 PRACTICED
2727 1577 2933 1637 MEDICINE

2312 1691 2376 1751 His
2409 1691 2540 1751 Novels
2581 1694 2645 1754 and
2685 1694 2796 1754 Plays
2830 1695 2934 1755 Often

2357 1774 2431 1834 Ran
2472 1772 2579 1832 Afoul
2608 1775 2647 1835 of
2676 1776 2891 1836 Censors

2438 1855 2679 1915 Throughout
2700 1858 2830 1918 World.

2308 1952 2339 2012 By
2366 1953 2410 2013 the
2433 1954 2579 2014 Associated
2606 1957 2695 2017 Press.

2344 1990 2501 2050 VIENNA,
2516 1993 2584 2053 Oct.
2600 1996 2796 2056 22.—Austria
2821 1999 2943 2059 mourn¬

2304 2034 2336 2094 ed
2364 2037 2448 2097 today
2477 2037 2528 2097 one
2552 2037 2584 2097 of
2603 2039 2645 2099 its
2664 2043 2800 2103 greatest
2819 2043 2940 2103 literary

2305 2081 2435 2141 figures,
2482 2082 2543 2142 Dr.
2590 2085 2707 2145 Arthur
2764 2088 2956 2148 Schnitzler,

2302 2127 2436 2187 novelist
2467 2129 2527 2189 and
2566 2132 2748 2192 dramatist,
2779 2136 2843 2196 who
2878 2136 2943 2196 died

2303 2169 2466 2229 yesterday
2493 2174 2528 2234 at
2550 2175 2598 2235 69.

2333 2219 2375 2279 He
2404 2220 2460 2280 had
2494 2221 2546 2281 not
2575 2221 2645 2281 been
2674 2225 2768 2285 ailing
2797 2225 2854 2285 and
2887 2225 2944 2285 was

2305 2265 2399 2325 about
2421 2264 2446 2324 to
2472 2266 2583 2326 dictate
2610 2267 2618 2327 a
2644 2269 2699 2329 new
2730 2270 2832 2330 drama
2858 2270 2939 2330 when

2305 2309 2393 2369 death
2429 2309 2570 2369 overtook
2606 2315 2690 2375 him.
2731 2315 2774 2375 He
2806 2315 2890 2375 went
2917 2317 2943 2377 to

2306 2354 2357 2414 the
2386 2357 2502 2417 theatre
2531 2357 2582 2417 the
2605 2360 2731 2420 evening
2760 2360 2862 2420 before
2891 2360 2942 2420 and

2303 2393 2368 2453 took
2399 2394 2446 2454 his
2473 2396 2650 2456 customary
2681 2396 2754 2456 walk
2784 2399 2944 2459 yesterday

2305 2431 2463 2491 morning,
2497 2433 2551 2493 but
2585 2431 2668 2491 when
2710 2434 2759 2494 his
2798 2434 2947 2494 secretary

2306 2464 2420 2524 arrived
2452 2467 2487 2527 at
2510 2469 2558 2529 his
2585 2469 2673 2529 study
2700 2470 2815 2530 shortly
2847 2473 2948 2533 before

2305 2500 2378 2560 noon
2413 2499 2464 2559 she
2495 2500 2594 2560 found
2625 2506 2676 2566 him
2720 2506 2857 2566 slumped
2892 2506 2948 2566 un¬

2304 2539 2460 2599 conscious
2484 2537 2552 2597 over
2575 2539 2621 2599 his
2644 2541 2758 2601 writing
2786 2543 2881 2603 table.
2904 2545 2946 2605 He

2297 2573 2344 2633 did
2371 2575 2423 2635 not
2450 2576 2550 2636 regain
2576 2578 2829 2638 consciousness.

2379 2620 2465 2680 Gave
2492 2622 2529 2682 Up
2563 2623 2697 2683 Medical
2719 2623 2870 2683 Practice.

2337 2665 2395 2725 Dr.
2409 2664 2582 2724 Schnitzler
2605 2664 2664 2724 was
2692 2668 2700 2728 a
2728 2670 2882 2730 physician
2910 2670 2932 2730 in

2303 2703 2348 2763 his
2380 2703 2462 2763 early
2494 2703 2566 2763 life.
2608 2703 2662 2763 His
2694 2706 2798 2766 father
2831 2703 2889 2763 was
2922 2706 2935 2766 a

2294 2739 2490 2799 fashionable
2549 2739 2655 2799 doctor
2714 2742 2749 2802 of
2803 2742 2941 2802 pre-war

2305 2775 2437 2835 Vienna.
2487 2778 2548 2838 But
2588 2778 2747 2838 literature
2792 2778 2849 2838 was
2889 2779 2941 2839 the

2300 2813 2381 2873 son's
2404 2814 2472 2874 real
2495 2811 2576 2871 love.
2611 2814 2658 2874 He
2685 2817 2865 2877 abandoned
2896 2817 2943 2877 his

2296 2849 2434 2909 medical
2460 2852 2593 2912 practice
2624 2852 2723 2912 thirty
2758 2852 2843 2912 years
2874 2853 2947 2913 ago.

2304 2886 2356 2946 His
2388 2888 2494 2948 novels
2530 2888 2587 2948 and
2628 2888 2716 2948 plays
2753 2891 2832 2951 have
2868 2891 2938 2951 been

2301 2924 2468 2984 translated
2531 2924 2597 2984 into
2659 2927 2738 2987 most
2796 2927 2831 2987 of
2889 2927 2941 2987 the

2299 2961 2467 3021 languages
2498 2960 2527 3020 of
2554 2962 2605 3022 the
2636 2961 2743 3021 world.

2340 2996 2428 3056 When
2457 2999 2489 3059 he
2517 2999 2573 3059 was
2597 2999 2629 3059 28
2653 2999 2685 3059 he
2709 3001 2867 3061 published
2896 3001 2942 3061 his

2299 3033 2371 3093 first
2392 3035 2461 3095 book
2490 3035 2522 3095 of
2543 3035 2640 3095 verse.
2673 3035 2701 3095 It
2726 3037 2783 3097 was
2807 3038 2941 3098 followed

2304 3072 2335 3132 by
2364 3070 2376 3130 a
2405 3073 2517 3133 volume
2546 3070 2578 3130 of
2599 3072 2688 3132 short
2708 3073 2817 3133 stories
2842 3076 2898 3136 and
2923 3074 2934 3134 a

2301 3109 2430 3169 number
2455 3107 2483 3167 of
2508 3109 2658 3169 comedies
2683 3109 2715 3169 of
2740 3112 2788 3172 the
2817 3112 2934 3172 modern

2305 3145 2437 3205 German
2466 3145 2586 3205 school.

2334 3183 2414 3243 Most
2439 3181 2471 3241 of
2496 3183 2540 3243 his
2565 3184 2714 3244 dramatic
2743 3184 2839 3244 works
2864 3185 2941 3245 have

2299 3217 2369 3277 been
2395 3217 2566 3277 performed
2596 3220 2620 3280 in
2646 3220 2788 3280 English.
2826 3223 2888 3283 One
2913 3221 2942 3281 of

2303 3253 2351 3313 the
2372 3255 2436 3315 best
2458 3255 2559 3315 known
2587 3255 2611 3315 in
2637 3258 2685 3318 the
2710 3258 2815 3318 United
2840 3257 2945 3317 States

2299 3291 2325 3351 is
2357 3288 2427 3348 "The
2454 3291 2551 3351 Green
2587 3294 2754 3354 Cockatoo”
2786 3293 2807 3353 in
2843 3297 2931 3357 which

2299 3330 2470 3390 Alexander
2496 3330 2605 3390 Moissi
2626 3330 2730 3390 played

2337 3366 2389 3426 His
2429 3366 2636 3426 “Lieutenant
2676 3366 2795 3426 Gustl,"
2839 3366 2931 3426 which

2299 3400 2357 3460 was
2404 3402 2576 3462 translated
2627 3404 2690 3464 nto
2736 3405 2858 3465 English
2913 3405 2942 3465 as

2306 3436 2398 3496 None
2425 3438 2486 3498 But
2509 3441 2571 3501 The
2598 3442 2721 3502 Brave,"
2744 3444 2766 3504 is
2793 3444 2836 3504 his
2863 3444 2942 3504 most

2301 3479 2432 3539 popular
2455 3476 2562 3536 novel.

2420 3521 2549 3581 Trouble
2576 3524 2648 3584 With
2680 3524 2825 3584 Censors.

2333 3569 2391 3629 Dr.
2420 3569 2595 3629 Schnitzler
2628 3568 2686 3628 had
2724 3571 2807 3631 some
2845 3569 2932 3629 noted

2301 3607 2427 3667 brushes
2478 3605 2540 3665 with
2600 3604 2650 3664 the
2701 3605 2827 3665 censor.
2891 3606 2945 3666 His

2307 3643 2427 3703 "Reign"
2470 3641 2532 3701 was
2574 3644 2719 3704 banished
2762 3642 2828 3702 from
2883 3642 2936 3702 the

2298 3680 2382 3740 stage
2403 3679 2423 3739 in
2451 3676 2568 3736 several
2585 3679 2738 3739 countries
2755 3679 2803 3739 for
2824 3679 2832 3739 a
2856 3679 2945 3739 time.

2301 3718 2355 3778 and
2388 3715 2434 3775 his
2468 3715 2668 3775 "Casanova's
2697 3715 2935 3775 Homecoming'

2301 3753 2430 3813 recently
2472 3751 2530 3811 won
2573 3751 2626 3811 out
2656 3753 2685 3813 in
2727 3754 2740 3814 a
2782 3754 2832 3814 tilt
2865 3753 2932 3813 with

2301 3790 2418 3850 censors
2443 3790 2463 3850 in
2492 3790 2553 3850 New
2586 3787 2684 3847 York.

2333 3829 2411 3889 John
2441 3826 2623 3886 Barrymore
2645 3826 2752 3886 played
2779 3826 2830 3886 the
2852 3825 2938 3885 lead¬

2299 3863 2346 3923 ing
2381 3865 2441 3925 role
2476 3865 2501 3925 in
2540 3863 2596 3923 Dr.
2622 3862 2824 3922 Schnitzler's
2854 3861 2931 3921 "The

2301 3900 2417 3960 Affairs
2439 3900 2473 3960 of
2496 3900 2624 3960 Anatol”
2651 3899 2677 3959 in
2707 3900 2767 3960 New
2807 3897 2880 3957 York
2910 3898 2931 3958 in

2303 3937 2380 3997 1912.
2415 3936 2510 3996 Later
2536 3936 2587 3996 the
2618 3936 2686 3996 play
2716 3936 2777 3996 was
2803 3936 2931 3996 adopted

2300 3974 2347 4034 for
2372 3974 2424 4034 the
2449 3973 2578 4033 movies,
2602 3975 2669 4035 with
2703 3975 2832 4035 Wallace
2862 3974 2933 4034 Reid

2301 4011 2419 4071 playing
2450 4011 2582 4071 Anatol.

2335 4050 2390 4110 Dr.
2409 4050 2582 4110 Schnitzler
2611 4047 2709 4107 leaves
2737 4045 2751 4105 a
2779 4047 2850 4107 son,
2873 4047 2934 4107 who

2296 4084 2321 4144 is
2354 4083 2366 4143 a
2396 4085 2484 4145 stage
2518 4085 2664 4145 manager
2698 4083 2756 4143 and
2790 4082 2873 4142 actor
2907 4084 2932 4144 in

2299 4121 2416 4181 Berlin.
2467 4121 2525 4181 His
2563 4121 2734 4181 daughter,
2773 4121 2835 4181 who
2878 4119 2940 4179 was

2299 4159 2424 4219 married
2458 4157 2486 4217 to
2520 4157 2554 4217 an
2588 4157 2696 4217 Italian
2730 4157 2834 4217 actor,
2855 4159 2938 4219 com¬

2298 4198 2403 4258 mitted
2428 4196 2541 4256 suicide
2567 4196 2579 4256 a
2605 4196 2676 4256 year
2698 4196 2768 4256 ago.
