3344 4352
359 321 939 381 Schnitzler's
1007 312 1235 372 Death

165 327 281 387 12.

251 740 966 800 OBSERVER

337 792 363 852 I.
376 792 498 852 österr.
511 798 664 858 behördl.
677 801 977 861 konzessioniertes

289 832 523 892 Unternehmen
555 836 603 896 für
626 843 1015 903 Zeitungs-Ausschnitte

348 891 493 951 WIEN,
521 900 567 960 I.,
594 904 873 964 WOLLZEILE
921 909 967 969 11

442 947 655 1007 TELEPHON
692 953 868 1013 R-23-0-43

227 1031 360 1091 Extrait
388 1031 428 1091 du
455 1034 629 1094 Journal:
758 1058 938 1118 fascista.
966 1061 1073 1121 Roma

222 1136 399 1196 Adresse:

795 1170 815 1230 5
869 1171 1102 1231 NOV.193

241 1237 357 1297 Date:

377 1344 686 1404 L’eredità
742 1353 1044 1413 letteraria

486 1405 523 1465 di
551 1410 698 1470 Arthur
732 1413 944 1473 Schnitzler

384 1452 412 1512 In
441 1452 508 1512 casa
538 1455 585 1515 del
605 1456 734 1516 defunto
759 1460 898 1520 scrittore
923 1461 936 1521 e
961 1461 1071 1521 comme

341 1490 475 1550 diografo
511 1494 625 1554 Arthur
661 1499 835 1559 Schnitzler
867 1502 914 1562 gli
938 1500 1064 1560 esecuto

342 1530 559 1590 testamentari
583 1537 682 1597 hanno
720 1539 834 1599 trovato
869 1539 922 1599 una
957 1542 1075 1602 quantit

344 1571 372 1631 di
392 1571 497 1631 scritti
517 1574 636 1634 inediti.
656 1577 713 1637 Tra
738 1578 833 1638 l'altro
863 1580 915 1640 due
945 1581 1045 1641 lavori

344 1610 375 1670 un
408 1612 492 1672 atto:
521 1614 577 1674 uno
606 1616 630 1676 in
667 1618 751 1678 versi
768 1619 807 1679 ha
836 1622 929 1682 luogo
961 1622 1074 1682 durant

226 1643 316 1703 Tarif
341 1651 369 1711 la
399 1654 508 1714 guerra
542 1655 594 1715 del
624 1658 806 1718 trent'aMi,
835 1661 935 1721 l'altro
969 1661 983 1721 «
1003 1663 1064 1723 Mau

216 1679 316 1739 ment
337 1691 471 1751 Delorme
497 1692 505 1752 »
531 1694 559 1754 si
581 1695 685 1755 svolge
711 1697 735 1757 in
765 1697 820 1757 una
849 1700 983 1760 famiglia
1009 1703 1071 1763 d’ar

226 1720 312 1780 perio
341 1728 364 1788 te
393 1732 407 1792 e
442 1736 475 1796 ha
504 1736 561 1796 per
585 1739 801 1799 protagonista
830 1741 887 1801 una
917 1741 1040 1801 attrice,
1065 1744 1079 1804 s

217 1758 312 1818 limit
337 1772 403 1832 dice
424 1774 514 1834 Adele
540 1777 711 1837 Sandrock.
727 1778 843 1838 Questo
864 1782 985 1842 lavoro,
1000 1782 1075 1842 serit

340 1813 364 1873 to
390 1816 560 1876 trent’anni
578 1819 623 1879 fa,
640 1819 752 1879 doveva
782 1820 865 1880 venir
886 1822 953 1882 dato
978 1825 990 1885 a
1016 1825 1132 1885 Berl'ar

234 1822 280 1882 On

334 1853 410 1913 lino,
435 1858 479 1918 ma
512 1858 637 1918 l’autore
670 1859 682 1919 a
719 1861 771 1921 suo
804 1863 905 1923 tempo
933 1864 957 1924 lo
990 1864 1071 1924 ritirò

335 1894 417 1954 Oltre
449 1896 461 1956 a
496 1897 602 1957 questi
626 1897 728 1957 lavori
756 1902 810 1962 una
847 1903 940 1963 prima
973 1906 1086 1966 vision¬

333 1932 384 1992 dei
408 1936 604 1996 manoscritti
628 1938 714 1998 portò
742 1940 796 2000 alla
825 1941 891 2001 luce
919 1941 970 2001 del
990 1944 1056 2004 fram

333 1974 429 2034 menti
450 1977 640 2037 novellistici
661 1979 713 2039 dal
738 1979 818 2039 titolo
851 1980 863 2040 «
883 1980 940 2040 Der
969 1983 1085 2043 Sekun¬

333 2014 407 2074 dant
424 2016 455 2076 »,
479 2016 561 2076 parti
585 2017 620 2077 di
644 2018 679 2078 un
719 2019 880 2079 romanzo,
908 2022 963 2082 una
999 2025 1085 2085 gran¬

328 2052 362 2112 de
393 2055 526 2115 raccolta
557 2058 743 2118 d’aforismi,
767 2061 800 2121 un
836 2062 938 2122 lavoro
973 2064 1083 2124 teatra¬

334 2094 358 2154 le
396 2097 550 2157 Intitolato
592 2097 604 2157 -
622 2099 679 2159 Zug
726 2100 775 2160 der
813 2103 959 2163 Schatten
985 2103 997 2163 »
1035 2106 1080 2166 già

331 2136 480 2196 compluto
519 2136 553 2196 e,
580 2138 591 2198 a
630 2141 744 2201 quanto
779 2141 871 2201 pare,
902 2144 1081 2204 rielaborate

332 2177 489 2237 parecchle
523 2180 618 2240 volte.
644 2183 744 2243 Infine
777 2183 894 2243 diversi
917 2184 1082 2244 frammen¬

329 2219 575 2279 tdrammatici
599 2219 611 2279 e
644 2221 737 2281 diarii
762 2222 814 2282 che
846 2222 931 2282 presi
956 2225 1080 2285 insieme

325 2258 396 2318 sono
438 2261 497 2321 una
539 2261 644 2321 specle
687 2264 964 2324 d’autobiografia.
998 2267 1082 2327 Sulle

332 2300 562 2360 pubblicazione
609 2303 642 2363 di
684 2303 810 2363 codesta
861 2306 1083 2366 autobiografia

327 2338 382 2398 non
413 2338 440 2398 si
460 2339 519 2399 può
547 2341 601 2401 per
625 2343 644 2403 il
668 2344 820 2404 momento
852 2344 973 2404 contare
1001 2350 1083 2410 proi¬

327 2378 425 2438 bendo
453 2380 476 2440 Il
496 2380 684 2440 testamento
712 2384 739 2444 la
767 2386 999 2446 pubblicazione
1026 2388 1085 2448 pri¬

328 2419 372 2479 ma
400 2422 453 2482 che
481 2422 542 2482 sien
574 2422 728 2482 trascorsi
749 2426 935 2486 trent'anni.
955 2428 1076 2488 Richard

327 2461 574 2521 Beer-Hofmann
602 2464 782 2524 consiglierà
803 2467 1081 2527 l'amministratore

329 2500 355 2560 di
375 2500 592 2560 quest'eredità
620 2506 776 2566 letteraria
803 2507 982 2567 obbedendo
1005 2509 1016 2569 a
1044 2509 1078 2569 un

329 2539 470 2599 espresso
497 2544 647 2604 desiderio
674 2545 749 2605 dello
776 2547 917 2607 scrittore
944 2547 1089 2607 defunto?

850 2973 972 3033 931

611 3015 675 3075 11

309 3301 372 3361 Der
399 3300 541 3360 Nachlaß
578 3294 627 3354 des
660 3294 883 3354 verstorbenen
920 3288 1120 3348 österreichi¬

234 3343 340 3403 /schen
376 3338 517 3398 Dichterg
549 3332 730 3392 Sehnitzfer
757 3332 880 3392 enthält
903 3329 969 3389 eine
1000 3329 1124 3389 Anzahl

250 3379 579 3439 unveröffentlichter
614 3374 786 3434 Arbeiten,
813 3370 847 3430 u.
874 3368 908 3428 a.
934 3368 1016 3428 zwei
1051 3367 1124 3427 Ein¬

250 3422 364 3482 akter;
396 3417 497 3477 einer,
528 3415 554 3475 in
594 3413 731 3473 Versen,
762 3410 859 3470 spielt
890 3410 916 3470 im
970 3407 1120 3467 Dreißig¬

257 3460 398 3520 jährigen
439 3458 552 3518 Krieg,
580 3455 634 3515 der
671 3452 780 3512 zweite
817 3449 972 3509 Einakter
1013 3447 1122 3507 „Maus

256 3498 419 3558 Delerme“
476 3494 574 3554 spielt
622 3493 648 3553 in
704 3489 794 3549 einer
846 3488 1126 3548 Theaterfamilie.

258 3537 364 3597 Dieses
388 3535 480 3595 Stück
508 3532 596 3592 sollte
624 3532 650 3592 s.
669 3532 721 3592 Zt.
740 3530 766 3590 in
793 3527 896 3587 Berlin
923 3526 980 3586 zur
1003 3526 1127 3586 Urauf-

258 3577 394 3637 führung
433 3574 596 3634 kommen,
643 3571 695 3631 der
729 3567 857 3627 Dichter
892 3566 943 3626 zog
982 3565 1012 3625 es
1046 3565 1119 3625 aber

255 3616 387 3676 zurück.
457 3613 624 3673 Außerdem
668 3611 740 3671 fand
775 3609 839 3669 man
874 3604 1123 3664 Novellenfrag¬

256 3658 381 3718 mente,
399 3654 554 3714 darunter
581 3652 645 3712 eine
676 3650 736 3710 mit
762 3647 814 3707 dem
858 3647 944 3707 Titel
966 3646 1048 3706 „Der
1074 3643 1130 3703 Se¬

259 3697 439 3757 kundant“,
460 3691 544 3751 Teile
578 3691 661 3751 eines
695 3687 846 3747 größeren
884 3685 1039 3745 Romans,
1060 3684 1127 3744 eine

259 3736 358 3796 große
388 3734 566 3794 Sammlung
600 3730 649 3790 von
683 3727 911 3787 Aphorismen,
932 3726 973 3786 ein
1003 3723 1123 3783 Sehau¬

272 3838 349 3898 spiel
374 3834 451 3894 „Zug
490 3828 542 3888 der
568 3824 761 3884 Schatten“.
824 3817 945 3877 Ferner
975 3816 1134 3876 verschie¬

272 3876 349 3936 dene
392 3867 606 3927 dramatische
654 3860 847 3920 Fragmente
894 3855 984 3915 sowie
1031 3853 1134 3913 Tage¬

273 3914 406 3974 bücher,
442 3909 490 3969 die
535 3908 601 3968 eine
647 3904 713 3964 Art
749 3898 1021 3958 Autobiographie
1066 3893 1141 3953 dar¬

275 3952 412 4012 stellen.

1455 306 1575 366 box
1653 306 1889 366 43/26

1659 533 1861 593 Schnitzlers
1891 532 2123 592 literarischer
2153 527 2321 587 Nachlaß.
2351 523 2475 583 Arthur
2505 518 2706 578 Schnitzlers

1567 580 1797 640 literarischer
1832 574 1978 634 Nachlaß
2013 571 2076 631 hat
2101 568 2165 628 sich
2205 568 2263 628 bei
2288 563 2464 623 genauerer
2499 559 2704 619 Durchsicht

1560 623 1650 683 noch
1685 619 1813 679 reicher
1840 616 2017 676 erwiesen,
2037 613 2081 673 als
2112 611 2180 671 man
2215 609 2320 669 zuerst
2347 604 2581 664 angenommen
2604 601 2706 661 hatte.

1572 664 1615 724 Es
1648 662 1765 722 fanden
1801 659 1865 719 sich
1902 657 1994 717 nicht
2027 654 2168 714 weniger
2196 652 2244 712 als
2273 649 2353 709 neun
2390 646 2502 706 fertige
2535 643 2708 703 Einakter,

1576 705 1733 765 darunter
1763 704 1850 764 „Das
1875 699 2012 759 Wort“,
2033 695 2091 755 das
2116 694 2174 754 den
2212 694 2299 754 Kreis
2328 688 2365 748 um
2412 688 2503 748 Peter
2532 686 2698 746 Altenberg

1578 746 1772 806 behandelt,
1802 742 1918 802 „Haus
1952 738 2146 798 Delorme“,
2197 734 2254 794 das
2305 732 2449 792 zugleich
2512 730 2574 790 mit
2628 727 2686 787 dem

1578 788 1726 848 „Grünen
1763 783 1923 843 Kakadu“
1960 780 2109 840 entstand
2150 777 2210 837 und
2247 773 2303 833 vor
2331 771 2431 831 vielen
2468 770 2585 830 Jahren
2625 768 2705 828 kurz

1584 828 1635 888 vor
1668 830 1720 890 der
1753 824 2038 884 Erstaufführung
2075 821 2130 881 von
2167 819 2223 879 dem
2272 815 2404 875 Dichter
2433 813 2698 873 zurückgezogen

1585 873 1709 933 wurde,
1734 869 1800 929 und
1842 867 1884 927 ein
1926 865 1954 925 in
1992 864 2108 924 Versen
2151 859 2341 919 abgefaßtes
2379 855 2470 915 Spiel
2521 857 2578 917 aus
2633 853 2686 913 dem

1585 914 1866 974 Dreißigjährigen
1911 909 2025 969 Krieg.
2056 905 2135 965 Drei
2166 903 2275 963 Bände
2315 900 2548 960 Aphorismen,
2579 897 2711 957 „Kunst

1576 959 1602 1019 im
1652 954 1912 1014 allgemeinen“,
1934 950 2023 1010 „Zum
2072 946 2186 1006 Wesen
2222 945 2279 1005 der
2311 941 2435 1001 Kritik“
2471 939 2532 999 und
2568 939 2616 999 die
2652 939 2709 999 aus

1589 998 1640 1058 der
1674 998 1854 1058 Kriegszeit
1884 992 2089 1052 stammende
2124 986 2312 1046 Sammlung
2351 983 2440 1043 „Und
2475 982 2603 1042 einmal
2633 978 2705 1038 wird

1578 1040 1698 1100 wieder
1724 1038 1840 1098 Friede
1870 1032 2042 1092 werden“,
2060 1030 2158 1090 sollen
2193 1028 2262 1088 bald
2292 1025 2546 1085 veröffentlicht
2568 1022 2718 1082 werden,

1582 1086 1636 1146 Die
1666 1082 1879 1142 Tagebücher
1905 1077 2072 1137 umfassen
2106 1073 2198 1133 mehr
2223 1071 2265 1131 als
2290 1070 2370 1130 zehn
2400 1067 2529 1127 Bände.

1577 1734 2297 1794 OBSERVER

1667 1809 1689 1869 I.
1703 1804 1825 1864 österr.
1835 1800 1985 1860 behördl.
1999 1789 2294 1849 konzessioniertes

1626 1848 1859 1908 Unternehmen
1887 1840 1933 1900 für
1962 1830 2344 1890 Zeitungs-Ausschnitte

1678 1907 1819 1967 WIEN,
1847 1905 1901 1965 I.,
1929 1897 2206 1957 WOLLZEILE
2254 1885 2294 1945 11

1778 1951 1997 2011 TELEPHON
2029 1940 2206 2000 R-23-0-43

1459 2091 1584 2151 Extrait
1610 2087 1650 2147 du
1676 2083 1818 2143 Journal

1452 2190 1600 2250 Adresse
1616 2186 1630 2246 :

1945 2223 2212 2283 NOVEEORE

1456 2291 1572 2351 Date:

1519 2401 1707 2461 Arthur
1734 2407 1907 2467 Schnitzlers
1939 2407 2127 2467 literarischer
2154 2408 2274 2468 Nachlaß

1472 2453 1522 2513 hat
1545 2454 1590 2514 sich
1618 2455 1658 2515 als
1686 2455 1886 2515 reichhältiger
1914 2455 2064 2515 erwiesen,
2083 2458 2128 2518 als
2156 2458 2215 2518 man
2247 2457 2392 2517 allgemein

1470 2494 1687 2554 angenommen
1717 2495 1809 2555 hatte.
1852 2497 1948 2557 Seine
1974 2498 2241 2558 Tagebücher
2284 2497 2397 2557 werden

1469 2534 1548 2594 mehr
1575 2535 1615 2595 als
1642 2537 1703 2597 zehn
1735 2535 1837 2595 Bände
1864 2538 2019 2598 umfassen.
2038 2539 2184 2599 Zunächst
2206 2538 2313 2598 werden
2340 2538 2401 2598 drei

1479 2573 1576 2633 Bände
1621 2574 1854 2634 Schnitzlerscher
1885 2577 2167 2637 Aphorismen
2225 2577 2401 2637 erscheinen:

1473 2616 1582 2676 „Kunst
1612 2617 1630 2677 im
1674 2617 1903 2677 allgemeinen“,
1942 2622 2023 2682 „Zum
2062 2622 2162 2682 Wesen
2215 2621 2262 2681 der
2287 2619 2377 2679 Kritik

1469 2658 1526 2718 und
1575 2658 1636 2718 eine
1663 2659 1849 2719 interessante
1876 2661 2149 2721 Kriegssammlung
2185 2661 2260 2721 „Und
2291 2661 2401 2721 einmal

1469 2697 1543 2757 wird
1574 2700 1676 2760 wieder
1703 2700 1809 2760 Friede
1836 2703 1990 2763 werden“.
2026 2702 2070 2762 Am
2110 2703 2224 2763 meisten
2256 2703 2392 2763 wundern

1474 2740 1514 2800 sich
1546 2738 1591 2798 die
1619 2741 1909 2801 Schnitzler=Kenner
1937 2741 2004 2801 über
2033 2741 2104 2801 neun
2137 2742 2236 2802 fertige
2255 2741 2404 2801 Einakter,

1469 2777 1514 2837 die
1542 2779 1586 2839 der
1614 2780 1727 2840 Dichter
1755 2780 1800 2840 nie
1828 2783 2041 2843 veröffentlicht
2069 2784 2164 2844 hatte,
2201 2783 2282 2843 unter
2310 2783 2391 2843 ihnen

1468 2819 1550 2879 eines
1576 2822 1623 2882 der
1649 2822 1778 2882 wenigen
1813 2822 1912 2882 Werke
1939 2823 2132 2883 Schnitzlers,
2171 2825 2214 2885 die
2241 2825 2262 2885 in
2297 2822 2404 2882 gebun¬

1463 2861 1556 2921 dener
1585 2861 1715 2921 Sprache
1743 2864 1920 2924 geschrieben
1958 2864 2032 2924 sind;
2079 2864 2167 2924 dieses
2200 2864 2283 2924 Stück
2317 2861 2400 2921 spielt

1467 2900 1555 2960 unter
1582 2903 1816 2963 Landsknechten
1870 2906 1918 2966 des
1971 2906 2232 2966 Dreißigjährigen
2268 2906 2405 2966 Krieges.

1469 2942 1521 3002 Ein
1553 2944 1676 3004 anderer
1703 2944 1844 3004 Einakter
1893 2944 1999 3004 bringt
2026 2947 2282 3007 Schlüsselfiguren
2318 2945 2397 3005 eines

1468 2983 1656 3043 literarischen
1687 2984 1820 3044 Kreises;
1863 2986 1931 3046 man
1966 2986 2086 3046 erkennt
2108 2986 2189 3046 darin
2224 2986 2266 3046 den
2297 2986 2399 3046 Alten¬

1464 3025 1631 3085 bergkreis,
1667 3025 1826 3085 Altenberg
1858 3028 1914 3088 und
1941 3028 2100 3088 Schnitzler
2123 3028 2180 3088 sind
2207 3028 2321 3088 deutlich
2352 3026 2396 3086 ge¬

1467 3065 1604 3125 zeichnet.
1621 3067 1707 3127 Unter
1733 3067 1778 3127 den
1812 3067 2049 3127 aufgefundenen
2079 3067 2236 3127 Einaktern
2261 3067 2394 3127 entdeckte

1467 3106 1530 3166 man
1561 3108 1625 3168 auch
1655 3109 1758 3169 „Haus
1784 3109 1969 3169 Delorme“,
1991 3109 2067 3169 jenes
2098 3109 2200 3169 Stück,
2222 3109 2269 3169 das
2300 3109 2398 3169 gleich¬

1467 3149 1548 3209 zeitig
1574 3147 1625 3207 mit
1647 3148 1720 3208 „Der
1742 3148 1836 3208 grüne
1857 3148 1995 3208 Kakadu“
2021 3147 2192 3207 geschrieben
2223 3149 2316 3209 wurde
2343 3150 2394 3210 und

1467 3187 1518 3247 das
1544 3189 1724 3249 Barnowski
1746 3189 1797 3249 vor
1828 3189 1857 3249 26
1888 3190 1999 3250 Jahren
2038 3190 2059 3250 im
2107 3189 2244 3249 Berliner
2270 3189 2385 3249 Kleinen

1463 3231 1594 3291 Theater
1617 3231 1694 3291 hätte
1717 3231 1948 3291 herausbringen
1980 3231 2080 3291 sollen.
2117 3231 2180 3291 Das
2207 3231 2293 3291 Stück
2312 3231 2397 3291 spielt

1469 3273 1490 3333 in
1522 3270 1597 3330 einer
1624 3270 1884 3330 Theaterfamilie,
1907 3273 1959 3333 und
1986 3271 2048 3331 hier
2075 3270 2105 3330 ist
2128 3270 2154 3330 es
2186 3270 2225 3330 die
2252 3271 2397 3331 damalige

1469 3312 1556 3372 Adele
1579 3312 1747 3372 Sandrock,
1765 3312 1809 3372 die
1836 3312 1915 3372 leicht
1942 3314 1968 3374 zu
2004 3312 2141 3372 erkennen
2177 3314 2220 3374 ist.
2243 3315 2318 3375 Kurz
2345 3313 2397 3373 vor

1468 3352 1508 3412 der
1531 3350 1686 3410 Première
1709 3354 1754 3414 zog
1777 3353 1936 3413 Schnitzler
1960 3353 2005 3413 den
2038 3351 2173 3411 Einakter
2197 3353 2306 3413 zurück,
2325 3352 2392 3412 ohne

1467 3394 1514 3454 sein
1544 3395 1694 3455 Vorgehen
1729 3394 1754 3454 zu
1790 3392 1982 3452 motivieren.
2021 3392 2094 3452 Eine
2121 3392 2245 3452 Novelle
2271 3394 2395 3454 Schnitz¬

1465 3435 1519 3495 lers
1550 3437 1606 3497 soll
1646 3437 1691 3497 als
1717 3437 1949 3497 Operettenstoff
1975 3437 2157 3497 verarbeitet
2183 3437 2309 3497 werden.
2354 3437 2394 3497 Es

2263 3500 2393 3560 ——.

1454 3587 1575 3647 handelt
1598 3583 1639 3643 sich
1671 3583 1702 3643 um
1748 3575 1983 3635 „Leutnant
2007 3570 2156 3630 Gustl“,
2193 3565 2274 3625 dessen
2306 3561 2378 3621 Mo¬

1452 3630 1507 3690 tive
1534 3627 1598 3687 man
1628 3625 1675 3685 für
1706 3622 1744 3682 die
1774 3613 2191 3673 Johann=Strauß=Operette
2217 3606 2299 3666 „Lied
2329 3602 2376 3662 der

1453 3669 1549 3729 Liebe“
1579 3663 1746 3723 verwenden
1780 3659 1855 3719 will.
1898 3657 1982 3717 Diese
2008 3649 2146 3709 Operette
2176 3648 2246 3708 wird
2276 3646 2297 3706 in
2331 3646 2377 3706 der

1454 3709 1655 3769 Bearbeitung
1685 3701 1856 3761 Korngolds
1882 3694 1894 3754 —
1945 3694 1999 3754 mit
2024 3693 2150 3753 Richard
2179 3688 2296 3748 Tauber
2322 3684 2376 3744 und

1461 3747 1556 3807 Gittar
1586 3746 1681 3806 Alpar
1707 3739 1719 3799 —
1769 3741 1810 3801 als
1844 3734 2182 3794 Weihnachtspremière
2212 3729 2253 3789 des
2287 3726 2382 3786 Berli¬

1454 3791 1506 3851 ner
1531 3784 1817 3844 Metropoltheaters
1846 3777 2021 3837 aufgeführt
2046 3772 2176 3832 werden.

1787 3816 2054 3876 Radio-Ramane.
