3392 4352
231 273 350 333 12.
411 281 1002 341 Schnitzler's
1074 285 1303 345 Death

214 2043 463 2103 benden
522 2046 1011 2106 Oesterreichs.

234 2118 283 2178 die
314 2118 464 2178 Kämpfe,
495 2118 539 2178 die
575 2120 625 2180 dem
676 2121 771 2181 Leben
812 2121 907 2181 seinen
948 2122 1033 2182 Sinn
1073 2121 1133 2181 und

233 2152 281 2212 dem
330 2158 489 2218 Menschen
525 2157 622 2217 seinen
662 2159 785 2219 inneren
821 2162 896 2222 Halt
923 2162 1131 2222 wiedergeben

234 2195 383 2255 könnten,
402 2198 429 2258 so
473 2197 528 2257 hat
566 2198 612 2258 sich
649 2198 812 2258 Schnitzler
850 2198 920 2258 doch
958 2201 1027 2261 sehr
1065 2200 1134 2260 bald

233 2234 345 2294 wieder
373 2234 400 2294 in
433 2235 491 2295 sein
523 2237 632 2297 Selbst
655 2239 905 2299 zurückgezogen,
928 2240 982 2300 von
1014 2240 1064 2300 dem
1110 2240 1136 2300 er

233 2274 311 2334 nicht
340 2273 400 2333 frei
429 2276 540 2336 konnte
568 2274 582 2334 —
634 2277 694 2337 und
727 2278 843 2338 wollte.
890 2279 955 2339 Und
988 2279 1062 2339 wir,
1091 2280 1137 2340 die

235 2313 486 2373 Nachlebenden,
500 2315 603 2375 freuen
631 2316 710 2376 uns,
724 2318 775 2378 daß
804 2318 831 2378 er
855 2318 901 2378 dem
944 2318 1013 2378 Bild
1042 2318 1134 2378 seiner

230 2353 362 2413 Jugend
389 2353 448 2413 treu
480 2353 635 2413 geblieben
667 2355 716 2415 ist.
748 2356 835 2416 Denn
867 2356 948 2416 seine
972 2355 1144 2415 verfeiner¬

227 2390 276 2450 ten
327 2392 458 2452 Organe
499 2392 599 2452 haben
649 2392 681 2452 es
727 2395 808 2455 ihm,
845 2395 894 2455 der
940 2395 994 2455 das
1045 2395 1130 2455 Wien

233 2429 282 2489 der
314 2431 659 2491 Jahrhundertwende
700 2431 749 2491 als
800 2431 1131 2491 kulturgeschichtliches

237 2470 391 2530 Kuriosum
424 2470 446 2530 in
470 2470 577 2530 reiser,
587 2470 731 2530 echtester,
741 2473 941 2533 lebendigster
956 2473 1132 2533 Gestaltung

235 2509 258 2569 zu
291 2509 497 2569 konservieren
530 2512 684 2572 vermocht
709 2511 774 2571 hat,
788 2513 985 2573 ermöglicht,
1005 2513 1069 2573 auch
1098 2514 1121 2574 im

233 2547 340 2607 Dienst
359 2547 410 2607 des
434 2550 601 2610 modernen
630 2548 746 2608 Lebens
770 2550 834 2610 eine
859 2550 956 2610 schöne
980 2551 1128 2611 Funktion

238 2588 262 2648 zu
292 2586 439 2646 erfüllen:
459 2589 645 2649 Schnitzler,
661 2589 749 2649 dessen
779 2590 1029 2650 psychologischer
1054 2589 1137 2649 Ties¬

234 2623 301 2683 blick
343 2625 455 2685 immer
501 2625 614 2685 wieder
659 2628 957 2688 bewundernswert
999 2631 1048 2691 ist,
1085 2631 1138 2691 hat

230 2664 327 2724 seinen
375 2667 609 2727 gleichaltrigen
657 2667 868 2727 Fachkollegen
915 2667 975 2727 und
1018 2667 1144 2727 Lands¬

234 2702 321 2762 mann
357 2704 519 2764 Sigmund
551 2706 652 2766 Freud
683 2703 696 2763 —
745 2706 828 2766 wenn
864 2707 929 2767 auch
961 2706 1035 2766 nicht
1062 2707 1136 2767 aus¬

231 2741 385 2801 drücklich,
409 2743 437 2803 so
472 2743 539 2803 doch
573 2741 601 2801 im
651 2741 751 2801 Effekt
776 2741 790 2801 —
843 2743 867 2803 in
906 2744 959 2804 dem
1002 2747 1132 2807 bitteren

227 2780 349 2840 Kampf
377 2781 413 2841 um
459 2780 527 2840 eine
554 2783 803 2843 schmiegsamere
831 2783 1067 2843 Seelenkunde,
1090 2786 1135 2846 die

227 2819 284 2879 vor
311 2819 360 2879 der
387 2822 649 2882 Dunkelkammer
672 2822 796 2882 unseres
824 2822 1139 2882 Unterbewußtseins

234 2858 309 2918 nicht
332 2861 509 2921 haltmacht,
528 2861 598 2921 aufs
621 2861 789 2921 Kräftigste
809 2861 985 2921 unterstützt
1004 2861 1064 2921 und
1093 2863 1134 2923 die

233 2896 319 2956 rechte
343 2897 493 2957 Wirkung
522 2900 574 2960 der
599 2898 738 2958 Leistung
768 2900 888 2960 Freuds
918 2903 946 2963 im
985 2903 1124 2963 Bewußt

233 2938 286 2998 sein
325 2932 377 2992 der
407 2938 653 2998 Allgemeinheit
682 2938 880 2998 vorbereitet.

312 2973 390 3033 Aber
419 2974 503 3034 nicht
527 2976 587 3036 nur
620 2975 699 3035 das:
723 2976 788 3036 auch
821 2977 868 3037 die
896 2977 1045 3037 Aesthetik
1074 2980 1134 3040 und

228 3013 356 3073 Technik
388 3015 438 3075 der
476 3016 644 3076 modernen
687 3016 814 3076 Novelle
851 3016 887 3076 ist
915 3016 975 3076 von
1016 3017 1139 3077 Arthur

233 3055 400 3115 Schnitzler
450 3055 618 3115 befruchtet
664 3052 808 3112 worden.
854 3055 927 3115 Was
972 3055 1040 3115 man
1086 3055 1135 3115 bei

233 3091 359 3151 Marcel
378 3094 500 3154 Proust
519 3094 577 3154 und
605 3094 718 3154 James
745 3094 845 3154 Jovce
868 3094 913 3154 als
940 3095 1126 3155 unerhörten

228 3129 411 3189 Fortschritt
435 3132 589 3192 gepriesen
622 3132 687 3192 hat,
711 3132 809 3192 findet
833 3132 880 3192 sich
913 3135 978 3195 auch
1007 3132 1021 3192 —
1068 3134 1128 3194 und

229 3168 379 3228 vielleicht
402 3171 481 3231 schon
513 3171 605 3231 bevor
632 3171 676 3231 die
703 3171 805 3231 beiden
836 3171 1022 3231 Genannten
1053 3170 1137 3230 „ent¬

233 3207 314 3267 deckt“
342 3208 465 3268 wurden
502 3210 510 3270 —
556 3210 606 3270 bei
629 3210 793 3270 Schnitzler
816 3210 889 3270 aufs
916 3213 1135 3273 meisterlichste

235 3247 453 3307 verwirklicht:
473 3249 537 3309 jene
566 3249 794 3309 eigentümliche
823 3249 901 3309 Form
939 3249 990 3309 des
1019 3252 1140 3312 Prosa¬

228 3288 442 3348 kunstwerkes,
465 3288 515 3348 die
543 3288 597 3348 das
625 3290 743 3350 äußere
771 3289 935 3349 Geschehen
972 3291 994 3351 in
1031 3291 1117 3351 einem

231 3326 374 3386 „inneren
413 3326 590 3386 Monolog“
624 3328 667 3388 sich
701 3327 830 3387 spiegeln
864 3329 950 3389 läßt.
989 3329 1132 3389 Dadurch

230 3364 348 3424 werden
394 3365 449 3425 der
486 3365 577 3425 Epik,
609 3365 659 3425 die
706 3367 769 3427 nach
820 3368 901 3428 einer
939 3368 1135 3428 Bemerkung

234 3404 366 3464 Orteaas
406 3405 454 3465 sich
484 3406 606 3466 stofflich
637 3406 783 3466 erschöpft
808 3407 871 3467 hat,
892 3407 970 3467 neue
995 3407 1131 3467 Inhalte

234 3443 411 3503 zugeführt.
426 3443 551 3503 Gerade
575 3446 612 3506 um
649 3446 747 3506 dieser
771 3446 990 3506 Bereicherung
1018 3446 1139 3506 willen,

228 3482 275 3542 die
304 3484 462 3544 scheinbar
491 3485 554 3545 rein
588 3485 741 3545 formaler
770 3485 885 3545 Natur,
909 3485 937 3545 in
971 3485 1139 3545 Wahrheit

233 3519 303 3579 aber

385 3520 407 3580 im
448 3520 552 3580 Sinne
575 3523 629 3583 der
653 3523 898 3583 Psychoanalyse
921 3521 934 3581 —
980 3523 1134 3583 substanz¬

230 3559 351 3619 bildend
384 3562 430 3622 ist,
454 3562 538 3622 fühlt
566 3562 612 3622 sich
641 3562 710 3622 auch
739 3560 785 3620 die
813 3561 906 3621 junge
934 3563 1125 3623 Generation

228 3600 349 3660 Arthur
382 3601 550 3661 Schnitzler
584 3601 653 3661 aufs
687 3601 780 3661 tiefste
814 3601 1015 3661 verpflichtet.

307 3639 474 3699 Schnitzler
501 3640 569 3700 war
597 3639 637 3699 ein
669 3637 823 3697 Erzähler
846 3638 900 3698 von
937 3640 1040 3700 Rana,
1063 3640 1126 3700 doch

230 3677 288 3737 nur
320 3679 474 3739 scheinbar
511 3679 578 3739 auch
615 3679 655 3739 ein
687 3679 882 3739 Dramatiker
918 3679 972 3739 von
1004 3679 1135 3739 Geblüt.

156 3712 161 3772 h
230 3718 328 3778 Seine
358 3718 505 3778 Arbeiten
550 3718 604 3778 für
634 3718 682 3778 die
712 3718 840 3778 Bühne,
875 3718 924 3778 die
963 3718 1027 3778 viel
1067 3718 1135 3778 auf¬

1533 288 1655 348 box
1734 292 1918 352 42/7

1194 1891 1315 1951 geführt
1343 1891 1464 1951 worden
1510 1891 1591 1951 sind,
1623 1891 1718 1951 haben
1764 1891 1840 1951 nicht
1877 1892 1926 1952 den
1976 1894 2080 1954 rechten

1191 1930 1407 1990 dramatischen
1440 1930 1539 1990 Puls.
1575 1932 1779 1992 Psychologie
1802 1933 1828 1993 im
1870 1930 1982 1990 Drama
2014 1930 2082 1990 kann

1192 1968 1236 2028 sich
1263 1968 1390 2028 nämlich
1422 1968 1488 2028 auch
1519 1968 1567 2028 als
1594 1970 1780 2030 verderblich
1811 1971 1979 2031 erweisen:
1997 1968 2085 2028 wenn

1194 2009 1225 2069 sie
1253 2007 1284 2067 es
1316 2007 1515 2067 verhindert,
1538 2007 1592 2067 daß
1629 2007 1674 2067 die
1706 2010 1905 2070 Gegensätze,
1928 2010 2009 2070 jeder
2037 2007 2091 2067 für

1192 2049 1234 2109 sich
1262 2047 1290 2107 in
1323 2046 1416 2106 voller
1445 2049 1762 2109 Ausschließlichkeit,
1781 2047 1827 2107 als
1860 2049 1949 2109 solche
1977 2049 2000 2109 in
2033 2047 2094 2107 Er¬

1191 2085 1348 2145 scheinung
1377 2087 1435 2147 und
1458 2085 1567 2145 Aktion
1595 2088 1707 2148 treten.
1740 2085 1798 2145 Ein
1826 2085 2012 2145 Psychologe
2035 2085 2093 2145 wie

1190 2124 1353 2184 Schnitzler
1385 2123 1398 2183 —
1452 2124 1513 2184 und
1544 2124 1633 2184 darin
1669 2127 1766 2187 liegen
1802 2124 1850 2184 die
1881 2127 2014 2187 Mängel
2045 2124 2094 2184 be¬

1190 2162 1326 2222 gründet
1353 2160 1361 2220 —
1408 2163 1485 2223 sieht
1511 2162 1583 2222 aber
1610 2165 1721 2225 gerade
1747 2162 1802 2222 das
1833 2164 1999 2224 Gleitende
2029 2162 2085 2222 und

1191 2199 1237 2259 die
1265 2203 1489 2263 Uebergänge;
1512 2201 1572 2261 und
1601 2201 1628 2261 so
1662 2204 1736 2264 steht
1760 2201 1810 2261 der
1839 2204 2090 2264 Seelenkünstler

1192 2240 1241 2300 dem
1287 2243 1509 2303 dramatischen
1550 2243 1672 2303 Dichter
1704 2240 1731 2300 im
1782 2240 1890 2300 Wege.
1927 2243 2094 2303 Dennoch:

1197 2281 1373 2341 Schnitzlers
1406 2279 1605 2339 dramatische
1633 2279 1778 2339 Arbeiten
1819 2282 1959 2342 behalten
2001 2279 2082 2339 ihren

1194 2318 1278 2378 Reiz,
1292 2318 1367 2378 weil
1387 2318 1438 2378 das
1467 2320 1749 2380 Atmosphärische,
1763 2320 1819 2380 das
1844 2319 1914 2379 allen
1947 2318 2088 2378 Arbeiten

1197 2358 1374 2418 Schnitzlers
1403 2356 1430 2416 in
1463 2356 1486 2416 so
1515 2356 1608 2416 hohem
1655 2356 1748 2416 Maße
1776 2359 1804 2419 zu
1837 2359 1916 2419 eigen
1949 2359 1996 2419 ist,
2015 2358 2084 2418 eben

1189 2398 1275 2458 auch
1304 2395 1358 2455 zur
1386 2395 1734 2455 Bühnenwirksamkeit
1762 2396 1880 2456 gehört.

1267 2434 1334 2494 Aus
1376 2434 1426 2494 der
1467 2436 1575 2496 langen
1622 2434 1698 2494 Liste
1735 2434 1789 2494 der
1831 2434 1930 2494 Werke
1972 2434 2093 2494 Arthur

1189 2475 1370 2535 Schnitzlers
1406 2473 1468 2533 nur
1500 2473 1543 2533 ein
1588 2476 1668 2536 paar
1708 2473 1925 2533 bezeichnende
1957 2473 2094 2533 Namen.

1194 2513 1249 2573 Der
1278 2515 1347 2575 Weg
1376 2515 1427 2575 der
1451 2515 1595 2575 Arbeiten
1628 2515 1679 2575 für
1707 2513 1749 2573 die
1777 2512 1889 2572 Bühne
1917 2515 2001 2575 führt
2025 2515 2080 2575 von

2147 1892 2299 1952 „Anatol"
2330 1892 2388 1952 und
2418 1894 2590 1954 „Liebelei“
2615 1894 2689 1954 über
2719 1894 2871 1954 „Reigen"
2901 1894 2960 1954 und
2990 1893 3039 1953 den

2149 1932 2330 1992 „Einsamen
2381 1933 2473 1993 Weg"
2523 1933 2552 1993 zu
2612 1933 2793 1993 „Professor
2844 1933 3030 1993 Bernhardi

2155 1968 2267 2028 (1913);
2293 1968 2346 2028 der
2376 1971 2449 2031 Weg
2484 1968 2533 2028 der
2568 1971 2744 2031 Novellistik
2774 1971 2828 2031 von
2867 1971 3019 2031 „Sterben

2147 2008 2202 2068 und
2240 2010 2416 2070 „Leutnant
2449 2006 2556 2066 Gustl“
2589 2008 2663 2068 über
2696 2010 2901 2070 „Casanovas
2934 2010 3045 2070 Heim¬

2149 2046 2244 2106 fahrt"
2283 2048 2317 2108 zu
2360 2047 2528 2107 „Fräulein
2567 2046 2653 2106 Else"
2697 2049 2754 2109 und
2798 2049 2850 2109 der
2889 2051 3047 2111 „Traum¬

2149 2085 2297 2145 novelle".
2339 2085 2529 2145 Dazwischen
2563 2085 2614 2145 der
2642 2088 2758 2148 einzige
2791 2088 2934 2148 Roman:
2963 2088 3041 2148 „Der

2152 2124 2214 2184 Weg
2239 2124 2287 2184 ins
2316 2122 2422 2182 Freie“
2452 2124 2563 2184 (1908).
2578 2124 2591 2184 —
2631 2127 2693 2187 Das
2718 2127 2809 2187 Leben
2839 2127 2886 2187 des
2911 2127 3046 2187 Dichters

2147 2162 2212 2222 war
2236 2162 2338 2222 wenig
2372 2162 2502 2222 bewegt.
2544 2162 2684 2222 Geboren
2718 2165 2750 2225 am
2797 2165 2848 2225 15.
2872 2165 2942 2225 Mai
2970 2165 3044 2225 1862

2147 2201 2189 2261 als
2219 2201 2305 2261 Sohn
2334 2204 2415 2264 eines
2440 2204 2569 2264 Arztes,
2584 2204 2631 2264 des
2656 2204 3039 2264 Universitätsprofessors

2151 2240 2272 2300 Johann
2310 2241 2496 2301 Schnitzler,
2516 2241 2661 2301 studierte
2689 2243 2722 2303 er
2755 2243 2913 2303 Medizin,
2937 2243 3044 2303 wurde

2149 2281 2283 2341 Assistent
2308 2279 2408 2339 seines
2438 2281 2567 2341 Vaters,
2587 2282 2649 2342 trat
2669 2282 2750 2342 dann
2780 2282 2808 2342 in
2838 2282 3049 2342 militärärzt¬

2149 2321 2232 2381 lichen
2265 2321 2386 2381 Dienst,
2406 2320 2456 2380 den
2489 2318 2517 2378 er
2545 2321 2639 2381 jedoch
2667 2323 2816 2383 aufgeben
2854 2321 2970 2381 mußte,
2994 2320 3040 2380 als

2144 2359 2172 2419 er
2196 2359 2372 2419 „Leutnant
2392 2356 2494 2416 Gustl“
2518 2359 2685 2419 publiziert
2704 2359 2783 2419 hatte
2807 2359 2816 2419 —
2858 2359 2918 2419 und
2942 2359 3044 2419 damit

2149 2395 2207 2455 war
2235 2395 2266 2455 er
2294 2398 2371 2458 ganz
2403 2398 2616 2458 Schriftsteller
2644 2398 2825 2458 geworden,
2848 2398 2898 2458 als
2930 2398 2980 2458 der
3012 2395 3039 2455 er

2150 2439 2211 2499 Zeit
2233 2437 2331 2497 seines
2357 2437 2471 2497 Lebens
2498 2437 2549 2497 der
2571 2437 2695 2497 Wiener
2716 2437 2846 2497 Heimat
2862 2437 2923 2497 treu
2955 2437 3053 2497 blieb.

2898 2479 2938 2539 g.
2962 2476 3008 2536 m.
