3392 4320
145 381 290 441 12.

328 386 914 446 Schnitzler's
983 392 1222 452 Death

1442 389 1567 449 box
1638 391 1827 451 42/5

1056 1303 1173 1363 Wien,
1193 1309 1398 1369 Donnerstag

1912 1311 2067 1371 Reue
2096 1313 2241 1373 Frrele
2280 1318 2472 1378 Prraaa

517 1391 682 1451 Schnitzler
720 1395 843 1455 äußerte
887 1396 930 1456 die
968 1397 1152 1457 Besorgnis,
1184 1400 1238 1460 daß
1283 1401 1363 1461 diese
1394 1404 1634 1464 Erscheinungen

514 1440 564 1500 vom
615 1440 727 1500 Herzen
763 1443 951 1503 ausgehen;
982 1444 1037 1504 aus
1073 1446 1210 1506 weiteren
1246 1448 1481 1508 Bemerkungen
1522 1450 1582 1510 war
1613 1449 1643 1509 zu

1850 1449 2150 1509 Mitteilungen
2205 1452 2272 1512 aus
2318 1454 2385 1514 dem
2439 1458 2687 1518 Publikum.

520 1488 718 1548 entnehmen,
747 1489 797 1549 daß
833 1491 860 1551 er
889 1491 939 1551 sich
968 1494 1229 1554 irgendwie
1258 1496 1450 1556 bedroht
1479 1500 1648 1560 fühlte,

511 1535 624 1595 ohne
655 1535 733 1595 daß
770 1536 811 1596 er
836 1536 999 1596 direkt
1029 1544 1439 1604 Todesahnungen
1470 1546 1638 1606 gehabt

513 1581 657 1641 hätte.
680 1582 1013 1642 Nichtsdestoweniger
1047 1585 1091 1645 sah
1131 1589 1158 1649 er
1192 1590 1280 1650 beine
1309 1590 1581 1650 Notwendigheit,
1604 1590 1631 1650 in

518 1625 615 1685 seiner
643 1627 843 1687 Lebensweise
870 1631 973 1691 irgend
1006 1631 1070 1691 eine
1098 1631 1281 1691 Aenderung
1309 1634 1454 1694 eintreten
1488 1636 1514 1696 zu
1547 1636 1633 1696 lassen

514 1673 571 1733 und
604 1675 741 1735 widmete
768 1676 815 1736 sich
842 1676 895 1736 wie
922 1679 1096 1739 gewöhnlich
1129 1679 1223 1739 seinen
1255 1682 1451 1742 literarischen
1484 1682 1642 1742 Arbeuten.

516 1719 636 1779 Gestern
672 1724 763 1784 abend
799 1725 862 1785 war
892 1726 920 1786 er
943 1727 972 1787 in
1007 1725 1052 1785 der
1077 1730 1313 1790 Komödie,
1337 1728 1371 1788 um
1424 1731 1475 1791 sich
1516 1730 1637 1790 Sibylle

1900 1754 2058 1814 L

513 1769 689 1829 Binder
725 1771 754 1831 in
790 1771 966 1831 Harwoods
1002 1774 1155 1834 Lustspiel
1191 1778 1278 1838 „Der
1309 1775 1608 1835 Gerichtsvollzieher

515 1815 698 1875 anzusehen,
740 1816 799 1876 und
847 1818 917 1878 ging
959 1819 1041 1879 dann
1090 1820 1142 1880 ins
1184 1822 1278 1882 Hotel
1320 1822 1427 1882 Meißl
1457 1822 1468 1882 &
1510 1822 1633 1882 Schadn

516 1862 689 1922 soupieren.
713 1863 793 1923 Nach
823 1864 903 1924 einer
933 1866 990 1926 gut
1020 1867 1205 1927 verbrachten
1252 1869 1350 1929 Nacht
1385 1869 1477 1929 fühlte
1519 1868 1547 1928 er
1588 1868 1634 1928 sich

1733 1891 1871 1951 Erhöltlich
1903 1891 1924 1951 in
1951 1891 2005 1951 den
2037 1891 2127 1951 felnen
2155 1897 2561 1957 Dellkotessengeschöften,
2583 1900 2609 1960 v.
2631 1900 2662 1960 9.
2679 1900 2747 1960 del:

509 1905 598 1965 heute
622 1909 746 1969 ziemlich
777 1910 854 1970 wohl
878 1912 937 1972 und
967 1912 1056 1972 begab
1087 1913 1134 1973 sich
1164 1915 1241 1975 recht
1265 1915 1419 1975 vergnügt
1450 1915 1509 1975 auf
1539 1915 1633 1975 seinen

1684 1939 2035 1999 Dellketessenhondlung
2065 1942 2180 2002 Albert
2201 1946 2362 2006 Bartfeld,
2388 1948 2427 2008 Il.
2448 1948 2719 2008 Nollandstrasse
2750 1951 2804 2011 18.

510 1957 938 2017 Vormittagsspaziergang,
963 1960 1012 2020 der
1038 1960 1081 2020 ein
1119 1960 1143 2020 so
1175 1963 1336 2023 tragisches
1368 1963 1454 2023 Ende
1486 1963 1572 2023 fand.

722 2018 847 2078 Letzte
878 2019 1092 2079 Arbeiten
1137 2022 1225 2082 und
1263 2025 1432 2085 Pläne.

1946 2040 2126 2100 die
2170 2046 2547 2106 dauersiafte

607 2072 705 2132 Seine
728 2076 826 2136 letzten
873 2079 1075 2139 literarischen
1116 2079 1265 2139 Arbeiten
1312 2083 1410 2143 galten
1457 2082 1508 2142 der
1544 2081 1635 2141 Um¬

2236 2121 2793 2181 Glüslampe!

504 2124 720 2184 dichtung
757 2124 853 2184 seines
884 2126 1004 2186 „Ruf
1029 2126 1107 2186 des
1137 2127 1360 2187 Lebens".
1385 2130 1427 2190 Er
1458 2129 1524 2189 war
1554 2127 1626 2187 schon

512 2169 612 2229 mitten
648 2172 671 2232 im
713 2171 807 2231 letzten
838 2171 914 2231 Akt,
938 2174 984 2234 als
1009 2172 1067 2232 das
1098 2174 1257 2234 Schicksal
1275 2175 1322 2235 ihn
1352 2177 1458 2237 fällte.
1477 2175 1553 2235 Auch
1583 2176 1635 2236 mit

1684 2209 1822 2269 Morgen
1864 2212 2009 2272 spricht
2044 2211 2084 2271 an
2119 2213 2247 2273 dieser
2282 2215 2392 2275 Stelle
2427 2219 2491 2279 der
2527 2220 2798 2280 Modenchef

506 2219 905 2279 Tonfilmplänen
935 2220 1004 2280 trug
1034 2221 1062 2281 er
1086 2221 1155 2281 sich,
1173 2222 1248 2282 ohne
1272 2222 1341 2282 aber
1365 2222 1404 2282 ein
1446 2222 1631 2282 bestimmtes

506 2263 602 2323 Sujet
627 2264 650 2324 im
687 2264 777 2324 Auge
802 2265 826 2325 zu
857 2266 971 2326 haben.
990 2265 1068 2325 Eine
1093 2267 1238 2327 Zeitlang
1269 2269 1323 2329 hat
1342 2270 1371 2330 er
1402 2268 1468 2328 auch
1493 2268 1626 2328 ernstlich

1679 2267 1739 2327 der
1761 2270 1889 2330 Tiller
1923 2270 2059 2330 A.-G.,
2080 2273 2284 2333 Mariahilf,
2305 2275 2392 2335 übor
2413 2276 2453 2336 „1
2474 2276 2800 2336 Reservekragen,

504 2309 604 2369 daran
648 2309 792 2369 gedacht,
824 2312 880 2372 den
912 2314 1118 2374 „Jungen
1163 2316 1444 2376 Medardus"
1489 2316 1519 2376 zu
1564 2313 1632 2373 ver¬

1680 2327 1691 2387 2
1733 2324 1987 2384 Manschetten
2035 2328 2099 2388 aus
2141 2330 2206 2390 der
2248 2333 2460 2393 englischen
2509 2330 2674 2390 Tasche“
2721 2335 2791 2395 und

508 2354 628 2414 filmen,
646 2357 688 2417 ein
719 2355 863 2415 Projekt,
882 2358 935 2418 das
960 2358 1014 2418 von
1045 2359 1135 2419 „osef
1154 2360 1358 2420 Schildkraut
1383 2362 1527 2422 angeregt
1552 2360 1630 2420 war,

1695 2385 1801 2445 5mal
1837 2385 2067 2445 Handarbeit
2109 2388 2126 2448 —
2198 2390 2274 2450 Das
2316 2390 2599 2450 „unsichtbare“
2636 2393 2800 2453 Hemd“.

503 2402 555 2462 der
584 2402 636 2462 sich
671 2403 740 2463 auch
770 2405 833 2465 mit
857 2405 909 2465 dem
956 2405 1077 2465 Dichter
1113 2406 1327 2466 diesbezüglich
1363 2409 1385 2469 in
1426 2408 1623 2468 Verbindung

504 2452 608 2512 gesetzt
628 2449 693 2509 hat.
707 2451 765 2511 All
779 2451 870 2511 diesen
898 2451 1015 2511 Plänen
1042 2453 1100 2513 hat
1120 2455 1166 2515 der
1186 2455 1251 2515 Tod
1272 2456 1317 2516 ein
1344 2455 1520 2515 grausames
1547 2454 1625 2514 Ende

509 2501 627 2561 gesetzt.

1680 2515 1756 2575 Ein
1799 2518 2230 2578 Notstanosprogramm
2291 2521 2349 2581 für
2384 2521 2442 2581 die
2477 2524 2781 2584 österreichische

846 2553 918 2613 Die
951 2554 1297 2614 Totenmaske.

2070 2587 2408 2647 Hotelindustrie.

600 2609 664 2669 Mit
695 2611 742 2671 der
772 2613 932 2673 Abnahme
974 2612 1026 2672 der
1063 2614 1281 2674 Totenmaske
1317 2617 1424 2677 wurde
1460 2616 1513 2676 der
1549 2616 1625 2676 ala¬

1757 2643 1820 2703 Vom
1866 2646 2115 2706 Zeutralverband
2150 2646 2195 2706 der
2225 2649 2369 2709 Hoteliers
2398 2650 2589 2710 Oesterreichs
2618 2651 2687 2711 wird
2728 2654 2791 2714 mit¬

504 2655 650 2715 demische
675 2658 784 2718 Maler
809 2659 869 2719 Leo
894 2661 1046 2721 Delitz
1071 2661 1211 2721 betraut.

1678 2689 1798 2749 geteilt:

607 2703 696 2763 Ueber
735 2704 792 2764 das
818 2709 1285 2769 Leichenvegängnis
1324 2709 1387 2769 sind
1433 2708 1496 2768 noch
1535 2709 1624 2769 heine

1757 2739 1867 2799 „Unter
1917 2737 1966 2797 dem
2028 2739 2144 2799 Drucke
2194 2739 2237 2799 des
2289 2744 2642 2804 katastrophalen
2692 2745 2791 2805 Vor¬

502 2749 722 2809 Verfügungen
760 2752 925 2812 getroffen.

1682 2788 1820 2848 sagens
1863 2786 1934 2846 der
1960 2787 2170 2847 heurigen
2207 2789 2558 2849 Fromdensalson
2595 2793 2715 2853 beschloß
2745 2793 2793 2853 der

1673 2832 1933 2892 Zentralverband,
1966 2832 2013 2892 die
2051 2832 2232 2892 einheitliche
2259 2835 2573 2895 Spitzenorganisation
2616 2838 2669 2898 der
2707 2839 2797 2899 öster¬

544 2869 819 2929 Professor
877 2867 1170 2927 Gconomo
1228 2869 1312 2929 als
1371 2870 1588 2930 Mensch

1668 2879 1821 2939 reichischen
1857 2879 2102 2939 Hotelindustrie,
2131 2879 2154 2939 in
2194 2880 2285 2940 seiner
2320 2884 2405 2944 unter
2434 2884 2548 2944 Vorsitz
2577 2885 2622 2945 des
2658 2885 2799 2945 Zentral¬

1671 2924 1988 2984 verbandspräsidenten
2021 2927 2269 2987 Kommerzialrat
2291 2929 2385 2989 Georg
2412 2933 2528 2993 Jung
2560 2932 2586 2992 im
2629 2932 2719 2992 Lause
2746 2931 2787 2991 des

838 2942 946 3002 und
1001 2945 1290 3005 Forscher.

1675 2972 1863 3032 Vormonates
1896 2973 2138 3033 stattgefundenen
2176 2978 2623 3038 Verwaltungsausschußsitzung
2656 2981 2698 3041 die
2731 2978 2785 3038 Er¬

753 3002 809 3062 Von
838 3005 1025 3065 Professor
1054 3005 1127 3065 Dr.
1145 3005 1229 3065 Otto
1264 3002 1388 3062 Pötzl.

1676 3020 1788 3080 stellung
1817 3020 1890 3080 eines
1925 3023 2455 3083 Notstandsprogrammes
2484 3025 2557 3085 für
2580 3026 2647 3086 die
2670 3027 2788 3087 ster¬

542 3049 743 3109 Vorstand
785 3051 853 3111 der
894 3052 1576 3112 psychiatrisch=neurologischen

1670 3066 1884 3126 reichische
1931 3070 2301 3130 Hotelindustrie.
2354 3072 2399 3132 In
2458 3071 2544 3131 diesem
2615 3072 2793 3132 Notstands¬

878 3089 1030 3149 Klinik
1060 3094 1094 3154 in
1123 3094 1259 3154 Wien.

1669 3112 1819 3172 programm
1883 3112 1981 3172 wurde
2028 3115 2166 3175 zunächst
2213 3117 2260 3177 die
2301 3121 2636 3181 unverzügliche
2689 3120 2775 3180 Au¬

886 3142 952 3202 tAus
983 3142 1054 3202 einem
1090 3142 1253 3202 Gespräch.)

1672 3160 1825 3220 hebung
1877 3160 1950 3220 der
1985 3166 2566 3226 Fremdenzimmerabgabe,
2606 3166 2708 3226 weiter
2749 3167 2788 3227 die

589 3190 742 3250 Professor
783 3190 970 3250 Konstantin
1021 3196 1271 3256 Eeonomo,
1306 3193 1402 3253 dessen
1448 3195 1618 3255 plötzlichen

1673 3205 1888 3265 generelle
1924 3208 2155 3268 Stundung
2191 3209 2236 3269 der
2266 3214 2457 3274 Steuern
2498 3214 2553 3274 und
2589 3214 2779 3274 Abgaben

497 3236 561 3296 Tod
583 3237 642 3297 wir
665 3239 718 3299 aus
746 3238 854 3298 ganzem
892 3241 1000 3301 Herzen
1028 3240 1196 3300 beklagen,
1213 3241 1332 3301 erschien
1359 3241 1418 3301 mir
1441 3241 1548 3301 immer
1571 3239 1619 3299 als

1664 3250 1704 3310 bei
1731 3251 1813 3311 durch
1851 3252 1892 3312 die
1923 3252 2094 3312 ungünstige
2126 3256 2360 3316 Fremdensaison
2397 3258 2422 3318 in
2459 3258 2599 3318 Notstand
2636 3259 2781 3319 geratenen

493 3280 556 3340 eine
591 3284 833 3344 Persönlichkeit
868 3285 948 3345 jener
983 3288 1162 3348 vielseitigen
1203 3291 1295 3351 hohen
1336 3288 1503 3348 Begabung
1556 3288 1613 3348 und

1669 3297 1764 3357 Hotels
1812 3298 1869 3358 und
1912 3300 2278 3360 Fremdenbeherbergern,
2326 3305 2368 3365 die
2421 3306 2649 3366 Durchführung
2708 3306 2770 3366 eine

497 3328 577 3388 jener
605 3328 680 3388 alles
713 3333 961 3393 verarbeitenden
994 3335 1145 3395 Energie,
1173 3336 1275 3396 welche
1303 3336 1351 3396 die
1379 3336 1535 3396 Menschen
1568 3333 1616 3393 der

1670 3348 2326 3408 Kreditverbilligungsabtion
2395 3354 2479 3414 durch
2536 3351 2785 3411 Zinsenzuschüsse

497 3378 758 3438 Renaissancezeit
781 3378 1014 3438 ausgezeichnet
1043 3384 1110 3444 hat.
1128 3384 1173 3444 Er
1203 3384 1264 3444 war
1293 3384 1344 3444 den
1378 3384 1503 3444 höchsten
1544 3382 1622 3442 Pro¬

1668 3393 1715 3453 aus
1758 3392 1931 3452 öffentlichen
1980 3395 2117 3455 Mitteln,
2150 3396 2191 3456 die
2218 3399 2381 3459 Schaffung
2420 3400 2541 3460 scharfer
2578 3400 2779 3460 Maßnahmen

489 3425 604 3485 blemen
646 3424 691 3484 der
727 3427 912 3487 Menschheit
941 3429 1121 3489 zugewandt
1156 3432 1208 3492 und
1243 3429 1347 3489 wußte
1377 3429 1417 3489 sie
1446 3430 1613 3490 erfolgreich

1664 3442 1739 3502 gegen
1775 3439 1814 3499 die
1841 3443 1886 3503 dem
1927 3444 2108 3504 Pfuschertum
2150 3444 2170 3504 in
2200 3445 2317 3505 anderen
2347 3447 2499 3507 Gewerben
2530 3447 2782 3507 gleichhommende

495 3478 517 3538 zu
546 3473 732 3533 behandeln.
750 3473 863 3533 Heute,
881 3475 908 3535 da
937 3476 982 3536 die
1005 3476 1130 3536 Aviatik
1159 3477 1305 3537 sozusagen
1340 3475 1391 3535 zum
1425 3476 1617 3536 Gemeingut

1674 3488 2086 3548 Privatzimmervermietung,
2127 3491 2211 3551 sowie
2252 3494 2359 3554 endlich
2416 3493 2455 3553 die
2496 3494 2659 3554 Schaffung
2711 3494 2783 3554 einer

491 3518 646 3578 geworden
679 3518 729 3578 ist,
751 3521 884 3581 würdigt
912 3523 978 3583 man
1017 3524 1161 3584 vielleicht
1189 3524 1266 3584 nicht
1295 3524 1360 3584 nach
1394 3524 1532 3584 Gebühr,
1555 3525 1604 3585 daß

1658 3533 1887 3593 grundsätzlichen
1921 3536 2204 3596 Konzessionssperre
2233 3540 2282 3600 zur
2310 3542 2506 3602 Vermeldung
2534 3541 2583 3601 der
2611 3540 2780 3600 Errichtung

495 3566 639 3626 Economo
669 3566 749 3626 einer
773 3566 824 3626 der
848 3570 1120 3630 Begründer
1144 3569 1219 3629 der
1243 3570 1607 3630 Flugforschung

1668 3581 1750 3641 neuer
1776 3584 2246 3644 Fremdenbeherbergungsstätten
2278 3587 2453 3647 beschlossen,

491 3613 615 3673 gewesen
654 3614 691 3674 ist
713 3614 772 3674 und
805 3614 859 3674 daß
892 3616 924 3676 er
952 3617 1000 3677 vor
1028 3617 1152 3677 Santos
1185 3617 1330 3677 Dumont
1358 3617 1417 3677 und
1456 3616 1515 3676 mit
1548 3616 1596 3676 ihm

1751 3629 1783 3689 In
1822 3632 1954 3692 derselben
1988 3632 2441 3692 Verwaltungsausschüßsitzung
2486 3633 2579 3693 wurde
2618 3635 2767 3695 eingehend

489 3659 668 3719 gleichzeitig
709 3659 755 3719 die
791 3662 964 3722 technischen
1005 3662 1167 3722 Probleme
1209 3663 1260 3723 der
1295 3662 1416 3722 Aviatih
1458 3662 1619 3722 studierte.

1663 3671 1705 3731 die
1733 3674 1824 3734 Frage
1857 3675 1900 3735 der
1933 3676 2202 3736 Zusammenarbeit
2230 3679 2354 3739 zwischen
2387 3679 2429 3739 der
2462 3679 2769 3739 Spitzenorganisation

492 3703 547 3763 Als
575 3704 657 3764 einer
680 3705 729 3765 der
752 3706 839 3766 ersten
874 3709 1111 3769 Organisatoren
1145 3711 1188 3771 des
1216 3709 1415 3769 Flugwesens
1444 3709 1465 3769 in
1493 3706 1614 3766 Oester¬

1661 3721 1701 3781 der
1733 3721 1960 3781 Hotelindustrie
1992 3722 2043 3782 und
2075 3723 2121 3783 dem
2168 3725 2411 3785 Kongreßbureau
2443 3725 2489 3785 der
2515 3727 2774 3787 Oesterreichischen

492 3749 561 3809 reich
590 3752 642 3812 hat
660 3753 688 3813 er
718 3751 763 3811 sich
793 3754 902 3814 sowohl
926 3756 960 3816 um
1001 3754 1047 3814 den
1082 3757 1250 3817 Flugsport
1273 3754 1331 3814 wie
1354 3754 1383 3814 um
1424 3754 1470 3814 die
1493 3755 1614 3815 wissen¬

1666 3768 1892 3828 Bundesbahnen
1929 3770 2067 3830 beraten;
2088 3773 2191 3833 endlich
2223 3774 2315 3834 wurde
2347 3776 2392 3836 der
2419 3774 2537 3834 leitende
2563 3775 2702 3835 Sekretär
2733 3776 2774 3836 des

491 3797 653 3857 schaftliche
682 3799 948 3859 Durcharbeitung
984 3802 1030 3862 des
1066 3804 1210 3864 Fliegens
1239 3804 1302 3864 sehr
1332 3801 1511 3861 bedeutende
1541 3799 1615 3859 Ver¬

1668 3814 1998 3874 Niederösterreichischen
2025 3817 2307 3877 Gewerbevereines,
2329 3822 2388 3882 Dr.
2411 3822 2502 3882 Franz
2530 3822 2697 3882 Eidlitz,
2714 3823 2762 3883 zum

490 3844 604 3904 dienste
630 3846 807 3906 erworben.

1666 3865 1910 3925 Generalsekretär
1938 3864 1981 3924 des
2009 3865 2291 3925 Zentralverhandes
2319 3870 2438 3930 bestellt.

581 3893 621 3953 In
657 3890 708 3950 der
732 3891 1103 3951 Hirnforschung
1132 3896 1201 3956 war
1225 3894 1259 3954 er
1283 3894 1370 3954 einer
1399 3894 1445 3954 der
1480 3894 1607 3954 größten

490 3936 682 3996 Anatomen,
711 3936 755 3996 die
784 3937 840 3997 seit
869 3938 919 3998 dem
965 3939 1088 3999 Wiener
1123 3939 1297 3999 Psychiater
1326 3941 1467 4001 Theodor
1496 3941 1614 4001 Mey¬

491 3981 596 4041 nert
618 3984 718 4044 gelebt
745 3984 856 4044 haben,
883 3985 935 4045 und
968 3986 1025 4046 mit
1047 3987 1142 4047 Recht
1169 3985 1248 4045 kann
1285 3986 1348 4046 man
1381 3987 1428 4047 ihn
1471 3987 1518 4047 als
1561 3986 1608 4046 den

487 4029 642 4089 würdigen
692 4032 875 4092 Nachfolger
919 4032 1085 4092 Meynerts
1142 4032 1330 4092 bezeichnen.
1369 4034 1446 4094 Sein
1497 4032 1612 4092 kleines

491 4075 815 4135 Forschungsinstitut
839 4076 890 4136 hat
914 4076 943 4136 er
966 4077 989 4137 in
1024 4079 1071 4139 der
1095 4079 1204 4139 kurzen
1234 4078 1303 4138 Zeit
1326 4078 1418 4138 seines
1448 4077 1610 4137 Bestehens

1717 4085 2093 4145 Jchimmer-
2109 4090 2247 4150 Gene

491 4119 550 4179 sehr
568 4121 721 4181 wertvolle
739 4124 874 4184 Arheiten
904 4124 1027 4184 erstehen
1058 4126 1169 4186 lassen,
1181 4124 1240 4184 und
1264 4124 1293 4184 es
1317 4124 1352 4184 ist
1364 4126 1464 4186 sicher,
1476 4125 1529 4185 daß
1553 4124 1605 4184 das

2016 4163 2092 4223 der
2119 4165 2213 4225 neie
2249 4161 2601 4221 dlorleshrimplum
2645 4164 2747 4224 Alles

492 4169 630 4229 Ausland
660 4171 695 4231 um
742 4170 834 4230 dieses
863 4172 1002 4232 Institut
1026 4172 1113 4232 unser
1137 4172 1316 4232 Oesterreich
1346 4171 1501 4231 beneidet.

1689 4217 1784 4277 Sehion
1815 4219 1858 4279 fei

584 4218 856 4278 Ungewöhnlicher
885 4220 1026 4280 Reichtum
1072 4223 1106 4283 an
1135 4223 1253 4283 Ideen,
1277 4223 1321 4283 ein
1356 4220 1611 4280 hervorragendes

2958 1327 3022 1387 22.
3043 1328 3186 1388 Oktober
3219 1331 3283 1391 193

2885 1440 2986 1500 Das
3037 1440 3252 1500 Leichen

2951 1561 3047 1621 Heute
3064 1561 3137 1621 fand
3163 1565 3210 1625 das
3244 1566 3291 1626 Lol

2849 1607 3140 1667 Trauerzug,
3174 1610 3193 1670 in
3233 1612 3292 1672 wel

2847 1650 3010 1710 befanden,
3033 1655 3179 1715 darunter
3203 1658 3247 1718 die

2852 1699 3042 1759 Hoover,
3061 1702 3192 1762 bewegte
3216 1704 3263 1764 sich

2849 1745 3022 1805 Tausenden
3059 1748 3112 1808 von
3149 1751 3286 1811 Mensche

2845 1794 3022 1854 Schweigen
3066 1799 3123 1859 den
3175 1799 3237 1859 Zug

2846 1840 3097 1900 Rosedale,
3117 1843 3160 1903 wo
3192 1845 3236 1905 die

2849 1888 3160 1948 Rieseneiche,
3187 1893 3257 1953 dem

2849 1934 2990 1994 erfolgte.

2937 1980 3007 2040 Eine
3041 1981 3279 2041 Polizelabteilu

2852 2027 2908 2087 und
2934 2028 2995 2088 vier
3015 2028 3133 2088 Nächte
3159 2031 3201 2091 die
3221 2031 3283 2091 Ehr

2958 2132 3044 2192 Das
3074 2136 3275 2196 angeblich

2927 2248 2990 2308 Die
3010 2252 3159 2312 Direktion
3187 2255 3232 2315 der

2854 2294 2983 2354 Meldung
3022 2297 3067 2357 der
3094 2297 3203 2357 Prager
3236 2294 3287 2354 Blö

2848 2336 2888 2396 bei
2917 2337 3097 2397 Komorn
3139 2339 3214 2399 gegen
3255 2340 3283 2400 de

2841 2381 2909 2441 zug
2947 2381 3106 2441 vorgestern
3150 2381 3234 2441 abend

2839 2417 2927 2477 wäre,
2955 2420 3026 2480 muß
3060 2422 3115 2482 auf
3149 2423 3225 2483 einem

2850 2461 3174 2521 Staatsdahnon
3209 2464 3288 2524 haben

2845 2504 3077 2564 sallbeine
3108 2507 3268 2567 Kenntn

2927 2546 2967 2606 Zu
3003 2545 3043 2605 der
3073 2548 3213 2608 Meldung
3243 2548 3271 2608 ge

2844 2588 3074 2648 vorgekammene
3101 2590 3293 2650 Zwischenfal

2850 2633 2993 2693 Stationen
3024 2633 3220 2693 Almasfüzitö
3244 2633 3273 2693 un

2847 2671 2900 2731 ein
2930 2675 3286 2735 größer-

2842 2712 2877 2772 des
2901 2715 3176 2775 Budapest=Prager
3200 2712 3269 2772 Schr

2850 2757 2877 2817 In
2921 2757 2999 2817 dieser
3036 2760 3263 2820 Angelegenheit

2847 2796 3015 2856 eingeleitet.

2901 2900 3210 2960 Raubüberfall
3237 2900 3279 2960 an

3022 2962 3215 3022 Telegramm

2917 3055 3011 3115 Heute
3031 3061 3131 3121 mittag
3157 3060 3251 3120 wurde

2830 3106 3105 3166 belefträger
3140 3109 3191 3169 auf
3219 3108 3277 3168 offe

2836 3151 3159 3211 Raubüberfall
3191 3154 3270 3214 verlh

2842 3197 2954 3257 unge
2986 3199 3191 3259 Burschen
3224 3201 3266 3261 au

2839 3245 3140 3305 gegensuhren.
3160 3244 3271 3304 Plötzlic

2834 3288 2975 3348 mittelbar
3003 3289 3084 3349 nehen
3118 3294 3160 3354 ihm
3200 3292 3232 3352 am

2850 3339 3035 3399 prangen
3059 3342 3273 3402 vonihre:

2837 3384 3025 3444 Beamten
3060 3385 3111 3445 und
3141 3387 3271 3447 schnit

2832 3432 2861 3492 Im
2903 3432 3027 3492 nächsten
3062 3432 3227 3492 Augendlich

2829 3476 2920 3536 fuhren
2956 3476 3055 3536 davon.
3077 3479 3139 3539 Die
3162 3480 3260 3540 Geld

3139 3586 3255 3646 Lor

2926 3643 3271 3703 (Kinoprogramme.)

2835 3679 2939 3739 Kinos
2967 3683 3112 3743 befinden
3145 3686 3198 3746 sich
3225 3688 3257 3748 an

2923 3733 3072 3793 (Wiener
3123 3734 3277 3794 Radiopr

2828 3777 2998 3837 programm
3047 3775 3105 3835 für
3138 3778 3233 3838 heute

2833 3819 2935 3879 Seiten
2967 3817 3012 3877 17
3051 3818 3108 3878 und
3140 3818 3203 3878 18.

2919 3868 2996 3928 (Die
3016 3868 3165 3928 amtliche
3185 3870 3281 3930 Wet¬

2830 3915 3165 3975 Morgenfröste,
3184 3916 3245 3976 tag

2829 3952 3069 4012 nördlichen
3104 3957 3230 4017 Alpen

2844 4000 3000 4060 chläge.
3039 4001 3239 4061 Andauer

2830 4039 2967 4099 sicher.

2907 4091 2924 4151 E
2967 4088 3173 4148 (Geengroß)
3204 4091 3258 4151 brir

2841 4133 3230 4193 Belours-Flanell

2826 4172 3110 4232 Schlafrochdessins,
3134 4173 3222 4233 erstäl

2826 4212 2862 4272 S.
2880 4217 2977 4277 1.40,
3002 4217 3195 4277 Verkauf:W

2915 4251 3027 4311 vorn
