3436 4384
688 276 801 336 blevet
836 276 936 336 ensom
988 276 1021 336 og
1059 279 1278 339 tungsindig.

1462 288 1932 348 Universitetsboghandelen
1976 290 1988 350 i
2023 290 2083 350 den
2131 290 2208 350 høj¬

725 333 797 393 Men
831 336 1028 396 Schnitzler
1081 336 1144 396 var
1197 338 1351 398 dengang
1390 339 1423 399 en
1467 348 1621 408 katolske
1650 346 1726 406 Stad
1761 345 1948 405 Innsbruch
2007 348 2044 408 og
2098 345 2208 405 udbad

688 391 914 451 trediveaarig
973 393 1040 453 ung
1095 393 1221 453 Mand,
1268 396 1301 456 en
1360 397 1435 457 glac

1460 407 1522 467 mig
1556 405 1590 465 en
1628 404 1661 464 af
1687 404 1775 464 hans
1805 404 1864 464 nys
1894 404 2066 464 udkomne
2095 404 2221 464 Bøger.

698 447 843 507 Wiener,
864 449 932 509 men
969 449 1021 509 for
1050 449 1147 509 hvert
1176 452 1265 512 Værk
1298 452 1362 512 han
1395 450 1423 510 si

1463 464 1521 524 Jeg
1558 464 1598 524 fik
1635 461 1694 521 det
1722 461 1826 521 Svar:
1854 461 1935 521 „Den
1976 461 2071 521 Slags
2104 461 2208 521 Litte¬

693 506 748 566 den
784 506 878 566 skrev
906 504 914 564 —
965 506 1155 566 Romaner,
1175 509 1356 569 Dramaer,
1376 510 1419 570 No

1466 521 1561 581 ratur
1591 520 1678 580 fører
1708 518 1740 578 vi
1762 519 1836 579 ikke
1866 521 1874 581 —
1924 518 2115 578 Schnitzler
2145 518 2203 578 kan

692 562 793 622 veller
816 564 829 624 —
878 563 948 623 blev
975 565 1085 625 Tonen
1117 566 1236 626 dybere
1263 568 1297 628 og
1325 568 1435 628 alvor¬

1466 578 1508 638 De
1539 578 1603 638 vist
1629 578 1684 638 faa
1711 578 1723 638 i
1749 578 1890 638 Kiosken
1921 578 1985 638 paa
2016 578 2208 638 Jernbane-

685 622 803 682 ligère.
838 622 1031 682 Schnitzler
1060 622 1117 682 var
1140 625 1327 685 oprindelig
1356 626 1429 686 Læ¬
1459 637 1679 697 stationen“.
1726 634 1804 694 Man
1846 634 1959 694 kunde
1988 634 2078 694 være
2113 632 2208 692 over¬

687 681 741 741 ge,
777 679 818 739 og
868 679 958 739 dette
991 679 1131 739 mærkes
1159 682 1290 742 gennem
1354 685 1426 745 hele
1463 693 1585 753 maade
1613 693 1826 753 konservativ
1849 691 1862 751 i
1881 691 1935 751 det
1954 691 2062 751 gamle
2085 691 2216 751 Østrig.

688 736 776 796 hans
801 736 1031 796 Produktion.
1070 739 1135 799 Der
1183 739 1215 799 er
1259 741 1334 801 ikke
1381 742 1437 802 det

1500 752 1548 812 Og
1611 751 1829 811 konservativ
1892 749 1954 809 var
2013 750 2213 810 Schnitzler

687 794 930 854 Spørgsmaal,
948 796 1001 856 som
1072 796 1107 856 en
1170 798 1307 858 alvorlig
1338 800 1435 860 Lage

1465 811 1597 871 mindst
1624 811 1659 871 af
1686 810 1752 870 alt.
1788 808 1863 868 Han
1899 808 1956 868 var
1983 808 2111 868 ganske
2138 805 2209 865 for¬

686 851 794 911 stilles
820 850 894 910 over
920 852 989 912 for,
1006 852 1058 912 som
1102 855 1162 915 han
1192 855 1266 915 ikke
1292 855 1356 915 har
1379 856 1434 916 be¬

1469 868 1617 928 domsfri
1633 869 1668 929 og
1700 867 1781 927 talte
1813 864 1982 924 naturligt
2003 866 2038 926 om
2085 867 2207 927 natur¬

689 907 771 967 rørt

840 908 1003 968 mest
1033 911 1160 971 direkte
1190 912 1203 972 i
1225 914 1440 974 Skuespillet
1469 924 1533 984 lige
1562 927 1662 987 Ting.
1698 924 1769 984 Men
1805 924 1869 984 han
1899 921 1969 981 blev
1999 922 2098 982 langt
2121 920 2212 980 mere

695 966 881 1026 „Professor
910 968 1141 1028 Bernhardi“.
1175 970 1246 1030 Men
1296 972 1356 1032 der
1395 974 1433 1034 er
1467 980 1527 1040 end
1561 984 1593 1044 en
1633 984 1770 1044 elegant
1793 982 1831 1042 og
1859 981 2096 1041 naturalistisk
2130 979 2206 1039 ind¬

691 1024 776 1084 flere
810 1025 1002 1085 Elementer
1036 1025 1082 1085 til
1109 1026 1148 1086 at
1182 1026 1294 1086 danne
1328 1030 1427 1090 netop
1468 1041 1574 1101 stiliet
1621 1041 1972 1101 Novelle-Forfatter,
2006 1038 2058 1098 som
2126 1038 2204 1098 man

690 1079 748 1139 den
782 1079 952 1139 Forfatter
982 1079 1048 1139 med
1082 1079 1136 1139 det
1162 1082 1282 1142 stærke
1308 1082 1341 1142 og
1375 1083 1412 1143 ud

1466 1097 1532 1157 ofte
1557 1097 1619 1157 har
1644 1097 1734 1157 villet
1754 1097 1918 1157 rubricere
1942 1097 2042 1157 ham.
2067 1096 2081 1156 I
2111 1095 2211 1155 Kraft

683 1136 843 1196 prægede
871 1139 1110 1199 Fysiognomi,
1132 1139 1190 1199 som
1239 1142 1415 1202 Schnitzle

1462 1154 1500 1214 af
1531 1154 1573 1214 sit
1599 1154 1702 1214 Sinds
1732 1154 1844 1214 Dybde
1874 1154 1913 1214 og
1947 1154 1990 1214 sin
2029 1151 2209 1211 ubændige

687 1193 781 1253 blev.

1460 1212 1576 1272 Trang
1609 1211 1651 1271 til
1675 1211 1815 1271 Analyse
1849 1210 1885 1270 af
1910 1211 1975 1271 alle
2004 1211 2214 1271 Menneske¬

720 1260 790 1320 Han
826 1265 997 1325 begyndte
1028 1265 1063 1325 at
1089 1265 1220 1325 skrive,
1261 1268 1300 1328 da
1362 1268 1422 1328 den
1463 1268 1615 1328 hjertets
1640 1268 1938 1328 Hemmeligheder
1959 1268 2030 1328 blev
2055 1268 2120 1328 han
2151 1269 2211 1329 og-

674 1319 940 1379 naturalistiske
970 1323 1132 1383 Digtning
1167 1324 1227 1384 var
1281 1323 1300 1383 i
1350 1325 1419 1385 fuld
1464 1326 1518 1386 saa
1548 1327 1582 1387 en
1617 1326 1750 1386 Digter.
1785 1324 1878 1384 Kølig
1908 1325 2016 1385 udad,
2032 1324 2105 1384 men
2135 1327 2204 1387 med

682 1377 804 1437 Gang.
842 1378 983 1438 Maaske
1012 1379 1059 1439 vil
1078 1381 1153 1441 man
1187 1381 1309 1441 nævne
1339 1381 1437 1441 Mau¬

1467 1385 1521 1445 den
1556 1384 1679 1444 hellige
1704 1384 1787 1444 Glød
1817 1384 1826 1444 i
1852 1384 1895 1444 sit
1916 1381 2053 1441 Hjerte.

682 1435 827 1495 passant
855 1438 911 1498 som
959 1438 991 1498 et
1024 1438 1230 1498 Forbillede,
1254 1439 1324 1499 men
1362 1441 1432 1501 rig¬

1865 1441 1980 1501 Julius
2005 1441 2174 1501 Clausen.

682 1493 796 1553 tignok
831 1494 900 1554 med
936 1494 994 1554 den
1035 1497 1188 1557 Forskel,
1209 1497 1263 1557 som
1313 1497 1367 1557 der
1402 1495 1431 1555 er

686 1551 802 1611 mellem
850 1551 882 1611 en
910 1554 1040 1614 Pariser
1064 1554 1101 1614 og
1125 1554 1157 1614 en
1190 1554 1339 1614 Wiener.
1368 1553 1437 1613 Thi

1725 1555 1942 1615 Noter.

686 1611 815 1671 næsten
845 1611 911 1671 alt,
927 1611 1013 1671 livad
1037 1611 1230 1671 Schnitzler
1254 1611 1316 1671 har
1341 1611 1432 1671 skre¬

1499 1620 1556 1680 Før
1585 1620 1696 1680 Krigen
1725 1621 1868 1681 tilbragte
1893 1620 2013 1680 Arthur
2038 1621 2210 1681 Schnitzler

683 1666 758 1726 vet,
778 1668 838 1728 har
864 1668 1106 1728 Lokalkolorit.
1142 1669 1253 1729 Tonen
1284 1671 1333 1731 fra
1359 1670 1429 1730 Alt-

1467 1671 1493 1731 et
1517 1669 1575 1729 Par
1598 1671 1702 1731 Somre
1726 1671 1739 1731 i
1762 1671 2007 1731 Nordsjælland.
2040 1671 2103 1731 Han
2135 1671 2207 1731 fær-

1465 1718 1555 1778 dedes
1593 1721 1734 1781 dengang
1770 1718 1893 1778 navnlig
1925 1720 1938 1780 i
1971 1718 2130 1778 Kredsen,
2158 1721 2207 1781 der

686 1724 797 1784 Wien,
817 1727 914 1787 snart
943 1727 1096 1787 munter,
1115 1727 1213 1787 snart
1241 1727 1432 1787 sentimen¬

1460 1769 1597 1829 samlede
1628 1769 1666 1829 sig
1697 1769 1834 1829 omkring
1865 1769 1955 1829 Peter
1981 1769 2123 1829 Nansen.
2170 1772 2209 1832 Af

684 1784 753 1844 tal,
776 1784 906 1844 klinger
929 1784 1108 1844 igennem.
1152 1787 1195 1847 Og
1234 1785 1287 1845 der
1315 1784 1348 1844 er
1375 1785 1429 1845 At¬

1465 1820 1543 1880 hans
1566 1817 1720 1877 Bekendte
1746 1820 1790 1880 fra
1813 1820 1865 1880 den
1896 1820 1944 1880 Tid
1971 1820 2001 1880 er
2024 1820 2072 1880 der
2099 1820 2204 1880 næppe

684 1841 868 1901 mosfæren
913 1841 961 1901 fra
1000 1843 1163 1903 Prateren
1202 1845 1240 1905 og
1284 1844 1419 1904 Wiener

1462 1868 1569 1928 mange
1602 1868 1733 1928 tilbage.
1781 1868 1902 1928 Mindet
1931 1868 1963 1928 om
2006 1868 2085 1928 disse
2119 1871 2207 1931 Som¬

689 1901 768 1961 wald
829 1901 907 1961 eller
961 1901 1028 1961 ude
1062 1901 1114 1961 fra
1141 1901 1353 1961 Semmering
1394 1909 1426 1969 og
1467 1919 1626 1979 merbesog
1653 1919 1732 1979 sogte
1759 1919 1932 1979 Schnitzler
1959 1919 1991 1979 at
2012 1919 2124 1979 fæstne
2151 1919 2204 1979 ved

681 1957 1000 2017 Salzkammergut.
1029 1959 1105 2019 Men
1134 1960 1194 2020 paa
1223 1960 1360 2020 Bunden
1394 1961 1432 2021 af
1465 1965 1498 2025 at
1521 1969 1680 2029 henlægge
1709 1967 1741 2027 en
1775 1967 1808 2027 af
1836 1966 1968 2026 Akterne
1991 1967 2006 2027 i
2029 1968 2056 2028 et
2084 1969 2117 2029 af
2140 1969 2205 2029 sine

1459 2017 1551 2077 sidste
1582 2018 1728 2078 Skuespil
1751 2017 1790 2077 til
1813 2017 1843 2077 et
1871 2017 2016 2077 Badested
2048 2017 2127 2077 Nord
2158 2017 2206 2077 for

688 2017 746 2077 den
779 2017 887 2077 glatte
937 2017 975 2077 og
1035 2019 1230 2079 behagelige
1269 2017 1431 2077 Verdens¬

1466 2068 1676 2128 Kobenhavn.
1741 2066 1977 2126 Gennemlæser
2012 2065 2080 2125 man
2124 2068 2200 2128 hans

681 2074 910 2134 mandstone,
930 2074 990 2134 der
1019 2074 1075 2134 dog
1108 2077 1173 2137 kun
1212 2076 1244 2136 er
1273 2074 1432 2134 Overfla¬

1459 2118 1552 2178 Regie
1581 2118 1617 2178 til
1641 2116 1739 2176 denne
1767 2117 1842 2177 Akt,
1861 2116 1935 2176 viser
1964 2116 2014 2176 det
2038 2116 2080 2176 sig
2108 2116 2201 2176 imid¬

680 2129 740 2189 den
773 2133 806 2193 og
844 2133 1139 2193 Indramningen,
1177 2134 1331 2194 gemmer
1379 2136 1425 2196 sig

1459 2165 1564 2225 lertid,
1587 2166 1618 2226 at
1645 2166 1693 2226 det
1720 2166 1786 2226 ikke
1818 2164 1849 2224 er
1876 2166 1968 2226 noget
1995 2166 2204 2226 paafaldende

677 2190 890 2250 Schnitzlers
941 2190 1024 2250 dybe
1075 2190 1109 2250 og
1159 2190 1431 2250 indtrængende

1460 2215 1584 2275 præecist
1613 2217 1746 2277 Billede,
1771 2215 1827 2275 han
1861 2214 1961 2274 havde
1995 2215 2124 2275 bevaret
2148 2217 2195 2277 fra

677 2247 910 2307 psykologiske
941 2250 1049 2310 Sans.
1090 2249 1163 2309 Han
1199 2250 1253 2310 ser
1278 2250 1342 2310 lige
1368 2250 1426 2310 ind

1461 2265 1638 2325 Danmark.

678 2307 718 2367 til
744 2307 896 2367 Hjertets
922 2304 936 2364 —
988 2307 1165 2367 allerhelst
1191 2307 1429 2367 Kvindehjer-

679 2364 742 2424 tets
775 2362 791 2422 —
845 2364 989 2424 Motiver
1022 2366 1059 2426 og
1092 2367 1263 2427 Følelser,
1285 2368 1322 2428 og
1355 2367 1424 2427 han

1492 2372 1668 2432 Schnitzler
1697 2372 1747 2432 var
1775 2372 1873 2432 endnu
1906 2372 1919 2432 i
1943 2372 1975 2432 de
2003 2372 2110 2432 senere
2138 2372 2198 2432 Aar

677 2423 770 2483 borer
790 2423 922 2483 Sonden
952 2423 1026 2483 deri
1041 2423 1109 2483 med
1139 2423 1168 2483 en
1199 2423 1419 2483 forstaaende
1454 2421 1488 2481 en
1523 2423 1626 2483 meget
1651 2423 1754 2483 spillet
1779 2420 1995 2480 Dramatiker.
2035 2423 2108 2483 Ikke
2138 2424 2202 2484 blot

1453 2474 1467 2534 i
1491 2471 1688 2531 tysktalende
1712 2471 1832 2531 Lande,
1852 2471 1918 2531 men
1953 2471 2039 2531 ogsaa
2068 2473 2082 2533 i
2107 2473 2202 2533 Ame-

682 2483 718 2543 og
746 2480 963 2540 medfølende
990 2480 1195 2540 Lidenskab.

1456 2520 1517 2580 rika
1554 2523 1675 2583 opføres
1704 2522 1782 2582 hans
1811 2520 1941 2580 Stykker
1970 2522 2198 2582 overordentlig

721 2547 787 2607 Tag
821 2549 876 2609 den
909 2549 1142 2609 vidunderlige
1171 2549 1237 2609 lille
1265 2552 1425 2612 Tragedie

1457 2573 1605 2633 hyppigt.
1653 2571 1854 2631 Herhjemme
1907 2571 1959 2631 var
2012 2570 2088 2630 den,
2103 2573 2194 2633 sidste

675 2605 710 2665 om
759 2605 873 2665 „Berta
904 2605 1073 2665 Garlan“,
1091 2605 1122 2665 en
1152 2605 1194 2665 af
1213 2606 1424 2666 Schnitzlers
1461 2614 1756 2674 Schnitzier-Nyhed
1800 2620 1914 2680 vistnok
1957 2618 2011 2678 det
2042 2620 2198 2680 omdispu¬

672 2663 765 2723 mest
785 2662 942 2722 skattede
967 2662 1095 2722 Bøger,
1130 2662 1208 2722 eller
1253 2663 1311 2723 læs
1356 2663 1414 2723 den
1455 2666 1557 2726 terede
1592 2666 1759 2726 „Reigen“,
1779 2667 1823 2727 som
1868 2666 1921 2726 Fru
1956 2668 2044 2728 Betty
2074 2668 2192 2728 Nansen

1457 2716 1535 2776 efter
1587 2717 1680 2777 haard
1737 2716 1970 2776 forudgaaende
2007 2719 2198 2779 Pennefejde

673 2722 842 2782 prægtige
875 2722 1005 2782 Roman
1044 2722 1169 2782 „Vejen
1207 2722 1250 2782 til
1278 2721 1419 2781 Frihed“

688 2780 782 2840 („Der
809 2779 883 2839 Weg
918 2779 965 2839 ins
993 2779 1147 2839 Freie");
1175 2781 1243 2841 grib
1271 2782 1283 2842 i
1304 2782 1419 2842 Flang
1461 2769 1500 2829 fik
1535 2767 1663 2827 Censors
1691 2767 1853 2827 Tilladelse
1881 2767 1920 2827 til
1941 2769 1975 2829 at
2003 2770 2110 2830 opfore
2138 2773 2198 2833 paa

677 2838 792 2898 mellem
833 2838 921 2898 hans
949 2837 1099 2897 samlede
1127 2838 1275 2898 Værker,
1290 2838 1331 2898 og
1359 2838 1412 2898 den
1454 2817 1501 2877 sit
1522 2814 1650 2874 l'eater.

677 2893 740 2953 ene
765 2895 859 2955 Perle
884 2895 1026 2955 knytter
1051 2895 1095 2955 sig
1125 2895 1169 2955 til
1189 2895 1247 2955 den
1282 2895 1385 2955 anden
1420 2898 1429 2958 i

679 2955 737 3015 den
767 2955 865 3015 lange
890 2952 1017 3012 Kæde.
1047 2952 1111 3012 Der
1136 2952 1170 3012 er
1195 2952 1248 3012 den
1278 2955 1425 3015 rørende

678 3012 826 3072 Historie
853 3012 890 3072 om
933 3012 969 3072 de
997 3012 1028 3072 to
1055 3012 1166 3072 blinde
1193 3012 1341 3072 Brødre,
1357 3012 1410 3072 som

673 3071 861 3131 forgangen
896 3068 964 3128 Aar
990 3068 1063 3128 blev
1089 3068 1227 3128 oversat
1277 3068 1336 3128 her
1386 3068 1429 3128 til

671 3128 801 3188 Fordel
821 3128 873 3188 for
898 3128 1125 3188 Blindesagen
1160 3125 1173 3185 —
1223 3125 1256 3185 og
1285 3128 1420 3188 hvilken

671 3185 762 3245 mere
792 3186 932 3246 talende
957 3186 1189 3246 Propaganda
1219 3185 1330 3245 kunde
1365 3187 1422 3247 den

677 3245 780 3305 ønske
810 3245 879 3305 sig!
924 3242 992 3302 Der
1017 3244 1052 3304 er
1082 3245 1269 3305 „Løjtnant
1299 3245 1431 3305 Gusti“,

677 3301 734 3361 der
758 3301 791 3361 er
816 3301 1013 3361 Badelægen
1047 3301 1109 3361 Dr.
1124 3301 1297 3361 Grässler,
1317 3301 1369 3361 der
1394 3303 1427 3363 er

678 3361 740 3421 alle
776 3361 812 3421 de
854 3358 1024 3418 Kvinder,
1052 3361 1129 3421 hvis
1160 3361 1418 3421 Hemmelighed

672 3418 737 3478 han
770 3418 835 3478 har
859 3418 1018 3478 forraadt
1042 3418 1112 3478 med
1141 3418 1177 3478 øm
1220 3418 1257 3478 og
1286 3418 1402 3478 varsom

668 3476 884 3536 Forstaaelse
908 3475 941 3535 og
970 3477 1102 3537 Omhed
1130 3475 1182 3535 som
1220 3475 1234 3535 i
1253 3474 1309 3534 det
1333 3474 1422 3534 store

672 3534 723 3594 fem
765 3534 848 3594 Akts
874 3534 1040 3594 Skuespil
1061 3534 1149 3594 „Das
1176 3534 1268 3594 weite
1295 3534 1429 3594 Land“.

673 3592 730 3652 der
755 3594 846 3654 trods
866 3594 982 3654 Lofter
1007 3593 1113 3653 aldrig
1137 3591 1205 3651 blev
1234 3592 1345 3652 spillet
1365 3591 1427 3651 hos

671 3654 723 3714 os;
753 3653 786 3713 og
820 3651 877 3711 der
907 3651 940 3711 er
970 3651 1027 3711 den
1061 3651 1147 3711 unge
1177 3651 1307 3711 Frøken
1341 3651 1432 3711 Else,

671 3710 730 3770 der
760 3710 814 3770 ved
850 3710 893 3770 sit
914 3710 1057 3770 Legeme
1087 3707 1211 3767 redder
1236 3707 1280 3767 sin
1315 3707 1423 3767 Fader

666 3768 722 3828 fra
779 3770 891 3830 Ruin,
938 3768 980 3828 og
1041 3767 1092 3827 som
1173 3767 1285 3827 endda
1346 3767 1421 3827 blev

671 3827 910 3887 filmatiseret.
957 3827 994 3887 Ja
1033 3825 1088 3885 der
1117 3824 1150 3884 er
1178 3825 1244 3885 nok
1277 3825 1314 3885 at
1343 3826 1418 3886 tage

671 3885 725 3945 af.
760 3885 804 3945 Og
829 3884 942 3944 meget
963 3884 1016 3944 af,
1032 3884 1115 3944 hvad
1145 3884 1209 3944 han
1239 3884 1303 3944 har
1323 3884 1421 3944 skre¬

672 3943 744 4003 vet,
795 3940 904 4000 bærer
954 3940 1081 4000 Mærke
1136 3940 1177 4000 af
1228 3940 1423 4000 Mesterens

674 4000 824 4060 Haand.

713 4066 909 4126 Schnitzler
935 4066 976 4126 fik
1007 4066 1037 4126 en
1069 4066 1249 4126 Aarrække
1275 4066 1337 4126 Ord
1368 4066 1419 4126 for

672 4125 709 4185 at
736 4125 826 4185 være
853 4125 891 4185 en
923 4123 1093 4183 Kyniker.
1136 4124 1178 4184 Og
1211 4123 1301 4183 hans
1329 4123 1424 4183 sam¬

678 4182 899 4242 menkæedede
932 4180 1061 4240 Række
1094 4182 1131 4242 af
1165 4182 1304 4242 dristige
1338 4179 1418 4239 Sce¬

677 4246 754 4306 ner,
773 4243 826 4303 som
869 4242 935 4302 han
972 4243 1067 4303 dobte
1098 4242 1278 4302 „Reigen",
1303 4243 1357 4303 var
1381 4245 1417 4305 jo
