3248 4384
216 341 291 401 2.
349 345 942 405 Schnitzler's
1010 349 1238 409 Death

1444 348 1577 408 box
1665 354 1852 414 43/5

900 1972 983 2032 durch
1010 1973 1057 2033 den
1083 1974 1187 2034 Verlag

646 2044 774 2104 Knorr
804 2045 817 2105 &
855 2044 962 2104 Hirth
991 2045 1056 2105 G.
1064 2047 1113 2107 m.
1128 2047 1163 2107 b.
1171 2048 1235 2108 H.,
1250 2047 1444 2107 München

886 2096 1150 2156 Sendlingerstraße
1166 2099 1198 2159 80

1706 2245 1867 2305 auslegte,
1879 2250 2030 2310 orchestral
2053 2255 2137 2315 kraste
2161 2258 2213 2318 und
2247 2264 2409 2324 prachvoll
2421 2267 2473 2327 aus¬

1784 2286 1834 2346 das
1867 2289 1946 2349 stellte
1980 2292 2021 2352 die
2051 2298 2259 2358 einzigartige,
2281 2304 2472 2364 eigenwillige

1696 2321 1794 2381 sichkeit
1821 2326 1910 2386 dieses
1942 2332 2161 2392 Urmusikanten
2197 2340 2219 2400 in
2251 2341 2362 2401 hellstes
2394 2345 2474 2405 Licht.

1699 2361 1712 2421 r
1745 2362 1845 2422 (unser
1878 2372 2232 2432 Pfalzorchester,
2260 2378 2306 2438 das
2343 2382 2467 2442 tadellos

1664 2399 1668 2459 —
1725 2402 1775 2462 und
1804 2404 1949 2464 Dirigent
1973 2410 2090 2470 wurden
2128 2415 2184 2475 sehr
2213 2417 2348 2477 gefeiert.

866 2446 935 2506 Der
967 2452 1129 2512 lachende
1161 2460 1346 2520 Schnitzler

1606 2456 1802 2516 Stadttheater
1830 2463 1967 2523 Neustadt
1990 2466 2017 2526 a.
2036 2470 2063 2530 d.
2082 2472 2150 2532 Hdt.
2173 2476 2237 2536 Zum
2274 2478 2356 2538 ersten
2383 2483 2465 2543 Male

1571 2497 1704 2557 gastierte
1730 2497 1772 2557 die
1798 2502 1952 2562 Pfalzoper
1974 2511 2214 2571 Kaiserslautern
2244 2517 2286 2577 bei
2308 2519 2381 2579 uns.
2407 2522 2462 2582 Sie

1575 2532 1620 2592 kam
1667 2534 1720 2594 mit
1746 2537 1795 2597 der
1829 2546 2141 2606 „Dollarprinzessin",
2167 2552 2245 2612 einer
2275 2555 2375 2615 fauber
2408 2561 2462 2621 und

724 2550 910 2610 Schnitzler,
941 2555 1011 2615 auch
1052 2561 1082 2621 im
1133 2568 1385 2628 Freundeskreis
1421 2577 1531 2637 häufig

1568 2572 1767 2632 einwandfrei
1793 2579 1984 2639 inszenierten
2022 2588 2230 2648 Aufführung.
2264 2593 2343 2653 Neue
2372 2597 2463 2657 origi¬

653 2585 738 2645 mehr
772 2588 815 2648 als
849 2594 958 2654 bissig,
983 2599 1045 2659 sitzt
1074 2601 1131 2661 mit
1160 2605 1341 2665 Bekannten
1375 2610 1404 2670 in
1442 2613 1528 2673 Wien

1571 2608 1658 2668 nelle,
1675 2613 1833 2673 leuchtende
1858 2622 2095 2682 Bühnenbilder,
2117 2626 2158 2686 die
2179 2631 2353 2691 beschwingte
2379 2636 2462 2696 musi¬

645 2626 827 2686 plaudernd
869 2632 1070 2692 zusammen.
1111 2643 1156 2703 In
1203 2648 1390 2708 angeregter
1431 2653 1540 2713 Stim¬

1569 2649 1679 2709 kalische
1701 2653 1816 2713 Leitung
1843 2657 1967 2717 Adlers,
1985 2663 2108 2723 neckische
2131 2668 2242 2728 Tänze,
2260 2671 2326 2731 neue
2348 2675 2454 2735 hübsche

646 2662 743 2722 mung
781 2668 907 2728 erzählt
940 2674 1112 2734 Schnitzler
1150 2680 1234 2740 einen
1276 2686 1369 2746 Witz,
1398 2689 1453 2749 den
1496 2692 1528 2752 er

1571 2686 1699 2746 Kostüme
1749 2692 1801 2752 und
1850 2698 2060 2758 insbesondere
2097 2705 2194 2765 einige
2230 2710 2456 2770 ausgezeichnete

642 2701 773 2761 kürzlich
814 2708 976 2768 irgendwo
1017 2716 1133 2776 gehört
1165 2720 1240 2780 hat.

1564 2725 1705 2785 solistische
1730 2732 1896 2792 Leistungen
1929 2737 2046 2797 wirkten
2079 2743 2257 2803 zusammen,
2286 2746 2322 2806 um
2371 2751 2447 2811 einen

688 2752 894 2812 Schallendes
927 2760 1117 2820 Gelächter;
1144 2767 1276 2827 plötzlich
1315 2775 1383 2835 sagt
1416 2777 1468 2837 M.
1484 2781 1521 2841 P.

1559 2762 1708 2822 freudigen
1742 2772 1991 2832 Gesamteindruck
2017 2779 2046 2839 zu
2080 2782 2229 2842 erwecken.
2259 2785 2321 2845 Der
2347 2790 2454 2850 Beifall

647 2788 698 2848 der
726 2789 805 2849 nicht
833 2794 907 2854 ganz
936 2801 1135 2861 unbekannte
1159 2809 1368 2869 Mitarbeiter
1396 2816 1521 2876 Wiener

1563 2803 1621 2863 war
1663 2806 1792 2866 überaus
1834 2811 1966 2871 herzlich,
2005 2817 2029 2877 so
2063 2818 2113 2878 daß
2159 2820 2283 2880 mehrere
2317 2826 2450 2886 Schlager

645 2826 775 2886 Blätter
822 2832 883 2892 und
930 2838 1032 2898 Vater
1074 2843 1260 2903 zahlreicher
1307 2853 1517 2913 Aphorismen

1561 2838 1594 2898 da
1623 2841 1689 2901 capo
1719 2846 1860 2906 gesungen
1894 2850 2001 2910 werden
2035 2856 2168 2916 mußten.
2201 2862 2363 2922 Besonders
2392 2865 2450 2925 Elli

646 2865 707 2925 und
741 2871 933 2931 Paradoxe:
958 2880 1164 2940 „Glänzend,
1193 2885 1245 2945 wir
1265 2887 1317 2947 lich
1351 2892 1533 2952 glänzend!

1556 2877 1687 2937 Spieß
1728 2884 1828 2944 feierte
1869 2889 1914 2949 als
1956 2890 2037 2950 Alice
2079 2895 2156 2955 kraft
2183 2898 2260 2958 ihrer
2293 2902 2442 2962 perlenden

633 2903 728 2963 Diese
765 2911 906 2971 Pointe!
947 2916 1002 2976 Ich
1043 2923 1196 2983 wünschte
1232 2927 1383 2987 wirklich,
1414 2934 1515 2994 diesen

1559 2916 1683 2976 Stimme
1712 2921 1768 2981 und
1793 2924 1869 2984 ihrer
1898 2931 2148 2991 ausgezeichneten
2181 2940 2358 3000 Darstellung
2391 2943 2439 3003 von

640 2943 717 3003 Witz
750 2948 832 3008 hätte
864 2952 905 3012 ich
937 2955 1093 3015 gemacht!

1559 2952 1610 3012 Akt
1632 2955 1658 3015 zu
1688 2958 1739 3018 Akt
1761 2964 1937 3024 Triumphe,
1964 2971 2097 3031 Vincenz
2123 2975 2256 3035 Prößl
2278 2980 2321 3040 als
2347 2985 2445 3045 Wehr¬

673 2994 806 3054 Darauf
840 3002 1031 3062 Schnitzler,
1060 3006 1122 3066 mit
1156 3012 1328 3072 todernstem
1381 3018 1524 3078 Gesicht:

1556 2992 1626 3052 burg
1652 2997 1759 3057 belebte
1785 3001 1822 3061 die
1848 3004 2038 3064 Aufführung
2068 3012 2142 3072 durch
2172 3015 2222 3075 sein
2251 3018 2375 3078 überaus
2401 3023 2446 3083 ge¬

1554 3032 1682 3092 wandtes
1711 3037 1800 3097 Spiel
1824 3039 1876 3099 und
1905 3044 1949 3104 den
1982 3048 2094 3108 Einsatz
2119 3052 2208 3112 seiner
2232 3056 2438 3116 gewinnenden

668 3035 736 3095 „Du
774 3036 891 3096 wirst
924 3041 971 3101 ihn
1009 3047 1153 3107 machen,
1180 3050 1276 3110 lieber
1314 3056 1462 3116 Freund!

1546 3073 1744 3133 Stimmittel.
1784 3080 1867 3140 Hugo
1908 3088 2270 3148 Würtenberger,
2302 3095 2350 3155 der
2390 3098 2442 3158 mit

1550 3110 1653 3170 großem
1691 3115 1808 3175 Geschick
1834 3117 1875 3177 die
1901 3122 1988 3182 etwas
2018 3126 2155 3186 veraltete
2181 3133 2435 3193 Dollarprinzessin

670 3140 795 3200 Arthur
821 3145 987 3205 Schnitzler
1018 3150 1134 3210 kommt
1155 3155 1210 3215 von
1246 3159 1332 3219 einer
1357 3164 1508 3224 längeren

1549 3146 1572 3206 in
1609 3149 1649 3209 ein
1682 3152 1771 3212 neues
1803 3158 1932 3218 Gewand
1973 3163 2070 3223 steckte,
2103 3167 2163 3227 war
2203 3170 2244 3230 ein
2285 3175 2433 3235 prächtigen

634 3179 877 3239 Vortragsreise
916 3188 1025 3248 zurück
1064 3191 1127 3251 und
1165 3194 1241 3254 wird
1285 3200 1356 3260 nach
1395 3205 1495 3265 seinem

1546 3188 1638 3248 „John
1675 3191 1826 3251 Couder“.
1866 3197 1973 3257 Einige
2004 3205 2213 3265 humoristische
2245 3211 2347 3271 Rollen
2396 3215 2440 3275 er¬

623 3218 737 3278 Erfolg
772 3223 920 3283 gefragt.
956 3227 1054 3287 Müde
1090 3231 1188 3291 winkt
1214 3235 1248 3295 er
1284 3239 1337 3299 ab.

1544 3229 1662 3289 gänzten
1698 3230 1742 3290 den
1773 3236 1857 3296 guten
1893 3242 2152 3302 Gesamteindruck.

664 3265 762 3325 „Ach,
782 3268 880 3328 laßt's
911 3271 979 3331 mich
1010 3277 1191 3337 zufrieden.
1226 3283 1314 3343 Zwei
1339 3289 1511 3349 Sekretäre

616 3304 678 3364 hab
722 3304 760 3364 ich
799 3309 972 3369 gebraucht
1007 3316 1156 3376 während
1200 3320 1252 3380 der
1291 3327 1402 3387 Reise.
1441 3331 1507 3391 Der

615 3338 688 3398 eine
720 3346 953 3406 beantwortere
990 3351 1035 3411 die
1068 3356 1199 3416 Briefe,
1228 3361 1273 3421 die
1305 3366 1346 3426 ich
1378 3368 1515 3428 erhielt,

1553 3370 1618 3430 Das
1649 3379 1936 3439 Landeslhealer
1959 3384 1987 3444 in
2018 3390 2179 3450 Speyer:

616 3379 670 3439 der
716 3383 833 3443 andere
876 3389 1043 3449 versandte
1086 3397 1270 3457 Haarlocken
1320 3403 1357 3463 an
1404 3407 1504 3467 meine

615 3418 774 3478 Verehrer
806 3426 868 3486 und
895 3433 1175 3493 Verehrerinnen.
1207 3439 1290 3499 Aber
1313 3442 1402 3502 beide
1429 3446 1504 3506 habe

611 3460 654 3520 ich
697 3460 798 3520 leider
836 3466 1018 3526 unterwegs
1057 3474 1263 3534 zurücklassen
1306 3483 1450 3543 müssen!

1707 3477 2072 3537 „Wallensteins
2116 3481 2240 3541 Tod“

653 3501 755 3561 „Ach,
780 3503 892 3563 warum
937 3507 1043 3567 denn?

1575 3526 1644 3586 Wie
1669 3533 1856 3593 Schiller
1886 3538 1955 3598 einst
1980 3542 2034 3602 vor
2059 3545 2113 3605 nun
2148 3549 2242 3609 etwas
2272 3552 2351 3612 mehr
2376 3555 2420 3615 als

658 3546 773 3606 „Nun,
798 3547 848 3607 der
884 3553 949 3613 eine
980 3556 1060 3616 liegt
1091 3559 1116 3619 im
1161 3563 1281 3623 Spital
1308 3570 1368 3630 mit
1398 3573 1483 3633 einem

1537 3564 1586 3624 130
1614 3567 1727 3627 Jahren
1759 3574 1972 3634 Wallenstein,
1991 3578 2036 3638 den
2073 3584 2258 3644 verwegenen
2290 3590 2421 3650 Charak¬

613 3588 1007 3648 Schreibkrampf,
1057 3597 1121 3657 und
1181 3603 1235 3663 der
1290 3609 1408 3669 andere
1457 3615 1500 3675 ist

1536 3603 1600 3663 ter,
1611 3605 1660 3665 den
1686 3606 1821 3666 Schöpfer
1847 3612 1952 3672 kühner
1972 3617 2083 3677 Heere,
2093 3619 2143 3679 des
2164 3623 2274 3683 Lagers
2294 3627 2424 3687 Abgott,

610 3627 875 3687 kahlköpfig
923 3636 1108 3696 geworden!

1530 3635 1586 3695 der
1614 3639 1731 3699 Länder
1759 3645 1880 3705 Geißel,
1900 3649 1946 3709 die
1975 3653 2073 3713 Stütze
2106 3657 2156 3717 und
2190 3660 2236 3720 den
2269 3663 2414 3723 Schrecken

1535 3675 1625 3735 seines
1657 3681 1793 3741 Kaisers,
1812 3684 1861 3744 des
1890 3686 2007 3746 Glückes
2035 3693 2289 3753 abenteuerlichen
2322 3700 2425 3760 Sohn,

649 3712 795 3772 Professor
815 3715 1073 3775 Kuappertsbusch
1092 3721 1119 3781 in
1148 3727 1396 3787 Ludwigshafen.
1425 3736 1498 3796 Nach

1530 3711 1581 3771 dem
1624 3713 1731 3773 Herzen
1769 3722 1932 3782 menschlich
1966 3726 2059 3786 näher
2087 3730 2213 3790 bringen
2251 3734 2367 3794 wollte,
2391 3737 2414 3797 so

1532 3749 1584 3809 hat
1611 3749 1663 3809 uns
1695 3755 1747 3815 das
1774 3758 2016 3818 Landestheater
2043 3764 2091 3824 den
2127 3769 2232 3829 Helden
2268 3772 2320 3832 aus
2352 3774 2395 3834 dem

603 3749 779 3809 Hausegger
808 3753 863 3813 und
891 3759 1123 3819 Waltershausen
1161 3762 1203 3822 kam
1245 3768 1300 3828 nun
1338 3773 1412 3833 auch,
1435 3777 1495 3837 ein=
1534 3787 1709 3847 30jährigen
1742 3792 1831 3852 Krieg
1859 3795 1882 3855 in
1910 3798 2002 3858 seines
2031 3801 2142 3861 Lebens
2166 3807 2272 3867 Drang
2296 3812 2421 3872 gezeigt.

600 3791 722 3851 geladen
758 3791 806 3851 vom
846 3797 1136 3857 Bildungsausschuß
1171 3806 1215 3866 der
1245 3809 1284 3869 J.
1309 3809 1348 3869 G.
1373 3813 1500 3873 Farben,

1529 3827 1740 3887 Dreihundert
1765 3830 1863 3890 Jahre
1894 3834 1948 3894 sind
1978 3837 2036 3897 seit
2057 3840 2144 3900 jenen
2175 3844 2277 3904 Tagen
2308 3848 2415 3908 unsäg¬

603 3834 749 3894 Grofessor
772 3834 856 3894 Hans
880 3841 1268 3901 Knappertsbusch,
1291 3851 1336 3911 der
1359 3852 1494 3912 Münche=
1529 3860 1618 3920 licher
1653 3863 1715 3923 Not
1749 3866 1777 3926 in
1811 3870 1952 3930 deutschen
1998 3875 2109 3935 Landen
2150 3887 2414 3947 dahingerauscht;
