3392 4352
201 334 328 394 12.
379 340 972 400 Schnitzler's
1043 342 1279 402 Death

330 1301 364 1361 Im
400 1305 476 1365 Jähr
498 1306 561 1366 1900
590 1309 695 1369 gingen
724 1309 793 1369 wir,
815 1311 870 1371 mit
886 1313 1067 1373 Freunden,
1083 1318 1265 1378 halbnachts
1287 1318 1336 1378 von
1364 1321 1448 1381 Tirol

274 1343 348 1403 über
379 1346 428 1406 das
460 1350 706 1410 Schlapina-Joch
741 1352 766 1412 in
802 1353 851 1413 die
878 1356 1032 1416 Schweiz.
1074 1356 1128 1416 Mit
1154 1360 1350 1420 Rucksäcken
1386 1365 1440 1425 und

275 1388 357 1448 einem
402 1391 534 1451 Führer.
574 1391 629 1451 Die
663 1392 740 1452 Welt
762 1395 806 1455 lag
840 1398 939 1458 offen.

329 1432 473 1492 Dreimal
489 1434 584 1494 trafen
614 1435 669 1495 wir
695 1437 749 1497 uns
775 1440 880 1500 später
906 1440 931 1500 in
961 1443 1066 1503 Wien.
1102 1445 1156 1505 Oft
1177 1446 1201 1506 im
1242 1449 1447 1509 Grunewald.

328 1474 374 1534 Ich
421 1476 498 1536 habe
545 1479 648 1539 seinen
690 1482 808 1542 Anfang
844 1483 1014 1543 begleitet;
1056 1488 1081 1548 in
1118 1490 1344 1550 Freundschaft
1376 1494 1437 1554 sein

269 1518 393 1578 Leben.

322 1562 439 1622 Immer
469 1562 581 1622 wollten
611 1566 664 1626 wir
689 1568 865 1628 gemeinsam
905 1571 968 1631 mal
988 1573 1056 1633 nach
1091 1574 1173 1634 einem
1208 1577 1261 1637 Ort
1282 1577 1306 1637 im
1345 1579 1443 1639 Früh¬

271 1604 325 1664 ling
356 1605 481 1665 fahren,
496 1607 546 1667 bei
567 1607 672 1667 Wien,
687 1610 742 1670 der
768 1613 868 1673 (glaub
899 1616 958 1676 ich)
984 1617 1134 1677 Weidling
1160 1619 1194 1679 am
1230 1619 1305 1679 Bach
1335 1621 1445 1681 heisst.

267 1646 341 1706 Noch
372 1647 417 1707 als
442 1646 472 1706 er
502 1649 522 1709 in
558 1651 673 1711 meiner
703 1655 879 1715 Krankheit
900 1658 929 1718 zu
960 1659 1020 1719 mir
1045 1660 1130 1720 kam,
1146 1662 1336 1722 beschlossen
1372 1667 1446 1727 wir:

268 1691 292 1751 in
333 1691 418 1751 einem
469 1693 610 1753 Frühling
651 1694 700 1754 die
736 1696 831 1756 Fahrt
862 1700 932 1760 nach
973 1703 1124 1763 Weidling
1160 1706 1194 1766 am
1245 1707 1341 1767 Bach.
1387 1710 1441 1770 Mir

264 1731 347 1791 fehlt
367 1733 435 1793 noch
465 1736 577 1796 immer
602 1736 650 1796 der
675 1738 811 1798 Begriff,
831 1741 871 1801 wo
900 1743 949 1803 das
979 1745 1135 1805 eigentlich
1165 1749 1252 1809 liegt,
1267 1750 1359 1810 noch,
1380 1753 1438 1813 was

265 1772 319 1832 das
350 1776 405 1836 ist.
446 1777 485 1837 Es
516 1777 576 1837 soll
602 1783 989 1843 österreichisch-herrlich
1025 1788 1105 1848 sein.
1151 1791 1196 1851 Ich
1232 1795 1357 1855 glaubte
1388 1793 1442 1853 da¬

266 1819 357 1879 mals,
380 1819 434 1879 vor
462 1822 507 1882 ihm
548 1822 580 1882 zu
612 1822 753 1882 sterben.

322 1861 416 1921 Wann
440 1864 546 1924 fahren
582 1867 635 1927 wir
659 1870 729 1930 nach
759 1870 912 1930 Weidling
942 1873 971 1933 am
1013 1876 1113 1936 Bach?
1155 1876 1231 1936 Nie.

1162 1928 1275 1988 Alfred
1304 1930 1399 1990 Kerr.

415 2037 966 2097 SCHNITZLERS
1016 2044 1284 2104 HAUS.

1029 2111 1146 2171 WIEN,
1164 2115 1215 2175 22.
1232 2115 1378 2175 Oktober.

320 2153 345 2213 In
382 2153 433 2213 dem
474 2154 587 2214 Monat,
613 2155 664 2215 den
701 2156 726 2216 er
758 2158 793 2218 am
835 2161 958 2221 meisten
994 2162 1097 2222 liebte,
1123 2164 1158 2224 ist
1185 2168 1349 2228 Schnitzler
1380 2170 1431 2230 aus

259 2193 340 2253 Wien
369 2195 416 2255 und
445 2195 497 2255 der
517 2196 593 2256 Welt
613 2201 851 2261 weggegangen.
885 2206 913 2266 Im
952 2207 1080 2267 Oktober
1105 2208 1142 2268 ist
1163 2209 1238 2269 diese
1263 2211 1339 2271 Welt
1358 2215 1424 2275 noch

257 2238 345 2298 bunt,
365 2240 483 2300 obwohl
503 2242 542 2302 sie
567 2243 615 2303 zum
655 2245 733 2305 Tode
758 2246 920 2306 verurteilt
940 2251 989 2311 ist,
1009 2249 1057 2309 der
1083 2253 1249 2313 November
1274 2256 1323 2316 hat
1343 2258 1431 2318 keine

262 2282 404 2342 Aussicht
429 2286 531 2346 mehr,
551 2288 605 2348 auf
630 2288 679 2348 die
709 2291 928 2351 Häuserhügel
958 2294 1012 2354 und
1042 2296 1135 2356 Täler
1160 2297 1262 2357 Wiens
1292 2300 1350 2360 und
1380 2302 1433 2362 auf

260 2327 475 2387 Weiterleben.
516 2330 575 2390 Den
611 2333 801 2393 blätterlosen
832 2335 947 2395 Herbst
973 2337 1023 2397 hat
1048 2338 1208 2398 Schnitzler
1239 2342 1319 2402 nicht
1344 2344 1429 2404 mehr

252 2371 453 2431 abgewartet.
488 2374 532 2434 Er
557 2374 590 2434 ist
616 2375 669 2435 mit
689 2377 787 2437 seinem
832 2380 924 2440 stillen
954 2380 1077 2440 Gesicht
1102 2383 1155 2443 aus
1181 2384 1259 2444 Wien
1294 2387 1347 2447 und
1377 2390 1431 2450 aus

256 2416 438 2476 Oesterreich
474 2419 707 2479 fortgegangen.

306 2461 364 2521 Die
391 2464 486 2524 kleine
518 2467 592 2527 Villa
619 2467 640 2527 in
672 2468 719 2528 der
741 2472 1058 2532 Sternwartestrasse!
1096 2476 1159 2536 Das
1181 2478 1329 2538 geliebte,
1345 2479 1429 2539 teure

252 2506 339 2566 Haus
365 2508 462 2568 stiller
499 2509 550 2569 und
587 2512 710 2572 stillster
747 2516 1014 2576 Zwiegespräche!
1061 2518 1102 2578 Es
1133 2520 1205 2580 liegt
1237 2523 1293 2583 mit
1324 2523 1422 2583 seinen

249 2550 371 2610 schönen
406 2551 538 2611 Bäumen
573 2553 627 2613 wie
657 2556 740 2616 sonst
770 2556 823 2616 und
859 2559 946 2619 weiss
976 2562 1084 2622 nichts.
1129 2562 1206 2622 Doch
1241 2565 1295 2625 der
1325 2568 1432 2628 Raum,

255 2592 278 2652 in
307 2593 359 2653 dem
398 2595 441 2655 ein
470 2595 594 2655 Dichter
619 2596 695 2656 lebt,
720 2601 805 2661 weiss
829 2603 901 2663 alles
935 2604 982 2664 von
1016 2606 1093 2666 ihm,
1113 2607 1203 2667 kennt
1222 2610 1337 2670 Anfang
1371 2611 1423 2671 und

252 2637 345 2697 Ende.
389 2639 428 2699 Er
458 2640 541 2700 färbt
566 2640 624 2700 sich
659 2643 708 2703 vom
757 2646 855 2706 Hauch
895 2646 992 2706 dieser
1022 2650 1203 2710 Gedanken.
1248 2652 1326 2712 Dach
1366 2655 1419 2715 und

252 2682 366 2742 Mauern
400 2682 528 2742 gehören
562 2685 614 2745 zum
658 2687 781 2747 Dichter
815 2689 867 2749 wie
901 2692 982 2752 seine
1016 2694 1096 2754 Hand
1130 2694 1182 2754 und
1216 2694 1297 2754 seine
1331 2697 1426 2757 Stirn.

250 2726 300 2786 Die
329 2727 626 2787 Sternwartestrasse
659 2729 714 2789 hat
738 2731 816 2791 ihren
850 2732 956 2792 Namen
998 2735 1049 2795 vom
1091 2738 1342 2798 astronomischen
1375 2739 1425 2799 In¬

247 2766 332 2826 stitut
362 2768 414 2828 der
448 2771 562 2831 Wiener
596 2773 795 2833 Universität.
839 2777 900 2837 Das
930 2777 972 2837 ist
1001 2778 1044 2838 ein
1078 2780 1163 2840 guter
1192 2782 1416 2842 Strassenname

246 2810 293 2870 für
322 2813 369 2873 das
399 2813 479 2873 Haus
508 2815 589 2875 eines
613 2816 732 2876 grossen
766 2819 952 2879 Erkenners.
996 2822 1072 2882 Denn
1106 2822 1148 2882 ein
1177 2825 1406 2885 Observatorium

254 2855 301 2915 der
330 2857 449 2917 Worte:
473 2858 525 2918 das
550 2859 612 2919 war
636 2861 821 2921 Schnitzlers
847 2863 946 2923 Haus.
985 2864 1061 2924 Hier
1085 2867 1209 2927 wurden
1243 2867 1290 2927 die
1324 2870 1419 2930 Worte

245 2900 409 2960 gewartet,
430 2903 584 2963 geweidet
610 2903 661 2963 und
698 2906 846 2966 gemessen
888 2908 939 2968 wie
971 2909 1073 2969 Sterne
1104 2909 1155 2969 des
1182 2912 1423 2972 Makrokosmus.

308 2944 369 3004 Aus
394 2944 493 3004 diesem
537 2947 608 3007 Heim
647 2947 699 3007 der
724 2950 843 3010 Bücher
872 2950 924 3010 und
958 2953 1053 3013 Worte
1083 2953 1120 3013 ist
1145 2953 1173 3013 er
1197 2953 1269 3013 noch
1298 2956 1417 3016 gestern

247 2987 404 3047 spazieren
447 2990 623 3050 gegangen,
657 2992 773 3052 wenige
811 2995 945 3055 Stunden
988 2995 1039 3055 vor
1077 2998 1178 3058 seinem
1230 2999 1332 3059 Tode:
1366 3001 1416 3061 den

249 3030 342 3090 alten,
367 3034 563 3094 vieljährigen
598 3036 824 3096 Spaziergang,
844 3039 897 3099 den
932 3040 996 3100 man
1026 3040 1094 3100 bald
1124 3043 1399 3103 „Schnitzler-Weg

247 3075 366 3135 nennen
405 3076 495 3136 wird.
538 3077 600 3137 Den
638 3079 709 3139 Weg
744 3082 834 3142 durch
872 3082 924 3142 das
958 3082 1101 3142 Cottage,
1125 3083 1177 3143 das
1211 3086 1335 3146 Viertel
1364 3088 1416 3148 der

247 3118 394 3178 Reichen,
415 3119 495 3179 darin
525 3121 553 3181 so
577 3121 639 3181 viel
659 3123 764 3183 seiner
788 3124 888 3184 Kunst
908 3124 965 3184 sich
994 3125 1142 3185 abspielt.
1176 3129 1348 3189 Schnitzler
1373 3130 1425 3190 hat

244 3162 296 3222 das
335 3162 563 3222 Villenviertel,
588 3162 630 3222 die
664 3165 754 3225 Stadt
783 3167 835 3227 der
864 3168 988 3228 reichen
1022 3168 1112 3228 Leute
1150 3171 1264 3231 Wiens,
1289 3174 1422 3234 geliebt,

238 3204 290 3264 hat
319 3204 347 3264 es
381 3206 448 3266 auch
482 3207 563 3267 sanft
592 3210 768 3270 verspottet.
827 3210 865 3270 Er
913 3213 965 3273 hat
1013 3215 1080 3275 jede
1114 3216 1267 3276 Kleinheit
1310 3219 1410 3279 dieses

213 3254 359 3314 Lebens
397 3255 560 3315 aufrichtig
604 3255 669 3315 eine
708 3258 875 3318 Kleinheit
903 3261 1055 3321 genannt,
1089 3264 1142 3324 hat
1176 3264 1251 3324 aber
1284 3266 1408 3326 grossen

339 3407 822 3467 Aunate.

1499 348 1621 408 box
1700 352 1884 412 42/7

1947 1297 2090 1357 Schmerz
2122 1298 2327 1358 empfunden,
2349 1300 2420 1360 dass
2446 1300 2492 1360 sie
2523 1301 2611 1361 keine
2642 1303 2755 1363 Grösse
2792 1303 2869 1363 war.
2911 1306 2977 1366 Wie
3008 1306 3116 1366 richtig

1946 1340 2089 1400 stimmen
2123 1342 2203 1402 Mass
2237 1342 2289 1402 und
2328 1342 2471 1402 Gewicht
2500 1344 2523 1404 in
2558 1344 2605 1404 all
2634 1346 2686 1406 den
2720 1347 2958 1407 geschriebenen
2992 1350 3121 1410 Schick¬

1948 1383 2050 1443 salen,
2070 1381 2114 1441 die
2144 1381 2178 1441 er
2203 1384 2256 1444 auf
2276 1385 2325 1445 die
2350 1386 2457 1446 Bühne
2482 1386 2609 1446 gestellt
2629 1389 2697 1449 hat,
2718 1389 2771 1449 und
2801 1389 2849 1449 die
2879 1392 2908 1452 er
2933 1392 2962 1452 im
3002 1392 3114 1452 Roman

1946 1425 2117 1485 hinsetzte!
2172 1426 2240 1486 Was
2274 1428 2323 1488 für
2358 1428 2402 1488 ein
2451 1428 2617 1488 gerechter
2652 1431 2858 1491 Wortesetzer
2903 1434 2966 1494 war
3001 1434 3117 1494 Arthur

1944 1470 2135 1530 Schnitzler,
2155 1468 2207 1528 von
2246 1470 2298 1530 dem
2347 1470 2489 1530 mancher
2519 1473 2624 1533 sagte,
2648 1475 2676 1535 er
2710 1476 2811 1536 kenne
2840 1476 2897 1536 nur
2926 1476 2974 1536 die
3008 1478 3117 1538 eigene

1950 1512 2085 1572 Schicht.
2130 1512 2251 1572 Mochte
2287 1515 2357 1575 dies
2393 1515 2559 1575 stimmen:
2600 1518 2629 1578 er
2675 1518 2730 1578 hat
2771 1520 2856 1580 diese
2892 1521 3018 1581 Schicht
3064 1521 3118 1581 der

1946 1554 2076 1614 Reichen
2110 1556 2245 1616 niemals
2274 1557 2486 1617 überschätzt.

2003 1601 2297 1661 Sternwartestrasse
2327 1602 2378 1662 71!
2419 1604 2482 1664 Das
2512 1605 2552 1665 ist
2581 1607 2627 1667 ein
2656 1610 2760 1670 Haus,
2784 1610 2829 1670 das
2859 1610 2940 1670 zwar
2969 1610 2992 1670 in
3027 1610 3107 1670 Wien

1949 1645 2036 1705 liegt,
2057 1646 2108 1706 das
2134 1646 2268 1706 zugleich
2300 1646 2371 1706 auch
2403 1649 2562 1709 anderswo
2594 1651 2681 1711 liegt,
2702 1652 2774 1712 weil
2800 1652 2831 1712 es
2852 1652 2887 1712 am
2930 1654 3027 1714 Rande
3053 1655 3109 1715 und

1944 1689 2094 1749 oberhalb
2124 1688 2179 1748 der
2205 1691 2295 1751 Stadt
2315 1691 2405 1751 liegt.
2436 1691 2475 1751 Es
2506 1691 2567 1751 war
2597 1694 2647 1754 das
2678 1694 2757 1754 Haus
2788 1697 2873 1757 eines
2899 1697 3119 1757 Observators,

1950 1733 2001 1793 der
2030 1733 2145 1793 abends
2174 1733 2220 1793 die
2248 1734 2438 1794 Lichtketten
2472 1736 2578 1796 ferner
2602 1738 2759 1798 Strassen,
2779 1739 2862 1799 wenn
2890 1739 2932 1799 sie
2965 1739 3015 1799 aus
3044 1740 3099 1800 dem

1948 1774 2047 1834 Nebel
2072 1777 2233 1837 tauchten,
2258 1777 2291 1837 zu
2325 1777 2501 1837 betrachten
2539 1780 2596 1840 und
2630 1781 2844 1841 anzuträumen
2883 1783 2992 1843 liebte.
3026 1782 3116 1842 Einst

1947 1819 2036 1879 Arzt,
2057 1820 2132 1880 dann
2163 1820 2289 1880 Dichter
2315 1820 2354 1880 ist
2375 1822 2404 1882 er
2430 1822 2591 1882 gewesen.
2617 1824 2697 1884 Stets
2723 1825 2878 1885 Musiker!
2909 1825 2959 1885 Ein
2990 1828 3110 1888 Billroth

1945 1859 1999 1919 der
2024 1861 2126 1921 Seele,
2147 1863 2190 1923 ein
2215 1862 2318 1922 echter
2348 1865 2485 1925 Wiener,
2500 1867 2569 1927 der,
2589 1867 2677 1927 bevor
2702 1867 2731 1927 er
2757 1870 2810 1930 das
2830 1870 2948 1930 Messer
2973 1870 3046 1930 nahm
3081 1866 3095 1926 —

1941 1904 1997 1964 das
2025 1906 2183 1966 zierliche,
2207 1906 2280 1966 aber
2304 1907 2424 1967 scharfe
2453 1909 2569 1969 Messer
2597 1909 2643 1969 —,
2667 1911 2713 1971 die
2741 1912 2871 1972 Stellen,
2890 1914 2922 1974 an
2955 1915 3048 1975 denen
3081 1915 3113 1975 er

1946 1947 2088 2007 ansetzen
2128 1949 2245 2009 wollte,
2270 1950 2294 2010 in
2334 1950 2402 2010 tiefe
2432 1953 2731 2013 Schmerzlosigkeit
2761 1955 2873 2015 hüllie.
2908 1956 2991 2016 Denn
3026 1956 3114 2016 jedes

1950 1987 2016 2047 Weh
2048 1994 2073 2054 in
2104 1992 2207 2052 seinen
2238 1994 2366 2054 Dramen
2398 1995 2475 2055 heilt
2496 1997 2552 2057 sich
2583 1998 2634 2058 von
2666 1998 2779 2058 seibst,
2800 2001 2892 2061 bleibt
2918 2001 3000 2061 nicht
3021 2001 3108 2061 lange

1950 2037 2037 2097 Weh.
2074 2037 2140 2097 Und
2177 2035 2233 2095 wie
2264 2037 2300 2097 er
2331 2037 2377 2097 als
2409 2039 2537 2099 Dichter
2569 2042 2614 2102 ein
2656 2040 2775 2100 wahrer
2806 2043 2893 2103 Arzt,
2920 2044 2965 2104 ein
3002 2043 3115 2103 weiser

1945 2078 2177 2138 Hygokratiker
2204 2080 2283 2140 war,
2300 2082 2331 2142 so
2358 2082 2458 2142 schien
2490 2084 2553 2144 sein
2580 2085 2770 2145 Menschsein
2803 2085 2897 2145 voller
2919 2088 3035 2148 Musik.
3052 2085 3114 2145 Der

1951 2121 2089 2181 Wochsel
2126 2124 2270 2184 zwischen
2307 2124 2374 2184 Dur
2416 2127 2472 2187 und
2509 2127 2597 2187 Moll,
2633 2129 2710 2189 den,
2742 2130 2917 2190 manchmal
2949 2130 2974 2190 in
3011 2130 3098 2190 einem

1943 2165 2075 2225 einzigen
2112 2166 2201 2226 Takt,
2228 2168 2339 2228 Arthur
2371 2168 2550 2228 Schnitzlers
2588 2170 2762 2230 Gespräche
2799 2171 2920 2231 kannten
2968 2174 2983 2234 —
3042 2174 3110 2234 man

1942 2210 2057 2270 kannte
2082 2210 2129 2270 ihn
2163 2210 2216 2270 aus
2245 2210 2297 2270 den
2327 2210 2457 2270 Werken
2491 2213 2587 2273 Franz
2611 2215 2794 2275 Schaberts.

2001 2258 2079 2318 „Der
2106 2258 2169 2318 Ruf
2186 2258 2238 2318 des
2265 2259 2397 2319 Lebens“
2429 2261 2507 2321 hiess
2534 2261 2582 2321 das
2609 2263 2713 2323 Stück,
2730 2264 2783 2324 das
2810 2264 2841 2324 er
2862 2264 2878 2324 —
2920 2265 3110 2325 freundliche

1943 2301 2068 2361 Ironie!
2098 2298 2113 2358 —
2169 2301 2218 2361 der
2254 2303 2430 2363 Sekretärin
2470 2306 2520 2366 von
2561 2306 2656 2366 neuem
2707 2306 2857 2366 diktieren
2898 2307 3013 2367 wollte.
3053 2309 3108 2369 Ihn

1947 2344 2006 2404 rief
2032 2344 2112 2404 nicht
2138 2344 2188 2404 das
2214 2347 2334 2407 Leben,
2355 2347 2400 2407 ihn
2430 2347 2485 2407 rief
2511 2347 2561 2407 der
2587 2348 2672 2408 Tod:
2692 2350 2773 2410 jenes
2799 2350 2888 2410 Reich
2914 2350 2969 2410 des
2995 2352 3110 2412 ewigen

1942 2386 2067 2446 Mohns,
2102 2389 2203 2449 wohin
2249 2390 2298 2450 ihm
2355 2389 2405 2449 die
2450 2392 2581 2452 geliebte
2622 2392 2753 2452 Tochter
2793 2395 2949 2455 freiwillig
2990 2395 3120 2455 voraus¬

1946 2431 2105 2491 gegangen
2139 2433 2204 2493 war

2634 2437 2779 2497 Heinrich
2811 2440 2930 2500 Eduard
2956 2440 3069 2500 Jacob.

2288 2524 2389 2584 DER
2449 2527 2772 2587 NACHLASS.

2002 2589 2069 2649 Aus
2096 2589 2179 2649 Wien
2214 2589 2289 2649 wird
2316 2590 2374 2650 uns
2401 2591 2570 2651 berichtet:
2605 2591 2646 2651 Im
2698 2592 2850 2652 Nachlass
2893 2595 2943 2655 von
2986 2595 3112 2655 Arthur

1937 2632 2111 2692 Schnitzler
2135 2632 2275 2692 befindet
2298 2634 2354 2694 sich
2383 2634 2427 2694 ein
2456 2637 2641 2697 Schauspiel
2659 2637 2715 2697 mit
2738 2637 2788 2697 dem
2828 2637 2923 2697 Titel:
2946 2640 3025 2700 „Der
3048 2640 3109 2700 Zug

1939 2673 1997 2733 der
2018 2676 2192 2736 Schatten.“
2235 2676 2271 2736 Es
2293 2679 2334 2739 ist
2351 2679 2434 2739 nicht
2456 2679 2608 2739 bekannt,
2625 2680 2656 2740 ob
2677 2679 2708 2739 es
2735 2681 2888 2741 vollendet
2909 2682 2961 2742 ist.
2983 2682 3114 2742 Ausser¬

1947 2720 1999 2780 dem
2042 2718 2094 2778 hat
2121 2721 2290 2781 Schnitzler
2322 2721 2348 2781 in
2381 2721 2433 2781 der
2460 2721 2570 2781 letzten
2603 2724 2676 2784 Zeit
2708 2724 2782 2784 auch
2819 2725 2855 2785 an
2898 2726 2983 2786 einer
3020 2726 3120 2786 Auto¬

1944 2762 2124 2822 biographie
2155 2762 2206 2822 und
2238 2763 2268 2823 an
2300 2765 2387 2825 einem
2429 2765 2537 2825 Roman
2563 2765 2753 2825 gearbeitet,
2775 2768 2826 2828 der
2853 2765 2924 2825 aber
2945 2769 3115 2829 Fragment

1943 2806 2102 2866 geblieben
2134 2807 2191 2867 ist;
2211 2807 2319 2867 ferner
2345 2807 2485 2867 befinden
2518 2810 2575 2870 sich
2607 2810 2632 2870 im
2671 2810 2818 2870 Nachlass
2844 2811 3009 2871 zahlreiche
3036 2813 3118 2873 Auf¬

1935 2849 2174 2909 zeichnungen.

2004 2894 2117 2954 Arthur
2136 2894 2304 2954 Schnitzler
2328 2894 2382 2954 hat
2401 2894 2484 2954 schon
2515 2897 2562 2957 vor
2587 2897 2701 2957 Jahren
2725 2898 2779 2958 den
2804 2899 3025 2959 Dramaturgen
3056 2900 3110 2960 der

1943 2935 2276 2995 Reinhardt-Bühnen,
2292 2937 2350 2997 Dr.
2372 2937 2466 2997 Franz
2493 2938 2609 2998 Horch,
2631 2939 2689 2999 mit
2710 2940 2763 3000 der
2790 2941 2985 3001 Verwaltung
3012 2941 3112 3001 seines

1943 2980 2122 3040 Nachlasses
2154 2980 2292 3040 betraut.
2335 2980 2396 3040 Dr.
2417 2982 2509 3042 Horch
2546 2983 2586 3043 ist
2613 2983 2705 3043 heute
2737 2986 2839 3046 mittag
2871 2986 2896 3046 in
2932 2984 3014 3044 Wien
3051 2986 3117 3046 ein¬

1941 3025 2111 3085 getroffen,
2137 3024 2171 3084 um
2222 3024 2267 3084 die
2298 3025 2443 3085 Sichtung
2484 3025 2534 3085 des
2565 3027 2745 3087 Nachlasses
2781 3028 3022 3088 vorzunehmen.
3068 3030 3097 3090 Im

1941 3067 2201 3127 Schreibzimmer
2222 3070 2408 3130 Schnitzlers
2433 3070 2569 3130 befindet
2595 3070 2649 3130 sich
2680 3070 2725 3130 ein
2756 3070 2876 3130 grosser
2897 3073 3027 3133 Schrank
3063 3073 3117 3133 mit

1945 3109 2036 3169 vielen
2066 3112 2186 3172 Laden.
2221 3112 2250 3172 In
2279 3112 2360 3172 jeder
2384 3112 2487 3172 dieser
2510 3115 2608 3175 Laden
2637 3115 2671 3175 ist
2695 3115 2735 3175 ein
2765 3115 2960 3175 Manuskript
2978 3118 3116 3178 Schnitz¬

1940 3154 2005 3214 lers
2025 3153 2240 3213 aufbewahrt.

2002 3198 2073 3258 Eine
2098 3199 2218 3259 Anzahl
2236 3198 2284 3258 von
2309 3200 2537 3260 Manuskripten
2568 3201 2615 3261 hat
2634 3201 2796 3261 Schnitzler
2821 3201 2922 3261 seinen
2947 3202 3103 3262 Freunden

1943 3243 2126 3303 geschenkt.
2164 3243 2206 3303 So
2243 3243 2354 3303 besitzt
2385 3243 2489 3303 Stefan
2526 3244 2630 3304 Zweig
2667 3246 2735 3306 eine
2772 3246 2949 3306 Sammlung
2987 3246 3109 3306 solcher

1939 3288 2174 3348 Manuskripte.
