3392 4384
187 315 311 375 12.
370 320 956 380 Schnitzler's
1025 318 1254 378 Deatl

680 588 920 648 GRATIS

623 701 745 761 eer
903 680 976 740 e

864 710 991 770 Hiot

689 881 754 941 O.
766 866 917 926 NOV.

327 1038 345 1098 *
378 1032 775 1092 Schnitzler=Gedenkfeier
835 1016 885 1076 der
918 1008 1161 1068 Frauenschaft.

282 1091 358 1151 Zum
423 1079 548 1139 fünften
592 1067 749 1127 Todestag
804 1058 912 1118 Artur
967 1047 1157 1107 Schnitzlers

283 1128 499 1188 veranstaltet
546 1115 597 1175 die
629 1106 902 1166 Oesterreichische
934 1090 1166 1150 Frauenschaft

292 1172 400 1232 heute,
421 1162 607 1222 Dienstag,
649 1155 690 1215 um
763 1149 814 1209 ½5
856 1143 918 1203 Uhr
950 1134 1162 1194 nachmittags

297 1219 322 1279 im
369 1211 461 1271 Hotel
493 1207 523 1267 de
550 1200 694 1260 France,
720 1192 751 1252 1.
777 1185 1004 1245 Schottenring
1035 1178 1071 1238 3,
1097 1171 1164 1231 eine

300 1255 516 1315 Gedenkfeier.
542 1239 789 1299 Mitwirkende:
815 1228 912 1288 Grete
938 1217 1170 1277 Gelbard¬

290 1301 450 1361 Asseo,
480 1294 548 1354 Dr.
578 1287 669 1347 Felix
704 1274 871 1334 Salten
918 1267 981 1327 und
1016 1262 1159 1322 Heinrich

297 1345 569 1405 Schnitzler.
595 1331 695 1391 Gäste
721 1318 955 1378 willkommen.

314 1677 527 1737 Ausschnitt
551 1668 641 1728 aus:

322 1896 428 1956 vom:

752 1940 879 2000 UV.
897 1937 1007 1997 1938

294 2039 706 2099 SSchnitzler=Gedenkfeier
752 2046 806 2106 der
837 2049 1089 2109 Frauenschaft.)
1128 2054 1203 2114 Zum
1258 2056 1387 2116 fünften

209 2078 368 2138 Todestag
400 2083 502 2143 Artur
533 2089 796 2149 Schnitzlers
828 2095 1033 2155 veranstaltet
1060 2097 1105 2157 die
1132 2100 1394 2160 Oesterreichische

210 2125 435 2185 Frauenschaft
470 2128 578 2188 heute,
598 2131 779 2191 Dienstag,
819 2134 858 2194 um
903 2136 951 2196 ½5
981 2138 1044 2198 Uhr
1084 2142 1304 2202 nachmittags
1349 2146 1373 2206 im

211 2166 308 2226 Hotel
329 2168 360 2228 de
386 2169 525 2229 France,
557 2172 592 2232 1.
613 2176 840 2236 Schottenring
866 2180 902 2240 3,
933 2181 1005 2241 eine
1047 2186 1273 2246 Godenkfeier.
1305 2187 1397 2247 Mit¬

211 2213 387 2273 wirkende:
448 2214 548 2274 Grete
620 2220 896 2280 Gelbard=Asseo,
958 2226 1053 2286 Felix
1125 2231 1245 2291 Salten

1318 2233 1385 2293 und

217 2254 366 2314 Heinrich
387 2259 587 2319 Schnitzler.
618 2262 717 2322 Gäste
749 2265 978 2325 willkommen.

747 2337 1174 2397 angsaussonte

429 2398 613 2458 WIEN,
636 2404 677 2464 I.,

420 2462 610 2522 Wollzeile
642 2465 678 2525 11
703 2463 721 2523 »
746 2465 924 2525 Telephon
962 2464 974 2524 R
1005 2462 1171 2522 23-0-43

423 2602 645 2662 Ausschnitt
662 2602 730 2662 aus

746 2733 809 2793 6.
821 2734 972 2794 NOV.
1049 2737 1101 2797 36

426 2746 494 2806 vom

495 2877 637 2937 Kürzlich
664 2879 886 2939 veranstaltete
918 2880 965 2940 die
1002 2880 1255 2940 „Frauen¬

396 2919 543 2979 schaft“
587 2923 644 2983 zum
724 2922 846 2982 fünften
915 2919 1079 2979 Todestag
1144 2919 1254 2979 Artur

395 2964 665 3024 Schnitzlers
707 2964 739 3024 im
803 2964 898 3024 Hotel
947 2964 983 3024 de
1010 2964 1132 3024 France
1185 2964 1253 3024 eine

386 3006 686 3066 Gedächtnisfeier,
734 3009 786 3069 die
835 3009 940 3069 Grete
998 3009 1256 3069 Gelbard¬

389 3053 542 3113 Asséo
585 3053 855 3113 stimmungsvoll
877 3051 935 3111 mit
956 3052 1009 3112 dem
1046 3050 1252 3110 „Préludes“

389 3093 445 3153 von
481 3096 605 3156 Chopin
642 3095 817 3155 einleitete,
843 3098 926 3158 einem
978 3095 1173 3155 Musikstück,
1200 3095 1251 3155 das

390 3142 426 3202 sie
453 3138 500 3198 oft
517 3139 569 3199 dem
612 3141 739 3201 Dichter
788 3141 813 3201 zu
846 3138 941 3198 Dank
984 3138 1115 3198 gespielt
1159 3137 1264 3197 hatte.

391 3185 525 3245 Hierauf
567 3186 670 3246 sprach
712 3186 805 3246 Felix
847 3185 1023 3245 Salten
1065 3182 1178 3242 Worte
1205 3182 1251 3242 des

390 3227 591 3287 Gedenkens,
611 3228 764 3288 beschwor
789 3227 836 3287 die
856 3227 1004 3287 Schatten
1034 3226 1086 3286 des
1115 3224 1259 3284 literari¬

392 3271 463 3331 schen
495 3273 767 3333 „Jung=Wien“,
784 3271 835 3331 des
861 3271 985 3331 „Sturm
1031 3269 1087 3329 und
1114 3268 1227 3328 Drang

389 3318 438 3378 der
499 3318 681 3378 neunziger
742 3317 873 3377 Jahre,
930 3314 990 3374 gab
1057 3313 1127 3373 eine
1193 3313 1258 3373 mit

380 3361 570 3421 amüsanten
672 3358 884 3418 persönlichen
985 3355 1247 3415 Reminiszenzen

382 3403 573 3463 verwobene
616 3403 891 3463 Charakterstudie
920 3401 971 3461 des
1013 3400 1260 3460 Dramatikers,

385 3445 470 3505 dem,
533 3446 623 3506 wohl
686 3448 762 3508 weil
825 3445 857 3505 er
920 3444 1005 3504 Arzt
1068 3444 1158 3504 war,
1197 3445 1249 3505 der

389 3492 445 3552 Tod
477 3492 517 3552 ein
544 3489 775 3549 schöpferischer
796 3489 941 3549 Partner
967 3486 1013 3546 bei
1034 3486 1116 3546 jedem
1158 3486 1256 3546 Spiel

383 3535 432 3595 des
463 3534 578 3594 Lebens
629 3534 790 3594 gewesen.
826 3533 891 3593 Die
937 3528 1132 3588 menschliche
1158 3530 1253 3590 Seele

388 3579 493 3639 wurde
519 3579 544 3639 in
575 3579 812 3639 Verknüpfung
844 3574 899 3634 mit
925 3575 970 3635 dem
1016 3573 1182 3633 Schicksal,
1198 3575 1253 3635 das

385 3624 586 3684 irgendeinen
659 3621 946 3681 geheimnisvollen
995 3618 1086 3678 Sinn
1149 3618 1249 3678 haben

389 3665 509 3725 mußte,
565 3666 625 3726 das
681 3663 837 3723 Element
898 3660 998 3720 seines
1064 3660 1255 3720 Schaffens.

388 3709 555 3769 Schnitzler
599 3710 670 3770 war
718 3707 809 3767 einer
852 3706 909 3766 der
953 3704 1072 3764 ersten,
1111 3704 1163 3764 der
1192 3704 1244 3764 den

383 3752 767 3812 österreichischen
788 3748 1032 3808 Gedanken
1064 3749 1255 3809 künstlerisch

388 3794 513 3854 wirksam
549 3796 790 3856 ausgesprochen
815 3791 881 3851 hat.
896 3791 976 3851 Nach
997 3791 1047 3851 dem
1083 3791 1243 3851 fesselnden

383 3841 470 3901 Essay
501 3839 547 3899 las
594 3839 743 3899 Heinrich
770 3836 1037 3896 Schnitzler,
1074 3834 1130 3894 der
1151 3833 1243 3893 Sohn

385 3881 432 3941 des
462 3882 629 3942 Dichters,
648 3884 705 3944 mit
730 3878 992 3938 hinreißendem,
1007 3880 1232 3940 dramatischem

388 3925 640 3985 Temperament
706 3925 757 3985 die
823 3922 1052 3982 monologische
1118 3922 1253 3982 Novelle

388 3967 574 4027 „Leutnant
595 3968 724 4028 Gustl“.
745 3967 869 4027 Reicher
896 3965 1019 4025 Beifall
1035 3965 1164 4025 beschloß
1196 3964 1242 4024 den

1144 4011 1213 4071 Fb.

387 4012 651 4072 eindrucksvollen
685 4012 811 4072 Abend.

2464 294 2902 354 „OBSERVER

1481 320 1603 380 box
1680 321 1864 381 44/3

2455 372 2569 432 Ersies
2609 372 2893 432 dorreichisches
2914 369 2977 429 bo¬

2450 419 2606 479 hördlich
2650 419 2982 479 «nxossioniertes

2458 467 2731 527 Unternehme.

2462 518 2508 578 für
2535 518 2778 578 Zeitungsag
2810 512 2970 572 schnitte

2228 578 2415 638 WIEN,
2439 584 2485 644 I.,

2228 640 2415 700 Wollzeile
2443 640 2486 700 11
2509 640 2525 700 •
2559 639 2735 699 Telephon
2774 640 2790 700 R
2824 636 2989 696 23-0-43

2657 763 2874 823 rTN

2228 777 2453 837 Ausschnitt
2478 775 2543 835 aus

2228 921 2297 981 vom

2508 934 2605 994 21.
2618 922 2760 982 NOV.
2827 911 2892 971 36

2150 1050 2547 1110 Artur=Schnitzler=Abend.

2190 1093 2333 1153 Heute
2378 1097 2417 1157 um
2456 1097 2489 1157 18
2517 1095 2577 1155 Uhr
2601 1094 2694 1154 findet
2739 1091 2794 1151 aus
2822 1091 2916 1151 Anlaß
2944 1088 2993 1148 des

2152 1148 2257 1208 fünften
2292 1145 2468 1205 Todestages
2504 1142 2594 1202 Artur
2625 1142 2796 1202 Schnitzlers
2832 1139 2856 1199 im
2897 1137 2992 1197 Jüdi¬

2153 1199 2217 1259 schen
2252 1196 2477 1256 Kulturtheater
2508 1191 2547 1251 (1.
2572 1191 2685 1251 Bezirk,
2710 1189 2768 1249 Kai
2788 1187 2822 1247 3)
2848 1187 2906 1247 eine
2936 1186 2995 1246 Ge¬

2153 1244 2288 1304 denkfeier
2314 1244 2389 1304 statt,
2410 1241 2440 1301 an
2471 1241 2515 1301 der
2541 1239 2637 1299 Renée
2663 1237 2798 1297 Worth
2824 1235 2879 1295 und
2905 1235 2995 1295 Peter

2154 1297 2248 1357 Ihle
2275 1291 2329 1351 aus
2355 1288 2470 1348 Werken
2501 1289 2561 1349 (zum
2602 1285 2668 1345 Teil
2688 1285 2738 1345 aus
2769 1285 2814 1345 dem
2855 1282 3000 1342 Nachlaß)

2152 1342 2196 1402 des
2217 1342 2348 1402 Dichters
2374 1339 2464 1399 lesen.
2480 1336 2535 1396 Die
2560 1334 2742 1394 einleitenden
2772 1333 2873 1393 Worte
2894 1333 2994 1393 spricht

2151 1393 2211 1453 Dr.
2232 1393 2313 1453 Paul
2334 1388 2634 1448 Wertheimer.

1828 1777 2095 1837 21.1OV.
2116 1766 2235 1826 1936

1749 1931 1790 1991 Im
1866 1928 2081 1988 Judischen
2144 1916 2475 1976 Kulturtheater

1610 1971 1644 2031 (1.
1665 1966 1759 2026 Franz
1785 1960 1935 2020 Josei=Kai
1962 1958 1991 2018 3)
2030 1954 2142 2014 gelangt
2185 1950 2313 2010 morgen,
2335 1945 2481 2005 Sönntag,

1606 1996 1653 2056 ½5
1679 1999 1734 2059 Uhr
1760 1997 1935 2057 nachmittags
1965 1992 2016 2052 (bei
2038 1987 2132 2047 kleinen
2163 1987 2286 2047 Preisen)
2308 1982 2359 2042 und
2381 1981 2393 2041 8
2419 1978 2474 2038 Uhr

1609 2035 1707 2095 abends
1738 2032 1811 2092 Ossip
1841 2028 1974 2088 Dymows
2005 2022 2155 2082 Volksstück
2199 2018 2292 2078 „Der
2318 2014 2481 2074 Sänger

1611 2068 1739 2128 seiner
1767 2063 1943 2123 Trauer“
1971 2059 2019 2119 zur
2046 2054 2241 2114 Aufführung.
2264 2052 2348 2112 Regie
2379 2047 2485 2107 Rudolf

1604 2103 1691 2163 Weiß.
1717 2104 1730 2164 —
1774 2098 1874 2158 Heute,
1896 2095 2053 2155 Samstag,
2076 2091 2084 2151 6
2119 2089 2171 2149 Uhr
2202 2084 2289 2144 findet
2316 2083 2363 2143 aus
2394 2080 2481 2140 Anlaß

1611 2139 1651 2199 des
1696 2136 1803 2196 fünften
1852 2129 2021 2189 Todestages
2071 2124 2160 2184 Artur
2200 2119 2365 2179 Schnitzlers
2428 2113 2485 2173 eine

1606 2168 1885 2228 Gedenkfeier
1929 2161 2006 2221 statt,
2045 2158 2075 2218 an
2110 2157 2156 2217 der
2187 2153 2277 2213 Renée
2304 2149 2398 2209 Worth
2432 2146 2484 2206 und

1618 2205 1694 2265 Peter
1713 2202 1781 2262 Ihle
1800 2199 1849 2259 aus
1872 2195 1977 2255 Werken
2005 2194 2045 2254 des
2069 2190 2191 2250 Dichters
2210 2189 2292 2249 lesen.
2310 2184 2483 2244 Einleitende

1617 2241 1705 2301 Worte
1732 2240 1789 2300 Dr.
1812 2235 1891 2295 Paul
1909 2230 2192 2290 Wertheimer.

2185 2522 2485 2582 RVER

1764 2537 2114 2597 OBSI

1856 2595 1883 2655 I.
1897 2593 2015 2653 österr.
2029 2588 2175 2648 behördl.
2189 2579 2489 2639 konzessioniertes

1814 2632 2049 2692 Unternehmen
2083 2629 2131 2689 für
2155 2620 2539 2680 Zeitungs-Ausschnitte

1872 2693 2019 2753 WIEN,
2049 2691 2097 2751 I.,
2119 2686 2409 2746 WOLLZEILE
2453 2679 2495 2739 11

1970 2743 2187 2803 TELEPHON
2221 2737 2394 2797 R-23-0-43

1776 2892 1997 2952 Ausschnitt
2026 2886 2114 2946 aus:

1774 3106 1863 3166 ron

2247 3184 2358 3244 ien
2399 3176 2521 3236 Heft
2563 3171 2621 3231 25

1678 3207 1794 3267 Aus:
1836 3203 1927 3263 Der
1974 3197 2096 3257 Keuc

1712 3335 1768 3395 Das
1791 3331 1991 3391 Burgtheater
2014 3328 2116 3388 feierte
2142 3326 2251 3386 Arthur
2275 3325 2440 3385 Schnitzter
2467 3322 2489 3382 in
2520 3320 2599 3380 einer
2626 3317 2750 3377 Matince
2788 3316 2829 3376 die

1662 3376 1693 3436 an
1722 3370 2073 3430 Feierlichkeit-nichts,
2093 3367 2161 3427 aber
2186 3367 2214 3427 an
2242 3364 2420 3424 lebendigem
2461 3359 2658 3419 Theaterblut
2679 3355 2827 3415 allerhand

1659 3412 1690 3472 zu
1726 3411 1879 3471 wünschen
1914 3409 2001 3469 übrig
2029 3406 2107 3466 ließ.
2131 3406 2177 3466 Ihr
2205 3403 2394 3463 Höhepunkt
2422 3402 2476 3462 war
2508 3399 2555 3459 die
2583 3396 2759 3456 dichterisch
2795 3392 2842 3452 be¬

1665 3451 1823 3511 schwingte
1850 3449 1903 3509 und
1930 3448 2054 3508 sachlich
2081 3445 2262 3505 couragierte
2289 3441 2485 3501 Gedenkrede
2508 3439 2602 3499 Oskar
2625 3435 2746 3495 Maurus
2769 3433 2844 3493 Fon¬

1669 3491 1762 3551 tanas,
1779 3489 1825 3549 die
1849 3488 1899 3548 von
1931 3486 2028 3546 Raoul
2048 3486 2133 3546 Astan
2161 3484 2215 3544 mit
2235 3481 2367 3541 scharfer
2391 3479 2527 3539 geistiger
2555 3475 2695 3535 Disziplin
2727 3474 2781 3534 und
2809 3474 2832 3534 in

1669 3528 1952 3588 klangberauschter
1979 3525 2074 3585 Treue
2101 3525 2127 3585 in
2154 3522 2222 3582 Sinn
2252 3522 2302 3582 wie
2332 3519 2415 3579 Wort
2438 3517 2627 3577 vorgetragen
2658 3513 2771 3573 wurde.

1714 3567 1769 3627 Für
1802 3567 1846 3627 die
1879 3566 2100 3626 nachfolgende
2133 3561 2322 3621 Aufführung
2359 3558 2407 3618 des
2440 3556 2597 3616 Einakters
2629 3552 2701 3612 »Die
2730 3552 2834 3612 letzten

1676 3608 1808 3668 Masken«
1833 3606 1881 3666 hat
1902 3605 1958 3665 sich
1986 3605 2030 3665 die
2055 3600 2354 3660 Burgtheater-Regie
2378 3596 2552 3656 schließlich
2580 3594 2632 3654 auf
2653 3593 2701 3653 den
2726 3591 2834 3651 Namen

1672 3648 1774 3708 Albert
1794 3645 1891 3705 Heine
1919 3645 2064 3705 geeinigt.
2084 3643 2134 3703 Als
2158 3637 2652 3697 verachtungsvoll-verzeihender
2676 3630 2848 3690 Todeskan-

1671 3687 1755 3747 didat
1771 3686 1847 3746 hatte
1868 3684 1944 3744 Herr
1965 3684 2049 3744 Onno
2074 3680 2234 3740 zweifellos
2255 3678 2335 3738 einen
2364 3676 2468 3736 großen
2501 3672 2678 3732 Vormittag.
2690 3670 2726 3730 Er
2747 3669 2843 3729 bleibt

1670 3726 1737 3786 auch
1764 3725 1787 3785 in
1813 3724 1912 3784 diesem
1946 3721 2116 3781 dümonisch
2143 3719 2249 3779 grauen
2276 3715 2408 3775 Einerlei
2428 3715 2469 3775 ein
2500 3713 2693 3773 Romantiker
2716 3707 2765 3767 der
2788 3707 2848 3767 rea-

1672 3765 1815 3825 listischen
1846 3761 2008 3821 Momente,
2024 3760 2216 3820 gespenstisch
2243 3756 2356 3816 loderte
2380 3755 2428 3815 aus
2448 3753 2493 3813 ihm
2531 3752 2572 3812 die
2595 3749 2723 3809 Flamme
2746 3745 2848 3805 bitter-

1672 3806 1723 3866 ster
1751 3803 1994 3863 Alltäglichkeit.
2018 3799 2064 3859 Ihm
2108 3797 2158 3857 zur
2186 3795 2260 3855 Seite
2288 3795 2398 3855 konnte
2426 3791 2503 3851 Herr
2531 3790 2606 3850 Heim
2649 3787 2766 3847 dartun,
2790 3785 2841 3845 wie

1673 3846 1744 3906 flink
1775 3844 1831 3904 und
1862 3842 1956 3902 sicher
1983 3839 2012 3899 er
2035 3838 2066 3898 zu
2096 3836 2175 3896 einem
2217 3834 2375 3894 beweglich
2406 3833 2538 3893 scharfen
2569 3827 2844 3887 Charakterspieler

1675 3882 1889 3942 heranwächst.
1913 3881 1991 3941 Paul
2015 3875 2198 3935 Hartmanns
2226 3872 2398 3932 chrenhafte
2429 3869 2574 3929 Disziplin
2609 3867 2660 3927 des
2687 3866 2847 3926 Künstlers

1680 3924 1727 3984 wie
1751 3921 1801 3981 es
1829 3919 1980 3979 Mitglieds
2004 3916 2117 3976 glänzte
2145 3914 2168 3974 in
2196 3913 2246 3973 der
2274 3911 2398 3971 Episode
2426 3909 2476 3969 des
2504 3907 2620 3967 Arztes,
2640 3907 2691 3967 und
2719 3905 2745 3965 in
2773 3904 2847 3964 zwei

1674 3961 1742 4021 noch
1770 3961 1919 4021 kleineren
1948 3958 2077 4018 Chargen
2101 3954 2210 4014 zeigten
2238 3952 2307 4012 Frau
2332 3949 2492 4009 Pünkösdy
2517 3948 2569 4008 und
2598 3945 2674 4005 Herr
2695 3943 2847 4003 Hennings

1676 4000 1731 4060 was
1760 4000 1808 4060 das
1837 3999 2034 4059 Burgtheater
2063 3994 2187 4054 könnte,
2208 3991 2285 4051 wenn
2317 3990 2349 4050 es
2374 3988 2491 4048 wollte.
2511 3988 2611 4048 Einzig
2644 3982 2692 4042 der
2717 3982 2841 4042 kläglich

1674 4041 1826 4101 arrivierte
1855 4037 2012 4097 berühmte
2041 4035 2101 4095 Man
2150 4034 2202 4094 des
2227 4031 2319 4091 Herrn
2348 4030 2428 4090 Marr
2453 4027 2549 4087 schien
2583 4024 2631 4084 bei
2651 4024 2723 4084 allem
2764 4021 2852 4081 Takt,

1679 4083 1730 4143 den
1756 4079 1781 4139 er
1799 4078 1970 4138 anwandte,
1987 4074 2141 4134 vielleicht
2155 4073 2223 4133 doch
2249 4072 2292 4132 ein
2313 4071 2442 4131 bißchen
2468 4069 2497 4129 zu
2519 4067 2583 4127 sehr
2605 4063 2772 4123 gewandter
2794 4060 2845 4120 und

1677 4120 1909 4180 gleichmûtiger
1934 4114 2235 4174 Konversationsstii.
