3392 4352
1450 336 1571 396 box
1649 339 1832 399 43/3

338 345 818 405 Schnitzler
876 353 914 413 s
982 342 1211 402 Deatl

621 1791 687 1851 „Ich
719 1791 821 1851 fühle,
847 1793 971 1853 wieviel
997 1795 1058 1855 mir
1090 1800 1316 1860 verlorengeht,
1348 1804 1430 1864 wenn
1467 1808 1502 1868 ich
1539 1810 1605 1870 mich
1642 1813 1724 1873 eines

183 1813 241 1873 g.

583 1828 681 1888 Tages
710 1830 788 1890 stark
823 1834 950 1894 fände",
970 1834 1038 1894 sagt
1063 1837 1121 1897 sein
1156 1843 1288 1903 Anatol,
1313 1845 1362 1905 der
1397 1846 1469 1906 Held
1504 1850 1597 1910 seines
1631 1853 1719 1913 ersten

181 1878 252 1938 ers.

583 1867 713 1927 Buches.
755 1868 823 1928 Das
859 1870 895 1930 ist
932 1873 973 1933 ein
1014 1879 1304 1939 Selbstbekenntnis
1346 1883 1395 1943 des
1432 1888 1568 1948 Dichters
1610 1888 1623 1948 —
1687 1892 1713 1952 im

580 1906 709 1966 Grunde
738 1910 798 1970 sind
827 1910 887 1970 alle
915 1913 993 1973 seine
1022 1917 1171 1977 Gestalten
1208 1921 1325 1981 Anatol
1353 1924 1422 1984 oder
1451 1928 1636 1988 Verwandte
1670 1931 1720 1991 von

583 1947 654 2007 ihm.
693 1947 736 2007 Im
784 1950 932 2010 Zeitalter
967 1952 1014 2012 der
1043 1959 1340 2019 Empfindsamkeit,
1365 1962 1422 2022 aus
1456 1965 1503 2025 dem
1551 1968 1603 2028 der
1633 1968 1723 2028 junge

579 1985 695 2045 Goethe
728 1989 1002 2049 hervorgewachsen
1040 1996 1086 2056 ist,
1110 1998 1160 2058 gab
1193 1998 1225 2058 es
1258 2000 1365 2060 keinen
1398 2004 1542 2064 größeren
1580 2007 1728 2067 Vorwurf

583 2027 624 2087 für
657 2025 703 2085 den
737 2029 961 2089 Schaffenden,
980 2031 1026 2091 als
1055 2033 1110 2093 daß
1139 2038 1172 2098 er
1205 2040 1242 2100 ein
1279 2040 1419 2100 Virtuose
1448 2044 1588 2104 genannt
1612 2048 1728 2108 wurde.

173 2043 218 2103 1.
242 2046 272 2106 d.
288 2046 363 2106 Mts.
387 2046 408 2106 in
433 2046 508 2106 Wien

580 2065 738 2125 Schnitzler
767 2067 805 2127 ist
834 2068 876 2128 ein
910 2071 1015 2131 solcher
1044 2075 1202 2135 Virtuose,
1227 2079 1322 2139 dessen
1356 2082 1480 2142 Können
1519 2085 1595 2145 nicht
1619 2087 1724 2147 unter¬

583 2106 680 2166 schätzt
704 2106 815 2166 werden
848 2109 931 2169 darf.
964 2111 1006 2171 Im
1044 2115 1225 2175 Gegenteil!
1263 2118 1327 2178 Den
1356 2120 1523 2180 Stürmern
1556 2123 1607 2183 von
1635 2124 1723 2184 heute

187 2140 227 2200 se,
244 2138 358 2198 wenige
384 2138 490 2198 Wochen

582 2144 688 2204 möchte
721 2145 787 2205 man
834 2147 931 2207 etwas
965 2147 1020 2207 von
1067 2153 1160 2213 diesem
1207 2158 1449 2218 Schnitzlerschen
1492 2162 1710 2222 Virtuosentum

234 2180 359 2240 „Flucht
393 2179 419 2239 in
458 2180 501 2240 die

579 2183 750 2243 wünschen,
780 2185 846 2245 aber
880 2187 909 2247 es
943 2189 1043 2249 bleibt
1072 2192 1134 2252 doch
1173 2195 1369 2255 schmerzlich,
1393 2201 1450 2261 daß
1489 2201 1579 2261 dieser
1614 2204 1728 2264 außer¬

234 2218 305 2278 lrtur
341 2218 504 2278 Schnitzler

578 2222 754 2282 ordentliche
785 2226 912 2286 Könner
944 2229 1071 2289 niemals
1103 2231 1199 2291 etwas
1230 2234 1283 2294 von
1318 2237 1411 2297 dieser
1442 2240 1578 2300 Hingabe
1609 2243 1640 2303 an
1675 2243 1719 2303 die

245 2258 288 2318 die
316 2257 506 2317 Finsternis:

580 2256 651 2316 Idee
695 2261 747 2321 des
781 2264 1025 2324 Menschentums
1073 2270 1173 2330 hatte,
1212 2273 1288 2333 ohne
1322 2276 1369 2336 die
1413 2279 1480 2339 auch
1514 2279 1571 2339 das
1614 2282 1719 2342 größte

242 2291 287 2351 bes
341 2297 494 2357 alternden

578 2299 697 2359 Können
729 2302 799 2362 eben
835 2305 892 2365 nur
919 2308 1042 2368 Können
1078 2311 1188 2371 bleibt.
1229 2312 1308 2372 Aber
1339 2315 1436 2375 etwas
1468 2315 1520 2375 von
1556 2318 1604 2378 der
1631 2319 1724 2379 Emp¬

229 2335 264 2395 sch
299 2335 344 2395 als
380 2335 499 2395 traurig

577 2341 772 2401 findsamkeit
802 2341 854 2401 des
888 2342 935 2402 18.
965 2347 1198 2407 Jahrhunderts
1232 2353 1317 2413 steckt
1347 2353 1409 2413 doch
1447 2356 1552 2416 gerade
1586 2356 1652 2416 auch
1686 2359 1714 2419 in

240 2374 261 2434 st
289 2377 508 2437 wissenschaft¬

573 2378 665 2438 diesem
722 2381 833 2441 klugen
885 2383 1006 2443 Wiener
1048 2387 1169 2447 Dichter
1212 2390 1263 2450 des
1310 2395 1529 2455 zwanzigsten.
1586 2397 1720 2457 Goethes

245 2415 342 2475 ndem
383 2419 506 2479 Hofrat,

575 2419 717 2479 Oronaro
747 2421 823 2481 kann
857 2422 909 2482 das
939 2425 1063 2485 geliebte
1092 2427 1172 2487 Weib
1201 2428 1230 2488 in
1259 2431 1311 2491 der
1340 2434 1550 2494 Wirklichkeit
1580 2434 1651 2494 nicht
1675 2434 1723 2494 er¬

235 2455 320 2515 ihm
369 2458 397 2518 zu
436 2457 502 2517 ent¬

572 2458 697 2518 tragen,
721 2461 846 2521 sondern
880 2462 939 2522 nur
968 2464 1014 2524 die
1043 2467 1233 2527 Vorstellung
1267 2470 1322 2530 von
1360 2473 1420 2533 ihr.
1462 2474 1579 2534 Anatol
1612 2476 1718 2536 möchte

252 2497 298 2557 das
335 2497 418 2557 Ziel,
445 2500 497 2560 das

573 2497 651 2557 wohl
680 2499 801 2559 wissen,
825 2500 857 2560 ob
895 2502 940 2562 die
970 2504 1067 2564 kleine
1100 2507 1179 2567 Kora
1217 2510 1263 2570 ihm
1305 2512 1370 2572 treu
1404 2514 1454 2574 ist,
1483 2512 1548 2572 aber
1581 2514 1622 2574 die
1655 2515 1720 2575 ent¬

270 2535 499 2595 hnitzlerstets

580 2538 738 2598 scheidende
771 2541 882 2601 „Frage
915 2541 947 2601 an
980 2544 1036 2604 das
1064 2547 1231 2607 Schicksal“
1264 2549 1385 2609 vermag
1423 2550 1450 2610 er
1478 2553 1543 2613 doch
1576 2553 1655 2613 nicht
1683 2556 1711 2616 zu

257 2577 496 2637 ressionistischen

573 2577 666 2637 stellen
701 2575 710 2635 —
760 2578 804 2638 die
834 2580 1000 2640 Meinung,
1025 2583 1069 2643 die
1094 2585 1123 2645 er
1153 2586 1202 2646 sich
1232 2586 1285 2646 von
1320 2591 1364 2651 ihr
1394 2592 1575 2652 geschaffen,
1596 2592 1629 2652 ist
1659 2594 1703 2654 ihm

273 2616 341 2676 usses
381 2617 500 2677 zurück¬

573 2617 788 2677 wesentlicher,
813 2619 855 2679 als
880 2620 946 2680 jede
976 2622 1114 2682 mögliche
1143 2628 1315 2688 Wahrheit.
1355 2628 1397 2688 Es
1426 2631 1483 2691 sind
1517 2631 1574 2691 nur
1604 2633 1713 2693 wenige

282 2658 503 2718 önnen......

573 2655 758 2715 „Lebendige
787 2659 968 2719 Stunden“,
992 2661 1038 2721 die
1071 2663 1127 2723 uns
1164 2665 1215 2725 der
1244 2667 1448 2727 Dramatiker
1477 2672 1639 2732 Schnitzler
1672 2672 1718 2732 ge¬

570 2694 683 2754 schenkt
713 2697 781 2757 hat.
821 2700 943 2760 Seltsam
989 2703 1180 2763 überhaupt,
1205 2706 1259 2766 daß
1294 2708 1387 2768 dieser
1417 2709 1584 2769 Schnitzler
1614 2711 1638 2771 so
1673 2711 1716 2771 oft

276 2715 335 2775 rige
366 2718 501 2778 Wiener,

568 2737 617 2797 zum
663 2735 781 2795 Drama
814 2738 963 2798 getrieben
1005 2739 1123 2799 wurde.
1169 2743 1232 2803 Der
1264 2745 1377 2805 Mensch
1415 2747 1496 2807 kann
1533 2748 1623 2808 nichts
1660 2750 1710 2810 tun

293 2755 497 2815 Hoffmanns¬

571 2774 652 2834 gegen
686 2775 743 2835 sein
772 2777 940 2837 Schicksal:
964 2780 1017 2840 das
1046 2780 1079 2840 ist
1103 2782 1161 2842 sein
1190 2783 1290 2843 Kredo
1319 2785 1376 2845 und
1410 2786 1468 2846 wer
1497 2788 1587 2848 dieses
1617 2789 1712 2849 Kredo

288 2798 297 2858 t
328 2795 402 2855 nicht
438 2797 492 2857 aus

568 2813 630 2873 hat,
654 2813 721 2873 muß
765 2813 807 2873 ein
846 2816 936 2876 Kleist
966 2819 1042 2879 sein,
1076 2819 1109 2879 um
1157 2822 1185 2882 es
1224 2824 1401 2884 dramatisch
1435 2828 1626 2888 ermöglichen
1674 2828 1702 2888 zu

306 2837 381 2897 auch
419 2837 499 2897 nicht

568 2852 703 2912 können.
741 2855 782 2915 In
824 2857 987 2917 Wahrheit
1021 2859 1080 2919 sind
1118 2861 1299 2921 Schnitzlers
1338 2866 1607 2926 Bühnenarbeiten
1654 2868 1709 2928 und

291 2879 320 2939 g.
349 2876 407 2936 aus
442 2877 495 2937 der

568 2892 670 2952 gerade
703 2893 744 2953 die
773 2895 1006 2955 bekanntesten,
1030 2898 1080 2958 nur
1109 2905 1313 2965 dialogisierte
1342 2903 1505 2963 Novellen.
1524 2906 1630 2966 Gewiß
1659 2909 1714 2969 hat

301 2916 485 2976 kaiserlichen

564 2929 596 2989 er
624 2932 670 2992 sich
703 2932 726 2992 in
764 2932 861 2992 seiner
889 2935 1010 2995 Jugend
1043 2936 1107 2996 auch
1141 2941 1265 3001 sozialen
1303 2941 1484 3001 Problemen
1517 2944 1712 3004 zugewandt,

298 2956 344 3016 ern
401 2956 485 3016 einen

567 2971 590 3031 im
637 2971 818 3031 „Freiwild“
856 2970 911 3030 und
949 2973 972 3033 im
1024 2977 1289 3037 „Vermächtnis“.
1336 2979 1415 3039 Aber
1453 2980 1513 3040 was
1551 2984 1708 3044 Schnitzler

298 2995 413 3055 unsche,
444 2998 488 3058 die

567 3012 613 3072 zur
637 3010 814 3070 Duellfrage
843 3011 899 3071 und
927 3013 978 3073 zur
1002 3016 1100 3076 Frage
1124 3018 1175 3078 der
1199 3019 1385 3079 unehelichen
1419 3020 1535 3080 Mütter
1564 3023 1592 3083 zu
1620 3024 1704 3084 sagen

299 3037 387 3097 jektio
430 3037 482 3097 sein

559 3049 622 3109 hat,
655 3049 713 3109 das
746 3052 932 3112 interessiert
973 3053 1032 3113 uns
1065 3055 1156 3115 heute
1197 3058 1274 3118 nicht
1307 3060 1406 3120 mehr.
1448 3059 1556 3119 Selbst
1584 3064 1625 3124 ein
1675 3064 1698 3124 in

310 3076 493 3136 mmungen.

561 3088 700 3148 mancher
739 3091 873 3151 Hinsicht
907 3094 1125 3154 interessantes
1168 3097 1252 3157 Werk
1303 3097 1354 3157 wie
1397 3100 1574 3160 „Professor
1612 3102 1709 3162 Bern¬

298 3118 327 3178 sch
358 3117 382 3177 im
427 3118 490 3178 Stil

564 3126 683 3186 hardi“,
712 3126 764 3186 das
803 3129 941 3189 religiöse
979 3131 1031 3191 und
1070 3135 1265 3195 Rassefragen
1304 3136 1485 3196 behandelt,
1510 3139 1547 3199 ist
1576 3138 1638 3198 viel
1672 3141 1700 3201 zu

309 3158 498 3218 sönlichkeit.

563 3167 625 3227 sehr
654 3167 854 3227 Abhandlung
883 3169 940 3229 und
969 3171 1155 3231 Feuilleton,
1180 3173 1212 3233 um
1256 3175 1298 3235 als
1328 3177 1504 3237 Kunstwerk
1533 3180 1705 3240 gewürdigt

323 3196 381 3256 fast
413 3198 487 3258 nicht

563 3209 591 3269 zu
624 3207 758 3267 werden.
796 3207 851 3267 Wo
880 3209 1037 3269 Schnitzler
1066 3212 1154 3272 nichts
1187 3213 1228 3273 als
1256 3216 1386 3276 Theater
1415 3216 1502 3276 geben
1535 3218 1614 3278 will,
1633 3219 1698 3279 muß

313 3237 472 3297 keptischem

562 3246 584 3306 es
621 3246 666 3306 ihm
712 3246 770 3306 aus
803 3249 952 3309 innerster
985 3252 1085 3312 Natur
1117 3255 1304 3315 mißlingen.
1350 3255 1445 3315 Seine
1481 3257 1709 3317 Journalisten¬

316 3279 407 3339 zu,
436 3279 482 3339 den

562 3285 696 3345 komödie
725 3288 816 3348 „Fink
855 3287 912 3347 und
947 3291 1167 3351 Fliederbusch“
1201 3294 1364 3354 versandet
1389 3294 1417 3354 im
1460 3297 1628 3357 Schwank,
1653 3301 1705 3361 der

320 3318 348 3378 n,
378 3318 484 3378 ebenso

562 3323 667 3383 Ansatz
691 3324 743 3384 zum
787 3326 896 3386 großen
930 3328 1074 3388 Lustspiel
1103 3329 1174 3389 wird
1208 3332 1361 3392 schließlich
1395 3333 1447 3393 zur
1477 3335 1672 3395 Albernheit.

328 3357 477 3417 „goldenen

593 3360 656 3420 Was
688 3362 719 3422 an
752 3365 916 3425 Schnitzler
944 3367 1052 3427 dauern
1089 3371 1180 3431 wird,
1204 3371 1262 3431 sind
1290 3374 1390 3434 einige
1418 3374 1513 3434 seiner
1546 3377 1700 3437 Novellen.

323 3396 387 3456 und
425 3397 493 3457 voll

562 3399 608 3459 Die
646 3404 770 3464 Novelle
808 3407 1054 3467 „Sterben“,
1083 3410 1110 3470 in
1152 3412 1203 3472 der
1241 3410 1403 3470 physisches
1441 3414 1584 3474 Siechtum
1636 3418 1691 3478 und

341 3437 460 3497 Lebens

559 3443 703 3503 seelisches
736 3446 940 3506 Welkwerden
978 3449 1061 3509 einer
1090 3449 1174 3509 Liebe
1207 3452 1355 3512 einander
1389 3457 1700 3517 gegenübergestellllt

333 3476 400 3536 nur
439 3479 482 3539 ein

554 3482 689 3542 werden,
717 3483 753 3543 ist
781 3485 803 3545 in
844 3487 921 3547 ihrer
953 3488 1011 3548 Art
1043 3490 1084 3550 ein
1120 3493 1346 3553 Meisterwerk,
1374 3494 1455 3554 nicht
1483 3497 1614 3557 weniger
1646 3500 1691 3560 als

327 3515 380 3575 bis
418 3518 472 3578 zum

555 3523 732 3583 „Leutnant
760 3524 886 3584 Gustl“,
910 3526 937 3586 in
980 3526 1031 3586 der
1064 3529 1138 3589 ohne
1176 3532 1222 3592 die
1255 3532 1404 3592 geringste
1442 3536 1605 3596 Handlung
1643 3538 1693 3598 das

312 3556 379 3616 leser
412 3557 490 3617 Poet

554 3563 644 3623 Leben
688 3563 769 3623 eines
807 3567 964 3627 Menschen
1003 3571 1179 3631 geschildert
1214 3574 1304 3634 wird,
1338 3574 1390 3634 der
1429 3577 1547 3637 glaubt,
1577 3579 1686 3639 sterben

326 3598 374 3658 der
413 3598 485 3658 Ver¬

552 3607 583 3667 zu
620 3604 750 3664 müssen.

320 3637 351 3697 nd
393 3640 493 3700 zeigt.

588 3641 745 3701 Dennoch:
775 3645 868 3705 dieser
898 3648 1015 3708 Dichter
1051 3649 1099 3709 der
1134 3652 1277 3712 Novelle,
1302 3652 1350 3712 der
1385 3654 1434 3714 sich
1469 3655 1493 3715 im
1543 3658 1690 3718 „Schleier

316 3679 350 3739 an
386 3679 485 3739 seiner

551 3682 601 3742 der
625 3684 783 3744 Beatrice“
821 3686 872 3746 und
905 3688 929 3748 im
976 3691 1111 3751 „Jungen
1144 3694 1336 3754 Menardus“
1369 3696 1509 3756 tragische
1537 3698 1695 3758 Probleme

339 3718 385 3778 en,
425 3718 485 3778 aus

550 3723 667 3783 gestellt
704 3723 771 3783 hat,
803 3724 894 3784 denen
945 3729 1021 3789 seine
1063 3730 1157 3790 Kraft
1199 3732 1275 3792 nicht
1312 3735 1480 3795 gewachsen
1530 3737 1607 3797 war,
1643 3740 1693 3800 hat

338 3757 405 3817 seln,
428 3759 463 3819 um

546 3761 663 3821 einmal
695 3763 735 3823 ein
772 3765 985 3825 Bühnenwerk
1022 3771 1225 3831 geschrieben,
1248 3773 1270 3833 in
1312 3773 1361 3833 dem
1407 3774 1438 3834 er
1470 3775 1597 3835 wirklich
1634 3777 1683 3837 den

337 3798 387 3858 hen
443 3801 478 3861 zu

554 3801 623 3861 Mut
661 3804 721 3864 und
768 3804 814 3864 die
857 3807 949 3867 Kraft
992 3810 1061 3870 fand
1104 3811 1159 3871 zur
1192 3813 1322 3873 Tragik.
1369 3813 1434 3873 Das
1467 3815 1560 3875 Stück
1607 3819 1690 3879 heißt

332 3840 374 3900 tät
402 3841 477 3901 steht

551 3841 732 3901 „Liebelei",
761 3843 832 3903 aber
871 3846 904 3906 es
938 3848 1038 3908 dürfte
1077 3851 1200 3911 „Liebe“
1239 3853 1363 3913 heißen.
1402 3855 1492 3915 Diese
1531 3858 1693 3918 Christine,

546 3882 590 3942 die
621 3883 701 3943 einen
733 3888 843 3948 jungen
879 3888 1045 3948 Lebemann
1081 3894 1171 3954 liebt,
1192 3895 1227 3955 ist
1252 3897 1328 3957 nicht
1354 3900 1409 3960 das
1439 3901 1525 3961 „süße
1556 3900 1691 3960 Mädel“,

1791 1819 1867 1879 nicht
1895 1819 1944 1879 das
1978 1822 2105 1882 typische
2133 1825 2348 1885 „Verhältnis"
2388 1830 2442 1890 das
2470 1834 2630 1894 Schnitzler
2664 1837 2719 1897 und
2752 1840 2912 1900 Hartleben

1794 1855 1838 1915 für
1874 1858 1919 1918 die
1955 1860 2085 1920 deutsche
2121 1863 2231 1923 Bühne
2267 1867 2403 1927 entdeckt
2439 1873 2549 1933 haben,
2580 1876 2705 1936 sondern
2746 1879 2786 1939 ein
2827 1881 2927 1941 Weib.

1790 1897 1839 1957 das
1875 1900 1965 1960 liebt,
1991 1900 2065 1960 nicht
2096 1903 2211 1963 liebelt.
2247 1906 2296 1966 Ein
2332 1908 2493 1968 Geschöpf,
2519 1913 2573 1973 das
2609 1916 2759 1976 zerbricht,
2790 1919 2835 1979 als
2871 1922 2915 1982 sich

1793 1933 1834 1993 ihr
1863 1938 1979 1998 Freund
2012 1938 2049 1998 um
2096 1940 2175 2000 einer
2203 1944 2329 2004 anderen
2367 1949 2460 2009 willen
2498 1953 2716 2013 niederknallen
2754 1959 2833 2019 läßt,
2857 1962 2921 2022 eine

1788 1974 1811 2034 in
1855 1977 1936 2037 ihrer
1970 1980 2161 2040 Schlichtheit
2195 1984 2343 2044 erhabene
2382 1990 2511 2050 Gestalt,
2540 1992 2573 2052 an
2617 1996 2736 2056 welcher
2775 1998 2822 2058 der
2861 2001 2918 2061 alte

1786 2016 1938 2076 Fontane,
1958 2019 2012 2079 der
2042 2020 2159 2080 Dichter
2184 2025 2232 2085 der
2263 2026 2340 2086 Lene
2371 2030 2537 2090 Nimptsch,
2557 2035 2635 2095 seine
2665 2037 2777 2097 Freude
2807 2040 2920 2100 gehabt

1785 2055 1879 2115 hätte.
1910 2057 1990 2117 Lene
2021 2062 2162 2122 Nimptsch
2198 2064 2232 2124 ist
2258 2065 2297 2125 die
2328 2067 2434 2127 Heldin
2470 2071 2519 2131 von
2550 2076 2706 2136 Fontanes
2741 2079 2912 2139 „Irrungen

1788 2092 1842 2152 und
1877 2099 2097 2159 Wirrungen“.
2132 2103 2191 2163 Ihr
2226 2106 2397 2166 Geliebter,
2422 2113 2534 2173 Botho,
2560 2114 2613 2174 der
2643 2115 2667 2175 in
2707 2117 2756 2177 der
2791 2120 2913 2180 Zeitung

1785 2134 1861 2194 liest,
1885 2137 1937 2197 daß
1976 2138 2051 2198 Lene
2086 2140 2128 2200 sich
2167 2141 2224 2201 mit
2253 2144 2329 2204 einem
2378 2150 2492 2210 Gideon
2530 2153 2650 2213 verlobt
2684 2156 2745 2216 hat,
2769 2157 2917 2217 bekennt:

1785 2174 1917 2234 „Gideon
1947 2177 1985 2237 ist
2010 2179 2103 2239 besser
2133 2180 2176 2240 als
2206 2183 2333 2243 Botho.“
2363 2189 2470 2249 Solche
2500 2193 2715 2253 Bekenntnisse
2740 2197 2832 2257 fehlen
2867 2198 2915 2258 bei

1781 2214 1953 2274 Schnitzler.
1984 2218 2047 2278 Und
2077 2219 2111 2279 da
2141 2221 2175 2281 ist
2196 2222 2244 2282 der
2269 2227 2457 2287 Unterschied
2487 2231 2619 2291 zwischen
2650 2234 2693 2294 dem
2738 2239 2910 2299 skeptischen

1785 2252 1902 2312 Wiener
1931 2256 1988 2316 und
2022 2258 2095 2318 allen
2129 2263 2237 2323 denen,
2260 2264 2349 2324 denen
2385 2267 2480 2327 Kunst
2509 2271 2571 2331 eine
2599 2277 2842 2337 Angelegenheit
2865 2281 2915 2341 de¬

1790 2293 1980 2353 Menschheit,
2007 2297 2085 2357 nicht
2118 2302 2176 2362 nur
2208 2303 2255 2363 des
2293 2308 2440 2368 Könnens
2473 2314 2519 2374 ist.
