3392 4320
226 276 320 336 2.
379 285 865 345 Schnitzler
933 283 970 343 s
1038 280 1276 340 Death

378 1545 1105 1605 OEERVER

463 1599 478 1659 I
499 1596 626 1656 österr.
639 1596 786 1656 behördl.
803 1590 1101 1650 konzessioniertes

421 1639 657 1699 Unternehmen
691 1634 739 1694 für
764 1631 1156 1691 Zeitungs-Ausschnitte

464 1698 617 1758 WIEN.
644 1699 694 1759 I.,
721 1694 1008 1754 WOLLZEILE
1060 1694 1098 1754 11

565 1747 784 1807 TELEPHON
820 1745 999 1805 R-23-0-43

774 1819 909 1879 Wrazen
946 1837 1137 1897 Taaplatt.

363 1894 598 1954 Ausschnitt
625 1891 724 1951 aus:

553 2969 701 3029 Mehur
722 2974 898 3034 Sfniler

1480 276 1614 336 box
1694 279 1892 339 42/6

2076 1122 2167 1182 KI.

2738 1323 3007 1383 Resignation,
3028 1323 3089 1383 wie
3125 1324 3234 1384 letzter
3263 1321 3358 1381 Glan

2743 1372 2873 1432 rückten
2908 1370 3182 1430 Schneegipfel.

1877 1393 2336 1453 Fcuillcton

2840 1493 2992 1553 Immer
3015 1494 3146 1554 wieder
3176 1491 3233 1551 hat
3256 1492 3343 1552 Schu

1600 1506 1868 1566 Abschied
1917 1506 2022 1566 von
2071 1506 2263 1566 Artur
2312 1506 2666 1566 Schnitzler.

2748 1539 2779 1599 es
2811 1542 2893 1602 denn
2931 1542 2994 1602 mit
3019 1539 3070 1599 dem
3121 1539 3366 1599 heimtückische

1645 1582 1731 1642 Mit
1758 1584 1811 1644 dem
1859 1583 1891 1643 in
1925 1585 2051 1645 unsrer
2085 1584 2312 1644 Gegenwart
2339 1583 2432 1643 schon
2466 1586 2532 1646 fast
2566 1581 2619 1641 bis
2653 1582 2712 1642 zur

2753 1587 2810 1647 sei,
2830 1589 2868 1649 an
2907 1587 2990 1647 alles
3023 1587 3253 1647 Menschliche
3279 1586 3343 1646 und

1548 1630 1868 1690 Gleichgültigkeit
1894 1631 2084 1691 erstarrten
2122 1631 2189 1691 und
2227 1631 2504 1691 abgestumpften
2548 1629 2714 1689 Fatalis¬

2751 1634 2775 1694 in
2819 1634 2873 1694 den
2917 1633 3238 1693 verschwiegenen,
3288 1631 3380 1691 verch

1547 1674 1627 1734 mus
1657 1677 1852 1737 überfliegt
1876 1678 1950 1738 man
1986 1677 2054 1737 eine
2084 1676 2256 1736 Zeitung.
2297 1679 2354 1739 Da
2384 1677 2470 1737 wird
2505 1676 2574 1736 man
2609 1676 2707 1736 durch

2749 1679 2889 1739 kranken
2929 1679 3134 1739 Schicksalen
3167 1678 3276 1738 seiner
3309 1676 3359 1736 Ge

1543 1721 1608 1781 das
1638 1726 1815 1786 Telephon
1857 1724 2004 1784 gestört.
2046 1724 2128 1784 Und
2159 1724 2229 1784 eine
2259 1724 2424 1784 verehrte
2454 1724 2631 1784 Stimme,
2656 1721 2708 1781 die

2750 1726 2825 1786 was
2857 1725 2881 1785 je
2913 1724 3076 1784 Schmerz
3109 1727 3178 1787 und
3203 1724 3353 1784 Begierd

1546 1771 1581 1831 so
1611 1769 1728 1829 seltsam
1776 1772 1846 1832 und
1876 1769 2081 1829 unheilvoll
2106 1772 2300 1832 verändert
2324 1772 2376 1832 ist,
2400 1772 2459 1832 daß
2495 1772 2565 1832 man
2601 1771 2642 1831 sie
2666 1768 2695 1828 in

2753 1775 2918 1835 genannt
2938 1770 3029 1830 wird
3055 1772 3135 1832 oder
3166 1770 3227 1830 gar
3253 1772 3356 1832 keinen

1542 1815 1649 1875 ersten
1692 1816 1908 1876 Augenblick
1945 1818 2004 1878 gar
2041 1819 2137 1879 nicht
2168 1816 2336 1876 erkennt,
2361 1819 2462 1879 sagt:
2499 1819 2583 1879 „Ich
2626 1816 2703 1876 muß
2746 1819 2933 1879 hängten,
2957 1819 3185 1879 unterirdisch
3222 1815 3348 1875 dunkel

1548 1864 1667 1924 Ihnen
1710 1864 1901 1924 mitteilen,
1926 1862 1985 1922 daß
2023 1864 2136 1924 Artur
2167 1863 2365 1923 Schnitzler
2396 1864 2498 1924 heute
2529 1861 2702 1921 gestorben
2751 1865 2979 1925 wußtseins:
3010 1864 3082 1924 und
3118 1864 3244 1924 immer
3275 1865 3358 1925 wiel

1551 1908 1618 1968 ist.“
1667 1911 1759 1971 Man
1790 1909 1938 1969 versteht
1963 1911 2073 1971 nicht,
2086 1912 2159 1972 man
2191 1909 2264 1969 will
2289 1909 2380 1969 nicht
2400 1908 2596 1968 verstehen,
2615 1909 2707 1969 Man

2751 1912 2916 1972 Mensch,
2959 1912 3020 1972 der
3058 1909 3205 1969 gestehen
3248 1912 3327 1972 muß

1553 1956 1715 2016 erinnert
1741 1954 1797 2014 sich
1829 1958 1966 2018 daran,
1985 1960 2047 2020 daß
2085 1959 2160 2019 man
2198 1956 2260 2016 vor
2286 1958 2410 2018 kurzer
2436 1956 2523 2016 Zeit
2549 1954 2610 2014 mit
2636 1954 2692 2014 ihm
2749 1956 2861 2016 kann.
2906 1961 2955 2021 Je
2987 1957 3080 2017 älter
3112 1955 3305 2015 Schnitzler

1545 2002 1627 2062 ndch
1660 2005 2024 2065 beisammengesessen
2063 2005 2126 2065 ist,
2147 2005 2217 2065 man
2256 2005 2338 2065 ruft
2364 2003 2421 2063 sich
2455 2003 2543 2063 seine
2576 2002 2722 2062 Worte,
2756 2004 2819 2064 auf
2845 2005 2908 2065 den
2947 2005 2978 2065 er
3011 2003 3266 2063 zurückblickte,

2755 2049 2923 2109 Schicksal
2957 2050 3117 2110 verfolgt
3145 2049 3285 2109 wurde,

1547 2050 1628 2110 seine
1685 2053 1974 2113 Bewegungen,
2031 2055 2100 2115 sein
2170 2052 2314 2112 Lächeln
2377 2050 2434 2110 ins
2497 2048 2716 2108 Gebächtnis

1529 2102 1676 2162 zurück,
1721 2100 1784 2160 das
1836 2101 2233 2161 Nichtglaubenwollen
2298 2100 2393 2160 reißt
2419 2098 2578 2158 hundert
2630 2095 2713 2155 ver=
2745 2097 2931 2157 Wehmut
2951 2097 3046 2157 eines
3072 2095 3283 2155 Menschen,
3303 2094 3353 2154 der

2752 2143 2852 2203 sagen
2888 2147 3000 2207 muß,
3024 2144 3059 2204 um
3113 2142 3260 2202 dennoch
3297 2141 3349 2201 tat

1537 2148 1696 2208 dunkelte
1750 2147 1880 2207 Bilder
1934 2151 2004 2211 aus
2064 2151 2312 2211 vergangenen
2378 2148 2519 2208 Jahren
2585 2146 2714 2206 wieder

1529 2193 1599 2253 aus
1651 2196 1772 2256 Licht,
1811 2199 1887 2259 man
1945 2199 2137 2259 klammert
2182 2199 2239 2259 sich
2291 2198 2425 2258 töricht
2470 2196 2610 2256 daran,
2656 2194 2706 2254 als
2746 2192 2918 2252 wahren.
2970 2189 3071 2249 rotz
3098 2190 3263 2250 Abschied
3296 2190 3334 2250 un

2847 2234 2897 2294 Es
2930 2234 3012 2294 gibt
3038 2236 3127 2296 keine
3160 2232 3351 2292 Vereinigu

1538 2243 1663 2303 könnte
1736 2246 1820 2306 man
1899 2246 2000 2306 durch
2073 2246 2138 2306 das
2211 2246 2301 2306 alles
2380 2246 2433 2306 die
2512 2242 2710 2302 furchtbare

2758 2279 2782 2339 in
2822 2282 2918 2342 jeder
2951 2282 3183 2342 Umarmung
3215 2280 3330 2340 bleibt

1534 2293 1734 2353 Wahrheit
1806 2296 1935 2356 wieder
2012 2294 2171 2354 unwahr
2249 2294 2408 2354 machen.
2479 2291 2579 2351 Aber

2755 2328 2820 2388 Ein
2853 2329 2983 2389 ewiges
3010 2328 3225 2388 Geheimnis
3252 2327 3290 2387 ist
3310 2328 3342 2388 in

1548 2342 1645 2402 gleich
1695 2343 1799 2403 steigt
1842 2342 1935 2402 schon
1991 2342 2051 2402 das
2089 2342 2155 2402 erst
2187 2342 2445 2402 halberwachte
2476 2341 2709 2401 Bewußtsein

2753 2375 2849 2435 leben
2888 2375 2958 2435 wir
2984 2374 3054 2434 nur
3087 2375 3234 2435 wirklich
3267 2375 3298 2435 in
3337 2375 3369 2435 je

1547 2387 1653 2447 dieses
1683 2389 1865 2449 Verlustes
1895 2390 2125 2450 beklemmend
2155 2390 2302 2450 herauf,
2320 2390 2373 2450 die
2397 2390 2538 2450 Wände
2562 2385 2709 2445 scheinen

2759 2423 2932 2483 imstande
2958 2425 3048 2485 sind,
3066 2423 3089 2483 zu
3124 2420 3255 2480 lieben.

1546 2431 1605 2491 ins
1635 2434 1759 2494 Nichts
1789 2437 2244 2497 auseinanderzufliehen,
2263 2434 2333 2494 und
2363 2434 2451 2494 über
2481 2434 2534 2494 die
2558 2431 2717 2491 trostlose

1550 2482 1650 2542 Leere
1674 2482 1816 2542 hinweg
1840 2482 2041 2542 empfindet
2066 2482 2165 2542 man,
2184 2482 2231 2542 bis
2261 2483 2290 2543 in
2326 2482 2373 2542 die
2398 2478 2509 2538 letzten
2545 2480 2710 2540 Wurzeln

2855 2527 2954 2587 Alles
2975 2527 3085 2587 andre
3106 2525 3154 2585 ist
3176 2527 3335 2587 Schatten

1538 2530 1762 2590 erschüttert,
1802 2529 1872 2589 was
1924 2529 2032 2589 dieser
2079 2529 2155 2589 eine
2187 2527 2283 2587 Satz
2310 2529 2348 2589 an
2394 2527 2720 2587 Unwiederbring¬

2750 2577 2986 2637 Phantome,
3007 2575 3115 2635 unter
3150 2576 3258 2636 denen
3299 2576 3346 2636 ein

1552 2578 1647 2638 lichem
1693 2578 1885 2638 bedeutet:
1911 2577 2027 2637 Artur
2053 2578 2251 2638 Schnitzler
2285 2578 2322 2638 ist
2349 2575 2554 2635 gestorben.

2756 2626 2895 2686 schüttet
2916 2629 3021 2689 liegt.
3036 2623 3161 2683 Etwas
3182 2625 3255 2685 voll
3275 2622 3341 2682 gefä

1636 2633 1735 2693 Diese
1764 2632 2022 2692 Wirklichkeit:
2051 2632 2108 2692 daß
2145 2632 2251 2692 dieser
2281 2634 2409 2694 große,
2432 2632 2532 2692 reine
2561 2632 2703 2692 Mensch

1545 2679 1648 2739 dieser
1675 2681 1804 2741 große,
1818 2679 1954 2739 lautere
1981 2679 2124 2739 Dichter
2144 2679 2235 2739 nicht
2255 2681 2352 2741 mehr
2379 2679 2436 2739 ist,
2451 2679 2489 2739 sie
2510 2679 2554 2739 ist
2575 2675 2717 2735 doppelt
2750 2673 2919 2733 Traum,
2933 2673 2991 2733 den
3024 2673 3082 2733 fast
3109 2671 3173 2731 alle
3194 2670 3368 2730 Gestalter

2744 2724 2821 2784 eine
2846 2721 3069 2781 unsichtbare
3094 2718 3354 2778 dämonische?

1539 2727 1895 2787 niederschmetternd
1929 2726 1957 2786 in
1997 2724 2092 2784 einer
2122 2724 2268 2784 harten,
2314 2724 2562 2784 verworrenen
2625 2724 2709 2784 Zeit

1542 2772 1581 2832 da
1615 2772 1668 2832 die
1695 2772 1800 2832 Seele
1848 2772 1913 2832 vor
1960 2772 2080 2832 lauter
2134 2770 2319 2830 niedrigen
2373 2772 2578 2832 Realitäten
2639 2768 2718 2828 ent=
2745 2770 2897 2830 lichkeit,
2925 2767 3156 2827 Wirklichkeit
3190 2769 3216 2829 in
3263 2768 3349 2828 Sche

2749 2817 2805 2877 der
2825 2817 2978 2877 Worte,
2992 2819 3055 2879 mit
3075 2817 3132 2877 der
3158 2817 3209 2877 sich
3241 2817 3292 2877 die
3312 2817 3349 2877 ar

1541 2820 1714 2880 wirklicht
1739 2820 1810 2880 und
1835 2818 1931 2878 ihrer
1961 2819 2159 2879 Wesenheit
2184 2819 2339 2879 beraubt
2364 2818 2472 2878 wird.

1636 2875 1727 2935 Man
1780 2874 1910 2934 möchte
1956 2874 2119 2934 weinen;
2165 2875 2250 2935 aber
2296 2873 2328 2933 es
2381 2875 2478 2935 heißt
2525 2879 2622 2939 jetzt,
2656 2873 2714 2933 sich
2747 2865 2975 2925 Lebenslüge
3009 2865 3257 2925 hinweglügen
3296 2864 3348 2924 mö

2746 2915 2871 2975 kennen
2903 2915 3061 2975 müssen,
3077 2915 3139 2975 daß
3173 2915 3211 2975 sie
3228 2913 3282 2973 die
3306 2909 3321 2969 B

1542 2924 1892 2984 zusammenraffen,
1912 2921 2068 2981 Abschied
2101 2922 2269 2982 nehmen.

2870 2972 2926 3032 „Es
2958 2972 3063 3032 fließen
3102 2972 3289 3032 ineinander
3315 2972 3358 3032 Tr

1635 2979 1800 3039 Abschied
1847 2978 2019 3038 nehmen.
2040 2981 2125 3041 ...
2159 2979 2278 3039 Ueber
2325 2978 2385 3038 dem
2452 2977 2564 3037 Bilde
2597 2975 2716 3035 Artur

2863 3014 3037 3074 Wahrheit
3061 3016 3118 3076 und
3147 3016 3246 3076 Büge.
3264 3014 3356 3074 Siche

1542 3031 1758 3091 Schnitlers
1801 3031 1910 3091 steden
1965 3027 2030 3087 seit
2067 3029 2164 3089 jeher
2213 3026 2411 3086 unsichtbar
2449 3026 2539 3086 zwei
2564 3025 2696 3085 Worte

2866 3055 2936 3115 Wir
2960 3058 3058 3118 wissen
3094 3058 3192 3118 nichts
3217 3058 3274 3118 von
3305 3056 3339 3116 an

1538 3078 1703 3138 Abschied
1772 3077 1845 3137 und
1919 3078 2159 3138 Einsamkeit.
2215 3076 2326 3136 Nicht
2394 3076 2461 3136 erst
2518 3077 2548 3137 in
2598 3074 2707 3134 seinen

2861 3103 2939 3163 Wir
2964 3103 3073 3163 spielen
3113 3100 3238 3160 immer,
3263 3103 3325 3163 wer

1542 3127 1652 3187 letzten
1726 3126 1898 3186 Werken,
1960 3124 1990 3184 in
2066 3126 2132 3186 dem
2213 3125 2403 3185 herrlichen
2466 3124 2582 3184 „Buch
2657 3120 2718 3180 der

1542 3174 1698 3234 Sprüche
1735 3178 1801 3238 und
1832 3177 2067 3237 Bedenken",
2110 3175 2139 3235 im
2213 3175 2339 3235 „Gang
2400 3176 2460 3236 zum
2528 3171 2678 3231 Weiher

2852 3210 3054 3270 Sicherheit
3077 3211 3121 3271 ist
3145 3211 3346 3271 nirgends.

1547 3221 1609 3281 hat
1633 3223 1690 3283 der
1720 3223 1869 3283 einsame
1898 3222 2094 3282 Schnitzler
2141 3220 2308 3280 Abschied
2361 3220 2591 3280 genommen.
2638 3220 2718 3280 Wie

1538 3267 1605 3327 tief
1630 3267 1691 3327 hat
1716 3268 1820 3328 dieser
1846 3267 1937 3327 Arzt
1963 3267 2017 3327 dem
2061 3264 2246 3324 Menschen
2284 3266 2307 3326 in
2345 3266 2394 3326 die
2425 3267 2529 3327 Seele
2554 3266 2714 3326 geschaut
2752 3258 2998 3318 Unsicherheit
3017 3258 3090 3318 legt
3109 3258 3164 3318 der
3189 3258 3330 3318 Dichter

1543 3312 1615 3372 und
1642 3313 1708 3373 wie
1735 3315 1794 3375 tief
1822 3315 1881 3375 hat
1902 3314 1935 3374 er
1962 3312 2028 3372 das
2075 3315 2181 3375 Leben
2235 3313 2427 3373 schließlich
2481 3310 2721 3370 durchschaut.
2748 3309 2840 3369 Herz
2868 3306 2980 3366 seiner
3008 3306 3220 3366 Menschen.
3240 3306 3293 3366 Es
3320 3303 3353 3363 re

2749 3354 2911 3414 genügen
2950 3354 3204 3414 voneinander
3237 3354 3291 3414 los

1547 3359 1644 3419 Aber
1668 3360 1702 3420 es
1737 3360 1823 3420 blieb
1859 3360 1945 3420 keine
1975 3358 2234 3418 Verbitterung
2269 3363 2297 3423 in
2351 3359 2408 3419 ihm
2478 3360 2598 3420 zurück
2645 3356 2714 3416 und

1548 3405 1643 3465 keine
1680 3407 1968 3467 Friedlosigkeit.
2017 3405 2126 3465 Nicht
2156 3407 2228 3467 nur
2265 3406 2307 3466 um
2362 3407 2421 3467 das
2464 3403 2566 3463 Werk
2597 3404 2716 3464 Artur
2753 3401 2933 3461 wähnen.
2964 3402 3067 3462 Dann
3103 3400 3211 3460 treibt
3248 3399 3277 3459 es

2747 3449 2881 3509 andern
2943 3450 3252 3510 abenteuerlichen

1550 3455 1783 3515 Schaitzlers,
1806 3456 1885 3516 auch
1920 3453 2005 3513 über
2034 3451 2090 3511 der
2142 3453 2295 3513 äußeren
2358 3453 2602 3513 Erscheinung

1543 3500 1715 3560 Dichters
1762 3503 1980 3563 schimmerte
2027 3502 2106 3562 edle
2154 3501 2272 3561 Güte,
2320 3506 2372 3566 die
2419 3501 2604 3561 Weisheit
2658 3497 2711 3557 der
2751 3497 3016 3557 täuschungen.
3037 3500 3129 3560 Oder
3156 3500 3195 3560 sie
3229 3498 3355 3558 stürzer
