3248 4384
162 763 627 823 Musikalien
720 769 799 829 u.

164 857 794 917 Schallplatten!

163 1061 228 1121 pehr
257 1064 322 1124 gut
355 1066 515 1126 erhaltene
557 1065 801 1125 antiquarische

167 1103 366 1163 Ausikstücke
399 1104 453 1164 von
480 1103 493 1163 S
526 1101 607 1161 —.40
635 1106 807 1166 aufwärts.

177 1145 354 1205 berspielte
373 1145 598 1205 Schallplatten
631 1145 682 1205 von
706 1148 715 1208 S
738 1146 780 1206 1.—

166 1184 320 1244 ufwärts.
353 1187 460 1247 Große
503 1187 681 1247 Auswahl.
723 1187 802 1247 Vor-

163 1228 282 1288 ührung
312 1226 569 1286 unverbindlich.

164 1303 229 1363 Leo
260 1301 408 1361 Tublin
445 1303 801 1363 (Husik-Union)

164 1356 264 1416 pttstr.
270 1354 280 1414 6
307 1357 567 1417 (Stefansplatz),
578 1357 641 1417 Tel.
647 1357 795 1417 U21-3-76

159 1482 186 1542 t
214 1480 376 1540 entstand
409 1483 457 1543 als
485 1483 533 1543 ein
566 1483 788 1543 Dokument,
810 1483 859 1543 als

155 1530 330 1590 kbarkeit.
352 1533 415 1593 Auf
437 1530 548 1590 meine
575 1533 767 1593 Anregung
794 1533 862 1593 hin,

154 1578 270 1638 hartem
315 1581 443 1641 Ringen
471 1584 582 1644 gegen
611 1582 660 1642 die
688 1584 855 1644 Beschei¬

167 1630 313 1690 strenge
341 1630 567 1690 Selbstkritik
601 1632 660 1692 des
687 1632 855 1692 Dichters

160 1680 244 1740 nte,
267 1680 367 1740 hatte
400 1681 463 1741 das
495 1683 697 1743 „Deutsche
735 1682 862 1742 Volks¬

159 1728 240 1788 sche
273 1730 489 1790 Aufführung
544 1730 614 1790 der
663 1730 830 1790 „Anatol“

155 1781 202 1841 ind
239 1778 357 1838 damit
410 1778 527 1838 dieser
586 1781 846 1841 Jugendarbeit

155 1830 318 1890 entprobe
344 1832 585 1892 Schnitzlers,
605 1832 654 1892 die
687 1832 718 1892 er
744 1832 857 1892 selbst

158 1963 379 2023 ichtwang:

156 2026 405 2086 eltberühmten
438 2029 582 2089 Dichter
610 2029 721 2089 gelten
755 2029 848 2089 diese

193 2077 409 2137 Nachrufes,
430 2080 584 2140 sondern
621 2080 682 2140 dem
735 2080 848 2140 wahr¬

203 2128 347 2188 gütigen
405 2128 715 2188 Edelmenschen:
768 2131 829 2191 dem

149 2178 510 2238 rMenschenseele,
531 2181 592 2241 dem
639 2181 845 2241 Analytiker

137 2229 196 2289 er
223 2227 288 2287 und
321 2229 581 2289 philosophisch
614 2229 841 2289 abgeklärten

147 2277 184 2337 zt
212 2277 271 2337 dem
320 2279 428 2339 Juden
461 2277 487 2337 in
520 2280 612 2340 ihm,
634 2280 693 2340 den
732 2280 763 2340 er
791 2280 845 2340 nie

138 2328 209 2388 ern
271 2328 331 2388 bei
382 2328 581 2388 passender
615 2330 853 2390 Gelegenheit

185 2378 301 2438 seiner
332 2378 535 2438 poetischen
598 2378 727 2438 Werke
783 2381 850 2441 be¬

142 2477 307 2537 kegönnt,
330 2477 418 2537 viele
446 2477 551 2537 Jahre
579 2480 850 2540 freundschaft¬

137 2525 164 2585 r
192 2527 229 2587 zu
267 2525 483 2585 verkehren.
511 2528 565 2588 Ein
603 2528 743 2588 wahrer
771 2531 846 2591 gei¬

172 2578 221 2638 ist
251 2576 290 2636 es
325 2576 516 2636 gewesen,
542 2579 605 2639 mit
635 2579 684 2639 ihm
758 2579 841 2639 tiefe

134 2624 325 2684 prechen.
379 2626 442 2686 Die
501 2628 751 2688 Gesellschaft
784 2629 841 2689 sah

154 2677 484 2737 scharfblickenden
521 2677 748 2737 Beobachter
779 2680 836 2740 und

137 2725 276 2785 eigenen
318 2725 530 2785 Getriebes;
557 2728 738 2788 erquickte
770 2728 837 2788 sich

137 2776 208 2836 den
246 2776 443 2836 Schönheit
469 2776 530 2836 und
568 2779 702 2839 Anmut
728 2779 847 2839 seiner

129 2826 449 2886 stellungskunst.
478 2826 566 2886 War
600 2826 633 2886 er
667 2828 755 2888 doch
794 2829 843 2889 ihr

142 2876 319 2936 Dichter
347 2875 407 2935 des
442 2877 696 2937 wienerischen
731 2877 847 2937 Char¬

136 2926 270 2986 uchten
312 2925 415 2985 Dufts
447 2925 509 2985 der
540 2927 649 2987 Stadt
681 2928 742 2988 und
785 2930 846 2990 der

137 2978 190 3038 ige
228 2976 365 3036 dürften
408 2976 434 3036 in
494 2976 552 3036 ihm
627 2976 722 3036 einen
786 2978 844 3038 nie

129 3024 149 3084 r
170 3024 386 3084 empfunden
418 3024 552 3084 haben,
573 3027 629 3087 den
666 3027 728 3087 alle
754 3028 841 3088 Fra¬

132 3074 169 3134 nd
202 3074 430 3134 Menschheit
459 3074 741 3134 beschäftigten.

190 3125 401 3185 Judentums
437 3125 558 3185 wurde
599 3125 634 3185 er
665 3125 725 3185 bei
756 3128 841 3188 aller

119 3176 165 3236 er
191 3173 391 3233 nationalen
433 3176 494 3236 und
531 3176 716 3236 religiösen
753 3176 840 3236 Din¬

119 3224 255 3284 grecht.
281 3224 354 3284 Das
391 3224 438 3284 ist
470 3224 496 3284 in
538 3226 653 3286 seinem
711 3227 841 3287 Roman

128 3271 217 3331 Feie“
271 3274 334 3334 und
388 3274 419 3334 im
462 3274 595 3334 Drama
627 3277 838 3337 „Professor

133 3319 143 3379 f
170 3320 233 3380 und
266 3322 344 3382 klar
372 3322 525 3382 fühlbar.
547 3325 578 3385 In
611 3327 844 3387 stundenlan¬

141 3371 226 3431 über
262 3373 311 3433 die
347 3373 559 3433 historische
595 3376 836 3436 Erscheinung

138 3422 198 3482 kes
229 3422 289 3482 und
325 3422 446 3482 dessen
477 3424 634 3484 Stellung
665 3427 699 3487 zu
730 3427 836 3487 hohen

136 3471 269 3531 ligiösen
306 3471 439 3531 Zielen,
466 3472 532 3532 frei
559 3473 620 3533 von
657 3474 744 3534 aller
770 3475 836 3535 Be¬

169 3522 477 3582 Beschränkung,
508 3525 639 3585 konnte
681 3525 731 3585 ich
782 3528 842 3588 mit

140 3713 598 3773 mlicion

125 3813 419 3873 lidischer
459 3817 763 3877 Roman.

125 3889 158 3949 ne
187 3887 534 3947 Problemstellung.

119 3935 184 3995 NVon
216 3935 264 3995 S.
283 3935 496 3995 Taubes.

123 3983 207 4043 teht
239 3983 302 4043 zur
340 3984 630 4044 Untersuchung,
662 3989 825 4049 wodurch

119 4033 249 4093 lischer
275 4036 406 4096 Roman
442 4036 477 4096 zu
508 4039 831 4099 charakterisieren

128 4084 302 4144 twortung
345 4087 462 4147 dieser
499 4088 631 4148 Frage,
664 4090 738 4150 eine
775 4090 812 4150 be

128 4131 240 4191 inition

310 4135 374 4195 des
429 4131 468 4191 so
543 4137 829 4197 ausgedrückten

2696 545 2767 605 DE
2808 548 2998 608 RARE

910 640 1015 700 schon
1058 641 1095 701 zu
1132 642 1196 702 den
1239 644 1344 704 Toten
1387 645 1493 705 warf,
1525 646 1620 706 einen
1663 649 1891 709 Welterfolg,
1918 652 1970 712 die

908 691 1110 751 Eroberung
1151 691 1252 751 eines
1293 696 1587 756 internationalen
1649 700 1856 760 Publikums
1918 701 1973 761 für

916 739 1018 799 Stück
1051 742 1110 802 und
1143 742 1229 802 Buch
1262 745 1446 805 gebracht.
1468 748 1679 808 Vertraglich
1712 748 1749 808 an
1776 750 1836 810 das
1863 751 1971 811 Burg¬

2128 760 2861 820 PERSERYEPPICHE

918 790 1053 850 theater
1089 793 1295 853 gebunden,
1331 796 1441 856 wollte
1483 796 1547 856 nun
1588 798 1784 858 Schnitzler
1821 799 1876 859 für
1911 801 1971 861 das

2114 811 2216 871 waren
2259 813 2352 873 noch
2404 814 2466 874 nie
2503 816 2544 876 so
2581 817 2684 877 billig
2726 820 2788 880 wie
2820 821 2902 881 jetzt

920 839 1167 899 Volkstheater
1199 841 1250 901 ein
1287 843 1385 903 Stück
1427 843 1607 903 schaffen,
1628 846 1690 906 das
1721 848 1824 908 schon
1866 849 1969 909 durch

920 887 1027 947 seinen
1064 891 1291 951 Gegenstand
1323 891 1374 951 für
1400 891 1452 951 die
1483 894 1668 954 exklusive
1700 897 1880 957 Hofbühne
1912 899 1973 959 un¬

2114 893 2144 953 In
2178 894 2371 954 Jepichars
2394 899 2456 959 S.
2479 900 2746 960 SCHEIN
2813 903 3005 963 A.G.

917 939 1059 999 möglich
1094 939 1162 999 sein
1202 942 1319 1002 sollte,
1344 942 1402 1002 und
1437 942 1476 1002 so
1511 945 1673 1005 entstand
1707 948 1805 1008 unter
1840 948 1971 1008 meiner

2117 958 2172 1018 nur
2193 959 2227 1019 I.,
2242 960 2469 1020 Bauernmarkt
2492 963 2574 1023 12-14
2595 963 2699 1023 (Keine
2721 963 2830 1023 Filjale
2852 965 2879 1025 in
2901 966 3004 1026 Wien)

913 988 1169 1048 bescheidenen
1210 991 1385 1051 Beratung
1426 990 1487 1050 bei
1518 994 1688 1054 Auswahl
1719 996 1779 1056 des
1820 997 1970 1057 Themas

2117 1008 2271 1068 Größtes
2298 1011 2416 1071 Lager
2437 1011 2560 1071 Wiens
2582 1012 2612 1072 in
2638 1014 2994 1074 Banyai-Knüpfern

916 1035 1030 1095 dieser
1066 1041 1323 1101 „Bernhardi“,
1349 1041 1464 1101 dieses
1500 1044 1535 1104 so
1571 1045 1671 1105 lange
1707 1045 1777 1105 heiß
1813 1047 1973 1107 umstrit¬

908 1085 988 1145 tene
1018 1088 1270 1148 Kamplstück,
1296 1090 1356 1150 das
1386 1090 1482 1150 einer
1513 1091 1578 1151 der
1604 1094 1805 1154 stärksten,
1851 1097 1971 1157 anhal¬

913 1134 1072 1194 tendsten
1109 1139 1268 1199 Erfolge,
1295 1140 1362 1200 eine
1419 1139 1480 1199 der
1532 1142 1702 1202 reichsten
1739 1145 1965 1205 Goldquellen

2032 1152 2212 1212 Gruppen.
2235 1154 2279 1214 Es
2308 1154 2443 1214 machte
2478 1156 2528 1216 ihm
2574 1158 2804 1218 Vergnügen,
2828 1160 2872 1220 als
2901 1160 2945 1220 ich
2986 1160 3075 1220 seine

915 1184 972 1244 der
1000 1187 1120 1247 Bühne
1153 1188 1295 1248 wurde,
1332 1190 1384 1250 die
1438 1191 1500 1251 den
1554 1194 1722 1254 „Anatol“
1776 1196 1838 1256 zur
1887 1196 1970 1256 Auf¬

2028 1202 2187 1262 bildliche
2221 1205 2442 1265 Darstellung
2482 1205 2597 1265 dieser
2631 1210 2874 1270 Gruppierung
2914 1211 2963 1271 als
2996 1210 3079 1270 kab¬

913 1235 1103 1295 erstehung
1134 1238 1310 1298 gebracht
1336 1241 1446 1301 hatte.

2028 1253 2200 1313 balistisch
2242 1256 2467 1316 bezeichnete
2508 1258 2571 1318 und
2607 1259 2658 1319 ihm
2710 1259 2779 1319 dies
2814 1259 2895 1319 auch
2936 1259 3086 1319 bewies.

1001 1286 1069 1346 Dem
1144 1288 1324 1348 jüdischen
1377 1288 1525 1348 Dichter
1579 1292 1849 1352 Oesterreichs,
1892 1297 1954 1357 dem

2118 1321 2146 1381 In
2176 1322 2256 1382 allen
2291 1324 2407 1384 Lagen
2442 1324 2499 1384 des
2529 1324 2684 1384 Lebens,
2702 1327 2766 1387 das
2795 1327 2858 1387 sich
2893 1327 2940 1387 ihm
2986 1327 3084 1387 nicht

910 1334 1058 1394 Dichter
1091 1334 1152 1394 des
1188 1339 1508 1399 österreichischen
1550 1342 1761 1402 Judentums
1793 1345 1855 1405 hat
1912 1345 1973 1405 der

2031 1369 2152 1429 immer
2184 1374 2353 1434 glücklich
2391 1375 2602 1435 gestaltete,
2629 1375 2761 1435 behielt
2814 1377 2851 1437 er
2905 1378 3078 1438 seelische

921 1384 1008 1444 Tod,
1029 1385 1085 1445 dem
1132 1384 1167 1444 er
1194 1385 1255 1445 mit
1281 1389 1384 1449 hellem
1431 1390 1723 1450 Prophetenauge
1755 1395 1816 1455 gar
1843 1396 1893 1456 oft
1920 1396 1965 1456 ins

2028 1420 2193 1480 Reinheit
2221 1422 2282 1482 und
2315 1424 2531 1484 Heiterkeit,
2560 1426 2609 1486 die
2643 1426 2703 1486 den
2737 1426 2897 1486 Verkehr
2925 1426 2986 1486 mit
3014 1428 3063 1488 ihm

916 1435 1041 1495 Antlitz
1076 1436 1252 1496 geschaut
1283 1438 1343 1498 und
1384 1441 1509 1501 dessen
1550 1443 1862 1503 geheimnisvoller
1903 1444 1967 1504 Un¬

2019 1468 2054 1528 so
2091 1471 2318 1531 wundervoll
2339 1474 2401 1534 und
2438 1474 2644 1534 genußreich
2681 1474 2862 1534 machten.
2888 1477 3074 1537 Unstreitig

913 1484 1113 1544 faßbarkeit
1140 1486 1196 1546 er,
1223 1486 1284 1546 wie
1316 1489 1403 1549 kaum
1476 1491 1522 1551 ein
1584 1492 1733 1552 anderer
1786 1494 1966 1554 Gestalter

2035 1517 2101 1577 war
2128 1517 2163 1577 er
2189 1520 2287 1580 einer
2314 1522 2375 1582 der
2402 1524 2675 1584 vornehmsten,
2697 1524 2955 1584 feinfühligsten
2987 1524 3084 1584 Men¬

916 1533 987 1593 inne
1019 1534 1235 1594 geworden,
1262 1538 1313 1598 die
1345 1539 1536 1599 gesegnete
1572 1541 1681 1601 Feder
1712 1543 1965 1603 meuchlerisch

2026 1569 2126 1629 schen
2162 1569 2302 1629 unserer
2328 1572 2418 1632 Zeit.
2439 1572 2499 1632 Die
2530 1572 2746 1632 Bewertung
2777 1574 2893 1634 seiner
2919 1575 3079 1635 mensch¬

913 1582 983 1642 früh
1027 1584 1259 1644 entwunden.
1293 1586 1362 1646 Wir
1396 1588 1503 1648 haben
1548 1590 1601 1650 für
1634 1592 1758 1652 immer
1791 1593 1964 1653 Abschied

2031 1617 2131 1677 lichen
2168 1620 2453 1680 Persönlichkeit
2485 1621 2570 1681 nahm
2623 1623 2675 1683 oft
2702 1624 2950 1684 grundfalsche
2982 1625 3082 1685 Maß¬

915 1632 1055 1692 nehmen
1096 1635 1231 1695 müssen
1271 1638 1331 1698 von
1362 1638 1468 1698 Artur
1498 1641 1714 1701 Schnitzler,
1760 1644 1819 1704 dem
1870 1644 1970 1704 Men¬

2024 1668 2150 1728 stäbe;
2172 1668 2299 1728 ebenso
2331 1668 2394 1728 wie
2426 1671 2520 1731 seine
2553 1671 2785 1731 dichterische
2817 1674 3086 1734 Individualität

913 1683 1036 1743 schen.
1078 1684 1177 1744 Aber
1203 1686 1312 1746 Artur
1338 1689 1556 1749 Schnitzler,
1598 1690 1660 1750 der
1707 1692 1857 1752 Dichter
1909 1695 1971 1755 und

2032 1713 2086 1773 von
2127 1717 2232 1777 vielen
2273 1718 2389 1778 Teilen
2425 1720 2550 1780 immer
2581 1720 2646 1780 nur
2677 1721 2757 1781 nach
2797 1721 2893 1781 einer
2944 1724 3074 1784 kleinen

911 1731 1074 1791 Denker,
1096 1733 1153 1793 der
1185 1733 1301 1793 Weise
1333 1736 1395 1796 und
1428 1739 1491 1799 der
1518 1739 1691 1799 Prophet,
1713 1740 1807 1800 nicht
1840 1742 1971 1802 zuletzt

2026 1766 2162 1826 Gruppe
2200 1769 2316 1829 seiner
2353 1769 2479 1829 Werke
2522 1770 2580 1830 und
2623 1770 2765 1830 deshalb
2802 1772 2971 1832 unrichtig
3014 1775 3071 1835 und

913 1781 974 1841 der
1001 1782 1099 1842 treue
1130 1784 1311 1844 kernhafte
1342 1789 1450 1849 Jude,
1477 1790 1559 1850 wird
1591 1793 1616 1853 in
1648 1790 1797 1850 unseren
1829 1793 1963 1853 Herzen

2024 1817 2218 1877 ungerecht
2246 1817 2407 1877 beurteilt
2429 1820 2569 1880 worden
2596 1820 2661 1880 ist.
2677 1822 2893 1882 Wahrhaftig
2926 1823 2968 1883 ist
2991 1823 3022 1883 er
3050 1824 3071 1884 in

911 1835 1028 1895 allzeit
1050 1834 1211 1894 lebendig
1243 1837 1398 1897 bleiben.

2019 1865 2103 1925 allem
2146 1868 2337 1928 gewesen,
2364 1868 2412 1928 als
2444 1871 2582 1931 Mensch
2620 1871 2683 1931 und
2715 1871 2768 1931 als
2795 1871 2959 1931 Dichter.
2981 1874 3081 1934 Nicht

2026 1916 2072 1976 ein
2134 1919 2428 1979 oberflächlicher
2485 1919 2635 1979 Aesthet
2687 1922 2774 1982 oder
2837 1922 3084 1982 pathetischer

2014 1966 2180 2026 Ethiker.
2197 1966 2269 2026 Nur
2297 1969 2369 2029 wer
2398 1968 2447 2028 ihm
2492 1969 2686 2029 persönlich
2720 1969 2804 2029 nahe
2838 1972 2926 2032 war,
2949 1972 2993 2032 ist
3016 1970 3082 2030 im¬

2021 2014 2144 2074 stande
2186 2016 2236 2076 die
2268 2017 2464 2077 Schönheit
2490 2018 2603 2078 seines
2639 2020 2789 2080 Wesens
2815 2020 2850 2080 zu
2887 2023 3061 2083 würdigen

906 2030 1180 2090 Bewunderung
1219 2032 1267 2092 die
1305 2035 1460 2095 Feinheit
1493 2036 1552 2096 und
1596 2038 1703 2098 Weite
1741 2040 1859 2100 seines
1887 2040 1961 2100 gei¬

2024 2067 2072 2127 die
2100 2066 2359 2126 bezwingende
2386 2068 2646 2128 Natürlichkeit
2668 2069 2727 2129 und
2760 2071 2943 2131 Offenheit
2965 2072 3078 2132 seines

910 2077 1015 2137 stigen
1053 2083 1243 2143 Horizonts
1275 2085 1549 2145 wahrnehmen.
1571 2087 1639 2147 Das
1671 2089 1761 2149 Buch
1804 2089 1967 2149 „Gedan¬

2027 2115 2243 2175 Charakters
2266 2118 2303 2178 zu
2331 2119 2520 2179 schätzen.
2537 2118 2606 2178 Der
2635 2119 2872 2179 entzückende
2900 2122 3008 2182 Witz,
3030 2122 3078 2182 die

903 2129 966 2189 ken
1004 2131 1066 2191 und
1104 2134 1389 2194 Erinnerungen“
1448 2135 1495 2195 ist
1554 2137 1627 2197 voll
1675 2138 1738 2198 von
1781 2140 1971 2200 Weisheit,

2025 2163 2250 2223 haarscharfe
2279 2166 2449 2226 Dialektik
2483 2167 2510 2227 im
2556 2169 2677 2229 Dialog
2710 2169 2826 2229 seiner
2854 2169 3069 2229 Dichtungen

909 2178 1085 2238 Klugheit,
1108 2181 1378 2241 Gerechtigkeit
1407 2184 1467 2244 und
1501 2187 1727 2247 Scharfsinn.
1750 2187 1788 2247 Es
1822 2189 1904 2249 fehlt
1932 2188 1959 2248 in

2032 2213 2139 2273 waren
2176 2215 2201 2275 im
2248 2217 2490 2277 persönlichen
2532 2220 2687 2280 Umgang
2723 2220 2821 2280 uniso
2858 2220 3079 2280 sprühender

908 2229 955 2289 ihm
1003 2230 1082 2290 auch
1114 2232 1209 2292 nicht
1230 2232 1278 2292 ein
1305 2235 1447 2295 Kapitel
1463 2235 1547 2295 über
1574 2238 1727 2298 Religion
1759 2238 1817 2298 und
1849 2238 1965 2298 Meta¬

2027 2262 2084 2322 und
2117 2265 2406 2325 unmittelbarer.
2428 2267 2501 2327 Und
2539 2267 2596 2327 bei
2618 2268 2749 2328 alledem
2802 2271 2918 2331 waren
2950 2271 3076 2331 immer

906 2280 1052 2340 physik.
1074 2280 1128 2340 Ein
1156 2283 1394 2343 Spaziergang
1427 2286 1486 2346 mit
1508 2286 1709 2346 Schnitzier
1736 2289 1807 2349 war
1829 2289 1964 2349 Freude

2028 2310 2165 2370 Wärme
2204 2314 2265 2374 und
2304 2316 2547 2376 Herzlichkeit
2581 2316 2641 2376 der
2676 2319 2880 2379 Grundton,
2908 2322 3079 2382 Beschei¬

910 2328 969 2388 und
1000 2328 1170 2388 Gewinn.
1191 2331 1351 2391 Niemand
1387 2334 1513 2394 konnte
1549 2334 1578 2394 so
1609 2337 1674 2397 gut
1699 2337 1860 2397 lauschen
1895 2340 1955 2400 und

2026 2364 2167 2424 denheit
2189 2364 2247 2424 und
2274 2367 2680 2427 Selbstbeherrschung.
2702 2370 2775 2430 Man
2807 2370 2934 2430 konnte
2956 2370 3082 2430 glück¬

903 2378 1052 2438 zuhören
1093 2378 1155 2438 wie
1187 2380 1248 2440 er;
1269 2383 1377 2443 gerne
1408 2383 1470 2443 und
1507 2384 1666 2444 dankbar
1692 2387 1780 2447 nahm
1827 2387 1867 2447 er
1894 2385 1960 2445 Be¬

2024 2412 2078 2472 lich
2111 2413 2202 2473 sein,
2219 2414 2267 2474 ihn
2300 2414 2429 2474 Freund
2462 2417 2591 2477 nennen
2624 2417 2656 2477 zu
2689 2417 2829 2477 dürfen.

905 2426 1042 2486 lehrung
1079 2429 1164 2489 über
1196 2431 1349 2491 jüdische
1386 2433 1497 2493 Dinge
1530 2435 1592 2495 an,
1614 2435 1666 2495 die
1721 2437 1773 2497 ihm
1842 2438 1952 2498 fremd

910 2477 1041 2537 waren.
1068 2479 1141 2539 Das
1179 2480 1290 2540 wenig
1327 2483 1511 2543 beachtete
1554 2486 1718 2546 Büchlein
1761 2489 1881 2549 „Geist
1914 2489 1939 2549 im

2117 2478 2193 2538 War
2226 2480 2257 2540 er
2289 2483 2372 2543 auch
2404 2484 2481 2544 kein
2514 2486 2660 2546 Dichter
2693 2486 2749 2546 des
2783 2486 3012 2546 Judentums,
3032 2490 3070 2550 so

908 2525 1010 2585 Wort
1032 2528 1096 2588 und
1129 2528 1231 2588 Wort
1253 2531 1280 2591 im
1324 2534 1442 2594 Geist“
1475 2534 1571 2594 zeigt
1594 2534 1663 2594 sein
1691 2537 1830 2597 ernstes
1858 2537 1955 2597 Stre¬

2023 2531 2094 2591 war
2122 2531 2182 2591 und
2211 2531 2299 2591 blieb
2332 2534 2365 2594 er
2394 2534 2443 2594 bis
2471 2534 2509 2594 an
2543 2534 2609 2594 sein
2643 2537 2737 2597 Ende
2771 2537 2792 2597 im
2837 2537 2975 2597 Grunde
3009 2540 3075 2600 sei¬

903 2576 962 2636 ben
993 2579 1073 2639 nach
1109 2579 1234 2639 System
1280 2582 1339 2642 und
1370 2583 1476 2643 Logik
1506 2585 1536 2645 im
1577 2587 1833 2647 menschlichen
1863 2588 1958 2648 Den¬

2014 2580 2077 2640 nes
2104 2582 2262 2642 Herzens
2294 2582 2352 2642 und
2390 2584 2505 2644 seiner
2532 2584 2632 2644 Seele
2665 2586 2770 2646 Jude.
2792 2586 2860 2646 Der
2892 2589 3077 2649 deutsche,

903 2626 982 2686 ken,
1003 2629 1088 2689 nach
1119 2629 1340 2689 Einordnung
1371 2632 1436 2692 der
1467 2635 1643 2695 wahrhaft
1668 2638 1950 2698 schöpferischen

2014 2629 2309 2689 österreichische
2343 2632 2485 2692 Dichter
2520 2634 2638 2694 wurde
2673 2637 2820 2697 dadurch
2860 2638 3070 2698 wahrhaftig

2014 2680 2113 2740 nicht
2141 2681 2378 2741 verkleinert.

902 2675 1174 2735 Geistesarbeit,
1200 2680 1260 2740 der
1296 2681 1564 2741 konstruktiven
1605 2685 1665 2745 und
1706 2686 1948 2746 destruktiven

897 2726 1072 2786 Elemente
1104 2731 1472 2791 schriftstellerischer
1499 2734 1679 2794 Tätigkeit
1701 2737 1721 2797 in
1753 2739 1954 2799 bestimmte

2111 2735 2176 2795 Wir
2207 2740 2309 2800 sollen
2352 2743 2418 2803 sein
2455 2746 2641 2806 Andenken
2679 2746 2805 2806 ehren.

1618 2803 2531 2863 nsss

2922 2809 3003 2869 N

1344 2922 2005 2982 Deutschland
2084 2931 2611 2991 erwache!

988 2981 1082 3041 Viele
1114 2986 1452 3046 Kriegsteilnehmer
1506 2988 1616 3048 haben
1655 2993 1876 3053 erschüttert
1903 2991 1955 3051 er¬

2018 2996 2226 3056 schreckend
2266 2997 2548 3057 angewachsen.
2571 3000 2830 3060 Insbesondere
2864 3000 2926 3060 auf
2949 3003 3067 3063 politi-

903 3029 992 3089 leben
1030 3032 1193 3092 müssen,
1216 3034 1278 3094 daß
1305 3037 1512 3097 furchtbare
1544 3041 1745 3101 Ereignisse
1798 3041 1835 3101 an
1894 3044 1957 3104 der

2018 3044 2113 3104 schem
2159 3046 2221 3106 und
2250 3046 2413 3106 geistigem
2459 3049 2605 3109 Gebiete
2634 3050 2752 3110 macht
2775 3050 2837 3110 sich
2866 3050 2961 3110 diese
2984 3048 3068 3108 Ent¬

898 3077 1023 3137 Front,
1048 3082 1270 3142 persönliche
1306 3086 1577 3146 erschütternde
1613 3089 1809 3149 Erlebnisse
1870 3092 1955 3152 oder

2013 3093 2186 3153 wicklung
2217 3095 2449 3155 bemerkbar.

895 3132 1069 3192 selische
1101 3134 1421 3194 Erschütterungen
1463 3137 1524 3197 das
1561 3140 1741 3200 Willens-,
1783 3140 1952 3200 Verstan¬

2094 3145 2274 3205 Zunachst
2303 3146 2359 3206 mit
2383 3146 2484 3206 tiefem
2530 3146 2711 3206 Bedauern
2745 3149 2807 3209 und
2836 3149 2971 3209 ernster
3000 3146 3067 3206 Be¬

902 3180 976 3240 des-
1007 3180 1067 3240 und
1103 3185 1349 3245 Gefühlsleben
1390 3186 1450 3246 des
1481 3188 1671 3248 Menschen
1708 3190 1797 3250 stark
1838 3191 1958 3251 beein¬

2013 3194 2167 3254 sorgnis,
2188 3194 2276 3254 dann
2307 3194 2369 3254 mit
2395 3197 2632 3257 wachsender
2659 3197 2870 3257 Entrüstung
2907 3200 2968 3260 und
3000 3195 3071 3255 Be¬

898 3233 1052 3293 flußten:
1078 3233 1201 3293 völlige
1232 3236 1561 3296 Gefühlslosigkeit,
1603 3239 1814 3299 zeitweilige
1866 3241 1953 3301 Aus¬

2009 3245 2195 3305 schämung
2232 3245 2279 3305 ist
2300 3245 2367 3305 der
2414 3245 2445 3305 in
2497 3248 2674 3308 geistiger
2721 3248 2954 3308 Selbstzucht
3002 3248 3063 3308 und

898 3281 1078 3341 schaltung
1114 3281 1169 3341 des
1204 3285 1435 3345 Verstandes,
1461 3287 1661 3347 gänzliches
1692 3292 1858 3352 Irresein.
1883 3292 1953 3352 Das

2009 3292 2278 3352 Selbstprüfung
2331 3295 2414 3355 gros
2466 3298 2689 3358 gewordene
2742 3298 2923 3358 Deutsche
2955 3298 3069 3358 Zeuge

898 3331 1140 3391 unglückliche
1167 3333 1259 3393 Ende
1291 3334 1347 3394 des
1379 3337 1524 3397 Krieges
1555 3337 1616 3397 und
1648 3338 1741 3398 seine
1767 3340 1819 3400 bis
1845 3340 1870 3400 in
1902 3340 1953 3400 die

2003 3343 2097 3403 eines
2127 3343 2300 3403 teilweise
2336 3343 2434 3403 mehr
2465 3345 2529 3405 und
2584 3346 2687 3406 mehr
2738 3346 2941 3406 anormalen
2996 3347 3064 3407 und

897 3382 1113 3442 Gegenwart
1139 3384 1468 3444 hineinreichenden
1498 3388 1719 3448 Nachwehen
1754 3391 1862 3451 haben
1892 3391 1951 3451 der

2009 3392 2261 3452 krankhaften,
2308 3394 2390 3454 teils
2422 3394 2788 3454 geschäftstüchtigen
2829 3397 3066 3457 Antisemitis¬

891 3432 1255 3492 Zerstörungsarbeit
1285 3433 1338 3493 der
1368 3436 1471 3496 Seele
1520 3439 1584 3499 und
1639 3437 1702 3497 des
1737 3441 1953 3501 Verstandes

2005 3443 2079 3503 mus
2104 3442 2316 3502 geworden,
2336 3445 2399 3505 der
2425 3445 2449 3505 in
2484 3445 2706 3505 Verbindung
2741 3448 2800 3508 mit
2825 3448 3042 3508 „nationaler

897 3478 1017 3538 keinen
1048 3483 1189 3543 Einhalt
1214 3483 1370 3543 gebieten
1401 3486 1562 3546 können,
1583 3486 1607 3546 im
1653 3489 1859 3549 Gegenteil,
1900 3492 1950 3552 die

2006 3490 2129 3550 Politik
2171 3492 2222 3552 die
2269 3492 2490 3552 sogenannte
2538 3495 2759 3555 „gebildete“
2812 3495 2955 3555 Schicht
2997 3496 3064 3556 des

900 3529 1096 3589 Neurosen,
1139 3534 1206 3594 wie
1255 3534 1316 3594 der
1365 3536 1566 3596 Mediziner
1609 3540 1710 3600 sagt,
1772 3541 1844 3601 sind
1897 3540 1954 3600 er¬

2009 3541 2194 3601 deutschen
2235 3543 2360 3603 Volkes
2391 3546 2512 3606 erfaßt
2538 3546 2613 3606 hat.
2659 3549 2930 3609 Hemmungslos
2986 3546 3066 3606 tobt

978 3663 1057 3723 Sind
1128 3663 1184 3723 die
1260 3666 1502 3726 romanhaften
1573 3668 1930 3728 „Reisebilder

1999 3667 2166 3727 Dichter“
2202 3668 2313 3728 dürfte
2344 3669 2379 3729 er
2410 3672 2506 3732 nicht
2532 3672 2744 3732 bezeichnet
2776 3672 2938 3732 werden.
2953 3672 3064 3732 Heine

895 3713 1080 3773 Heines
1126 3713 1286 3773 jüdisch?
1337 3713 1412 3773 Wir
1453 3713 1588 3773 denken
1634 3716 1744 3776 dabei
1785 3719 1819 3779 an
1870 3719 1945 3779 jene

2013 3717 2080 3777 war
2104 3719 2330 3779 vorwiegend
2365 3719 2412 3779 ein
2441 3722 2633 3782 deutscher
2658 3722 2821 3782 Dichter.

888 3761 1063 3821 Schriften
1100 3761 1162 3821 des
1194 3761 1375 3821 Dichters,
1401 3764 1452 3824 die
1484 3764 1582 3824 keine
1619 3764 1794 3824 jüdischen
1832 3768 1950 3828 Sujets

2095 3770 2139 3830 Um
2184 3769 2301 3829 jedoch
2336 3768 2395 3828 auf
2420 3769 2469 3829 die
2499 3770 2720 3830 Cegenwart
2745 3773 2784 3833 zu
2814 3771 2996 3831 kommen.
3016 3771 3065 3831 Ist

889 3811 1107 3871 behandeln,
1136 3812 1159 3872 in
1202 3812 1308 3872 denen
1351 3815 1421 3875 man
1463 3813 1551 3873 aber
1584 3815 1668 3875 doch
1711 3816 1785 3876 jene
1823 3818 1948 3878 beson¬

2009 3818 2063 3878 der
2099 3818 2230 3878 Roman
2266 3818 2361 3878 eines
2397 3817 2431 3877 so
2467 3817 2618 3877 bewußt
2649 3821 2824 3881 jüdischen
2865 3821 3051 3881 Menschen

893 3860 975 3920 dere
1011 3863 1217 3923 Geistesart
1250 3863 1321 3923 sich
1358 3863 1523 3923 entfalten
1570 3864 1673 3924 sieht,
1704 3865 1755 3925 die
1798 3866 1941 3926 vielfach

2011 3866 2068 3926 wie
2096 3869 2174 3929 Max
2196 3866 2344 3926 Brod,
2360 3868 2450 3928 etwa
2477 3869 2545 3929 sein
2572 3872 2788 3932 gelungener
2815 3872 2947 3932 Roman
2975 3872 3053 3932 „Die

895 3910 941 3970 als
967 3910 1136 3970 „jüdisch“
1163 3910 1368 3970 bezeichnet
1395 3912 1533 3972 worden
1560 3913 1621 3973 ist.
1637 3913 1724 3973 Aber
1750 3915 1842 3975 wäre
1869 3916 1899 3976 z.
1910 3916 1956 3976 B.

2009 3913 2111 3973 Frau,
2132 3916 2209 3976 nach
2246 3916 2308 3976 der
2334 3916 2405 3976 man
2442 3916 2503 3976 sich
2541 3919 2684 3979 sehnt“,
2700 3919 2782 3979 auch
2819 3919 2881 3979 nur
2907 3922 2932 3982 im
2979 3917 3056 3977 ver¬

894 3961 952 4021 der
975 3959 1294 4019 fragmentarische
1316 3961 1603 4021 „Rabbivon
1631 3964 1918 4024 Bacharach

2003 3964 2214 4024 borgensten
2251 3965 2447 4025 Schimmer
2479 3967 2571 4027 eines
2608 3967 2752 4027 Wortes
2785 3969 2944 4029 jüdisch?
2981 3970 3063 4030 Kei¬

893 4009 1073 4069 desselben
1109 4009 1377 4069 Schriftsellers
1409 4011 1460 4071 als
1486 4012 1666 4072 jüdischer
1713 4015 1847 4075 Roman
1904 4017 1939 4077 zu

2002 4014 2188 4074 neswegs.
2213 4015 2340 4075 Dieses
2375 4014 2463 4074 Buch
2508 4016 2551 4076 ist
2581 4018 2757 4078 vielmehr
2792 4018 2836 4078 ein
2876 4020 3047 4080 geradezu

894 4060 1100 4120 bezeichnen
1135 4057 1326 4117 gewesen,
1342 4060 1489 4120 obwohl
1514 4063 1547 4123 er
1577 4063 1626 4123 ein
1656 4066 1941 4126 ausgesprochen

2006 4064 2202 4124 unheimlich
2233 4066 2466 4126 anmutendes
2497 4066 2657 4126 Beispiel
2673 4069 2735 4129 der
2762 4069 2932 4129 geistigen
2964 4069 3061 4129 Assi¬

893 4108 1067 4168 jüdisches
1100 4108 1216 4168 Milieu
1280 4110 1518 4170 behanlelte?
1571 4111 1677 4171 Diese
1736 4117 1846 4177 Frage
1905 4116 1952 4176 ist

2002 4114 2356 4174 milationsfähigkeit
2381 4116 2473 4176 eines
2503 4118 2611 4178 sogar
2661 4117 2823 4177 national
2863 4117 3049 4177 bewußter

2454 4164 2509 4224 erk
2537 4164 2736 4224 geschaffen
2775 4167 2935 4227 worden,
2952 4167 3046 4227 dar'a
