3344 4384
2678 163 2717 223 e
2760 163 2860 223 e.

1044 170 1172 230 zwingt
1193 172 1281 232 uns,
1292 175 1419 235 Masken
1450 176 1479 236 zu
1510 172 1637 232 tragen,
1658 172 1696 232 um
1727 172 1756 232 zu
1787 171 1914 231 schützen
1945 166 2003 226 und

111 177 203 237 Anal
239 176 288 236 der
315 174 449 234 donlichg
476 172 628 232 Sopier
662 172 755 232 mude
798 172 848 232 sich
875 172 933 232 unr
959 169 984 229 in

2116 208 2193 268 leicht
2216 207 2256 267 tun
2290 207 2326 267 die
2353 207 2456 267 Samen
2487 205 2523 265 sich
2553 204 2594 264 ins
2624 204 2746 264 Säckchen
2779 206 2831 266 ein;

99 219 376 279 dbemerkungen.
428 218 489 278 Die
525 218 695 278 Romantik
732 216 880 276 entfaltet
917 213 998 273 ihren
1045 216 1081 276 zu
1118 218 1266 278 wahren,
1292 220 1353 280 was
1390 220 1451 280 uns
1482 218 1570 278 teuer
1601 216 1652 276 ist,
1699 216 1760 276 und
1791 216 1822 276 es
1858 214 1924 274 läßt
1951 213 2012 273 uns

2115 251 2180 311 nicht
2206 251 2260 311 viel
2286 249 2315 309 an
2344 249 2420 309 ihnen
2453 249 2515 309 wird
2548 249 2569 309 zu
2603 249 2678 309 sieben
2712 249 2773 309 sein.

97 270 218 330 renden
250 267 370 327 Glanz.
392 265 481 325 „Wir
508 265 607 325 wissen
639 263 734 323 nichts
766 262 818 322 von
856 261 1013 321 anderen,
1045 264 1229 324 manchmal
1251 267 1329 327 trotz
1345 267 1398 327 der
1425 266 1519 326 hellen
1551 264 1729 324 Vernunft,
1751 264 1808 324 auf
1830 261 1877 321 die
1904 258 1961 318 wir
1988 258 2014 318 so

2120 314 2177 374 Das
2209 311 2274 371 Licht
2301 309 2339 369 des
2370 309 2454 369 Tages
2482 309 2566 369 weicht
2593 308 2639 368 aus
2670 306 2735 366 Gelb
2767 308 2816 368 und
2844 309 2912 369 Rot,

1035 309 1110 369 stolz
1141 312 1221 372 sind,
1237 312 1262 372 in
1298 315 1419 375 Demut
1445 315 1500 375 vor
1527 312 1607 372 einen
1643 310 1769 370 höheren
1805 306 1911 366 Willen
1947 306 2022 366 hin¬

95 318 124 378 ts
159 315 212 375 von
257 315 349 375 uns.“
379 312 472 372 Diese
502 310 683 370 resignierte
713 309 908 369 Erkenntnis
943 306 991 366 ver

2124 353 2162 413 die
2189 353 2276 413 Stille
2303 352 2383 412 hängt
2406 351 2490 411 herein
2517 351 2559 411 als
2586 351 2631 411 wie
2658 351 2692 411 ein
2723 351 2765 411 Lot

1039 357 1162 417 sinken,
1178 360 1281 420 mögen
1318 362 1375 422 wir
1396 363 1442 423 ihn
1474 362 1535 422 nun
1562 357 1685 417 Zufall,
1702 355 1919 415 Bestimmung
1945 354 2017 414 oder

146 363 230 423 ihren
270 360 414 420 Stachel,
454 360 512 420 das
548 358 642 418 Leben
677 357 746 417 ruft
776 357 801 417 in
841 357 885 417 all
910 357 1008 417 seiner

2124 397 2167 457 den
2195 396 2286 456 blassen
2322 396 2409 456 Bogen
2441 396 2500 456 teilt
2528 395 2560 455 ein
2592 396 2722 456 schwarzer
2750 396 2861 456 Schlot.

105 410 171 470 falt
199 409 259 469 und
293 407 464 467 Schönheit
497 405 557 465 und
591 404 684 464 dankt
712 404 867 464 vielleicht
895 404 1005 464 gerade
1044 402 1132 462 Gott
1161 404 1309 464 nennen.
1337 407 1502 467 Schnitzler
1536 404 1724 464 formuliert
1758 401 1856 461 seinen
1895 401 2022 461 ethisch¬

1044 455 1209 515 religiösen
1256 455 1479 515 Standpunkt
1515 454 1540 514 in
1587 452 1639 512 der
1681 449 1882 509 „Dreifachen
1930 446 2022 506 War¬

93 458 119 518 Im
164 458 258 518 letzten
297 456 368 516 Rest
392 455 446 515 von
480 452 773 512 Fragwürdigkeit,
795 452 844 512 der
873 452 994 512 Mensch

2117 458 2170 518 Der
2195 458 2295 518 Rechen
2324 455 2420 515 kämmt
2445 455 2482 515 die
2503 455 2611 515 Ranken
2641 455 2669 515 an
2699 455 2740 515 den
2770 455 2864 515 Rand,

2122 502 2164 562 das
2195 500 2256 560 erste
2282 500 2421 560 Zündholz
2443 500 2499 560 setzt
2522 497 2565 557 den
2596 499 2665 559 Mist
2691 500 2712 560 in
2743 498 2856 558 Brand;

92 506 119 566 m
162 506 226 566 nun
259 503 377 563 einmal
405 502 560 562 anhaftet,
583 500 663 560 ihren
701 500 835 560 stärksten
874 500 1013 560 Zauber.
1046 503 1180 563 nung".
1197 501 1261 561 Der
1289 503 1482 563 unsichtbare
1510 501 1595 561 Geist
1618 500 1789 560 entgegnet
1817 497 1870 557 dem
1914 498 2021 558 Jüng¬

2129 545 2150 605 im
2191 546 2283 606 Wind,
2302 545 2341 605 der
2368 545 2474 605 anhebt,
2497 543 2581 603 zittert
2604 542 2674 602 leicht
2697 543 2732 603 die
2755 543 2843 603 Hand.

1041 549 1110 609 ling
1143 551 1202 611 auf
1224 551 1272 611 die
1300 551 1418 611 Frage,
1446 551 1504 611 wer
1532 551 1564 611 er
1591 549 1650 609 sei:
1672 548 1839 608 „Erkannt
1867 545 1920 605 hat
1948 545 2017 605 mich

105 554 255 614 Schaffen
289 551 364 611 jedes
397 550 581 610 Künstlers,
603 548 646 608 sei
668 548 700 608 er
728 548 781 608 der
810 548 1014 608 Wirklichkeit

1045 599 1106 659 kein
1138 597 1334 657 Sterblicher
1361 595 1448 655 noch,
1469 595 1520 655 der
1547 596 1665 656 Namen
1697 594 1753 654 hab
1780 594 1815 654 ich
1847 595 1945 655 viele,
1966 593 2022 653 Be¬

122 599 154 659 so
188 599 252 659 sehr
286 599 461 659 verhaftet,
483 599 548 659 gibt
576 598 608 658 es
642 596 706 656 eine
740 596 887 656 Stunde,
915 597 947 657 da
981 598 1013 658 er

1042 644 1214 704 stimmung
1254 642 1382 702 nennen
1426 643 1494 703 mich
1529 640 1579 700 die
1618 640 1923 700 Abergläubischen,
1973 637 2021 697 die

116 648 163 708 sich
201 641 300 701 selbst,
348 643 400 703 vor
433 644 485 704 den
522 643 665 703 Freuden
708 643 765 703 und
797 640 1002 700 Bitternissen

2053 670 2202 730 stürmisch
2239 667 2368 727 hervor,
2395 667 2555 727 schließlich
2586 667 2704 727 werden
2747 670 2829 730 seine
2855 667 3021 727 Gedanken

1039 691 1142 751 Toren
1179 691 1288 751 Zufall
1314 691 1376 751 und
1413 688 1459 748 die
1491 688 1657 748 Frommen
1694 687 1792 747 Gott.
1819 686 1948 746 Denen,
1975 685 2021 745 die

92 694 239 754 neuen
277 693 377 753 Tages
414 691 440 751 in
478 691 530 751 das
562 691 720 751 Paradies
758 691 805 751 der
837 688 1011 748 Phantasie

2053 717 2108 777 von
2141 715 2225 775 einem
2268 715 2361 775 Wahn
2395 715 2422 775 in
2456 715 2502 775 die
2526 715 2600 775 Irre
2625 715 2807 775 getrieben,
2826 715 2854 775 er
2878 715 3032 775 vergiftet

1044 741 1090 801 sich
1127 741 1173 801 die
1204 739 1322 799 Weisen
1359 736 1498 796 dünken,
1525 736 1571 796 bin
1608 736 1649 796 ich
1680 736 1726 796 die
1758 736 1871 796 Kraft,
1892 734 1938 794 die
1970 733 2005 793 am

103 744 171 804 htet,
198 741 474 801 Wunschträumen
512 739 702 799 nachhängt,
729 739 788 799 mit
815 736 915 796 seinen
953 736 1000 796 Ge

2053 763 2136 823 Elise
2167 762 2245 822 ohne
2276 763 2379 823 Reue,
2404 763 2483 823 ohne
2513 762 2670 822 Skrupel.
2691 762 2779 822 Erst,
2800 762 2848 822 als
2879 760 2908 820 er
2938 760 3031 820 Adele

1047 789 1179 849 Anfang
1204 787 1277 847 aller
1303 786 1385 846 Tage
1411 784 1474 844 war
1499 784 1558 844 und
1588 783 1695 843 weiter
1720 783 1808 843 wirkt
1828 781 2010 841 unaufhalt

99 793 137 853 en
164 790 228 850 eins
256 790 304 850 ist,
321 788 402 848 nicht
424 788 521 848 fragt,
537 787 688 847 sondern,
705 787 753 847 dem
792 784 1013 844 Schöpfungs¬

2048 808 2181 868 trotzdem
2245 808 2383 868 verliert
2433 808 2496 868 und
2551 808 2605 868 der
2635 808 2753 868 Pistole
2808 808 2856 868 des
2891 808 3029 868 Rächers

1055 836 1104 896 sam
1150 836 1180 896 in
1216 835 1261 895 die
1291 835 1447 895 Ewigkeit
1473 832 1558 892 durch
1594 831 1669 891 alles
1699 829 1905 889 Geschehen.“
1956 826 2021 886 Der

93 843 131 903 ig
159 836 368 896 hingegeben,
391 835 457 895 nach
480 835 606 895 eigenem
646 835 756 895 Willen
784 832 889 892 Wesen
917 832 1016 892 bildet

2046 855 2329 915 gegenübersteht,
2351 855 2407 915 erst
2428 855 2453 915 im
2495 855 2655 915 Angesicht
2681 855 2732 915 des
2759 855 2861 915 Todes
2888 855 2959 915 fällt
2986 854 3032 914 die

124 884 165 944 sie
196 884 249 944 ins
280 882 375 942 Glück
400 881 471 941 oder
508 881 532 941 in
568 881 622 941 den
659 882 718 942 Tod
756 879 863 939 führt,
888 881 941 941 wie
972 880 1001 940 es
1038 885 1206 945 Jüngling
1242 881 1314 941 will
1345 880 1387 940 die
1424 880 1603 940 Wahrheit,
1634 879 1675 939 die
1706 876 1958 936 Entscheidung,
1983 876 2018 936 de

2050 903 2168 963 Maske
2221 903 2277 963 von
2314 903 2417 963 seinem
2459 903 2582 963 Antlitz
2630 903 2691 963 und
2718 903 2748 963 er
2801 900 3043 960 entschwindet,

1040 933 1145 993 stürzt
1167 934 1214 994 er,
1241 933 1287 993 „in
1326 930 1367 990 ein
1405 927 1531 987 Dunkel
1558 927 1642 987 darin
1679 926 1726 986 die
1759 924 1869 984 Nächte
1902 924 2006 984 lauern

136 934 188 994 den
221 930 449 990 individuellen
482 930 614 990 Gesetzen
652 930 832 990 entspricht.

2051 955 2120 1015 „ein
2153 951 2374 1011 Entsühnter,
2397 951 2428 1011 zu
2462 951 2526 1011 ihr,
2548 953 2580 1013 zu
2613 951 2693 1011 Elise
2721 951 2769 1011 ins
2802 951 2926 1011 Nichts,
2948 951 3034 1011 nach¬

1039 978 1091 1038 die
1125 980 1292 1040 gekommen
1336 978 1393 1038 sind
1432 975 1494 1035 und
1528 975 1661 1035 kommen
1701 975 1815 1035 werden
1859 974 1911 1034 vom
1960 974 2007 1034 An

92 987 335 1047 Punschträume
358 985 373 1045 —
423 987 509 1047 ihnen
542 986 601 1046 sind
628 984 672 1044 die
699 984 856 1044 seltsamen
889 982 1007 1042 Frauen

2051 1000 2106 1060 dem
2151 999 2178 1059 er
2206 999 2250 1059 sich
2284 1000 2372 1060 lange
2400 999 2533 1059 gesehnt
2556 997 2655 1057 hatte"

124 1036 273 1096 Männer
299 1035 468 1095 verfallen,
489 1035 535 1095 die
562 1035 628 1095 jetzt
654 1034 705 1094 vor
731 1032 859 1092 unseren
896 1031 1004 1091 Augen
1046 1029 1158 1089 beginn
1195 1029 1235 1089 bis
1267 1026 1323 1086 zum
1360 1026 1447 1086 Ende
1473 1025 1524 1085 der
1550 1023 1709 1083 Welten“.

2090 1050 2156 1110 Der
2185 1053 2391 1113 Junggeselle
2414 1050 2475 1110 war
2504 1050 2553 1110 für
2577 1050 2660 1110 seine
2683 1050 2834 1110 Freunde
2857 1050 3035 1110 zeitlebens

1085 1083 1167 1143 Eine
1199 1080 1344 1140 Rettung
1381 1079 1438 1139 vor
1475 1079 1526 1139 dem
1574 1077 1682 1137 Nichts
1714 1077 1786 1137 gibt
1813 1076 1843 1136 es
1881 1076 1937 1136 für
1969 1076 2020 1136 den

104 1083 191 1143 mals
222 1082 268 1142 ihr
289 1082 438 1142 Schicksal
454 1079 577 1139 erfüllen
614 1079 752 1139 werden,
768 1078 942 1138 Stäubchen
974 1077 999 1137 im

2058 1099 2102 1159 ein
2138 1097 2348 1157 Komödiant.
2389 1097 2434 1157 In
2490 1097 2595 1157 seinem
2656 1097 2841 1157 Testament
2887 1097 2957 1157 will
3003 1094 3032 1154 er

1040 1131 1219 1191 modernen
1257 1130 1425 1190 Menschen
1468 1127 1605 1187 lediglich
1643 1125 1668 1185 in
1711 1124 1763 1184 der
1801 1124 2017 1184 inbrünstigen

108 1130 200 1190 slauf
232 1130 283 1190 der
319 1130 484 1190 Ewigkeit,
510 1128 582 1188 aber
614 1127 799 1187 notwendig
836 1127 897 1187 und
934 1124 990 1184 sinn

2056 1145 2250 1205 wenigstens
2283 1144 2364 1204 seine
2392 1145 2679 1205 Mittelmäßigkeit
2706 1145 2879 1205 überragen
2918 1142 2977 1202 und
3010 1145 3036 1205 so

127 1180 183 1240 wie
213 1178 270 1238 das
305 1178 425 1238 kleinste
461 1175 592 1235 Rädchen
633 1176 661 1236 im
708 1176 817 1236 großen
858 1172 921 1232 Bau
962 1172 1007 1232 der
1042 1180 1191 1240 Hingabe
1221 1178 1255 1238 an
1290 1176 1347 1236 das
1376 1175 1497 1235 Leben.
1532 1174 1595 1234 Uns
1630 1174 1716 1234 selbst
1745 1173 1854 1233 müssen
1895 1172 1952 1232 wir
1981 1173 2027 1233 die

2062 1193 2131 1253 sagt
2153 1193 2185 1253 er
2213 1193 2266 1253 den
2305 1193 2439 1253 Dreien,
2462 1193 2493 1253 er
2521 1193 2596 1253 habe
2623 1193 2688 1253 ihre
2716 1193 2844 1253 Frauen
2878 1190 3044 1250 verführt.

1045 1229 1152 1289 Treue
1180 1226 1303 1286 halten,
1325 1226 1379 1286 alle
1406 1224 1643 1284 Möglichkeiten
1676 1223 1902 1283 ausschöpfen,
1925 1223 1967 1283 die
1995 1223 2016 1283 ir

106 1227 243 1287 tenuhr.

2059 1241 2228 1301 Wahrheit
2258 1240 2330 1300 oder
2359 1240 2467 1300 Lüge?
2518 1241 2591 1301 Vom
2637 1241 2851 1301 Standpunkt
2903 1241 3038 1301 höherer

1040 1274 1106 1334 uns
1148 1274 1376 1334 schlummern.
1407 1274 1557 1334 Deshalb
1588 1271 1717 1331 entläßt
1744 1271 1909 1331 Erasmus
1945 1270 2007 1330 sein

89 1280 390 1340 Dämmerseelen."
448 1279 598 1339 Zunächst
651 1279 731 1339 zwei
784 1276 1015 1336 merkwürdige

2056 1287 2266 1347 Sittlichkeit,
2294 1287 2348 1347 vom
2392 1288 2607 1348 Standpunkt
2656 1285 2704 1345 des
2738 1287 2931 1347 Lebendigen
2992 1287 3040 1347 ge¬

93 1330 211 1390 cksale,
256 1327 306 1387 die
352 1327 442 1387 durch
483 1326 533 1386 die
562 1326 713 1386 ivonische
742 1327 917 1387 Färbung,
963 1324 1013 1384 die
1047 1326 1148 1386 junge
1188 1322 1301 1382 Gattin
1353 1323 1527 1383 Dionysia,
1561 1321 1594 1381 sie
1640 1318 1714 1378 darf
1754 1318 1804 1378 dem
1861 1316 1928 1376 Ton
1974 1319 2029 1379 der

2058 1334 2169 1394 sehen,
2191 1336 2227 1396 ist
2249 1336 2280 1396 es
2307 1334 2481 1394 zweifellos
2513 1336 2613 1396 Lüge.
2635 1333 2724 1393 Denn
2762 1335 2830 1395 mag
2857 1333 2909 1393 der
2942 1333 3042 1393 Treu¬

82 1377 126 1437 n
161 1376 329 1436 Schnitzler
380 1375 549 1435 zeitweilig
601 1372 752 1432 verleiht,
792 1372 825 1432 in
882 1372 1011 1432 apartes
1051 1372 1288 1432 „Hirtenflöte"
1323 1371 1446 1431 folgen,
1469 1369 1513 1429 ein
1549 1368 1689 1428 Märchen
1723 1366 1779 1426 von
1813 1366 1920 1426 Liebe,
1937 1366 2032 1426 Glück

2061 1382 2148 1442 bruch
2180 1384 2298 1444 einmal
2324 1384 2483 1444 begangen
2520 1381 2638 1441 worden
2675 1382 2757 1442 sein,
2778 1381 2901 1441 spätere
2928 1381 3046 1441 Kame¬

1048 1422 1109 1482 und
1146 1419 1208 1479 Tod
1245 1419 1270 1479 in
1312 1420 1399 1480 einem
1452 1420 1638 1480 Wachtraum
1686 1414 1809 1474 erleben
1852 1414 1913 1474 und
1950 1414 2032 1474 kehrt

93 1426 191 1486 gelicht
220 1424 340 1484 gerückt
374 1423 512 1483 werden.
546 1421 628 1481 „Das
662 1423 811 1483 Schicksal
845 1420 894 1480 des
928 1417 1016 1477 Frei¬

2062 1432 2218 1492 radschaft
2240 1430 2299 1490 hat
2321 1431 2369 1491 ihn
2402 1429 2618 1489 ausgelöscht.
2662 1429 2731 1489 Und
2759 1429 2840 1489 recht
2889 1429 3034 1489 behalten

1049 1471 1131 1531 dann
1171 1468 1281 1528 müde,
1304 1468 1431 1528 beladen
1470 1468 1530 1528 mit
1559 1466 1675 1526 Schuld
1709 1465 1769 1525 und
1803 1465 1969 1525 Schicksal,
1997 1465 2024 1525 zu

93 1474 126 1534 n
172 1474 233 1534 von
285 1471 499 1531 Leisenbohg“
545 1468 629 1528 wäre
670 1468 771 1528 Stoff
822 1468 878 1528 für
924 1465 1008 1525 einen

2064 1478 2223 1538 schließlich
2255 1479 2303 1539 die
2335 1479 2469 1539 Tätigen
2507 1480 2586 1540 nicht
2612 1477 2660 1537 die
2692 1477 2814 1537 Toten.
2846 1478 2937 1538 („Der
2975 1474 3036 1534 Tod

102 1524 212 1584 iriker,
240 1524 327 1584 ginge
361 1521 410 1581 der
438 1519 608 1579 treffliche,
631 1516 762 1576 korrekte
796 1516 895 1576 Mann
934 1515 1016 1575 nicht
1050 1518 1137 1578 ihrem
1187 1515 1313 1575 Manne
1353 1515 1479 1575 zurück,
1507 1515 1561 1575 der
1595 1514 1633 1574 sie
1667 1512 1749 1572 ohne
1782 1512 1947 1572 Vorwurf
1981 1512 2013 1572 be

2060 1527 2113 1587 des
2144 1524 2430 1584 Junggesellen".)

93 1571 216 1631 unde.
256 1569 532 1629 Jahrzehntelang
566 1566 662 1626 wirbt
690 1565 718 1625 er
752 1565 791 1625 um
837 1562 881 1622 die
916 1562 1017 1622 Gunst
1046 1564 1170 1624 grüßt.
1199 1565 1254 1625 Ein
1289 1565 1407 1625 Weiser
1447 1562 1508 1622 wie
1543 1561 1576 1621 er
1616 1561 1734 1621 meint,
1763 1560 1829 1620 doch
1870 1560 2027 1620 Dionysig

2096 1581 2243 1641 Deshalb
2274 1581 2350 1641 wird
2380 1581 2451 1641 auch
2482 1581 2534 1641 der
2564 1581 2646 1641 „tote
2671 1578 2830 1638 Gabriel“
2861 1579 2907 1639 den
2944 1578 3037 1638 Gang

100 1623 121 1683 r
155 1617 342 1677 Sängerin,
386 1616 464 1676 wird
514 1614 629 1674 immer
679 1614 740 1674 von
801 1612 1010 1672 glücklicheren
1050 1614 1138 1674 lehrt
1188 1614 1237 1674 ihn
1298 1614 1353 1674 den
1415 1611 1547 1671 tieferen
1602 1611 1690 1671 Sinn
1752 1610 1840 1670 ihrer
1895 1607 2027 1667 inneren

2059 1629 2114 1689 der
2142 1630 2318 1690 Ereignisse
2352 1629 2441 1689 durch
2475 1629 2573 1689 seinen
2613 1628 2812 1688 Selbstmord
2851 1628 2933 1688 nicht
2962 1626 3050 1686 hem¬

102 1667 169 1727 alen
210 1665 384 1725 verdrängt
418 1662 479 1722 und
514 1663 604 1723 gerät
632 1660 694 1720 just
723 1660 745 1720 in
785 1662 840 1722 dem
886 1659 1021 1719 Augen=
1050 1662 1241 1722 Wandlung
1276 1664 1461 1724 begreifen:
1496 1659 1563 1719 „Du
1603 1659 1642 1719 ein
1682 1658 1828 1718 Weiser?
1862 1656 1929 1716 Und
1969 1657 2031 1717 hast

2059 1677 2149 1737 men.
2195 1677 2257 1737 Die
2286 1677 2546 1737 Schauspielerin
2603 1675 2812 1735 Wilhelmine
2847 1674 2880 1734 ist
2909 1673 2953 1733 die
2982 1673 3049 1733 Ge¬

119 1714 190 1774 „als
218 1713 245 1773 er
278 1713 322 1773 die
350 1711 487 1771 Geliebte
516 1710 537 1770 in
571 1710 625 1770 den
659 1710 769 1770 Armen
802 1708 885 1768 hält,
902 1707 929 1767 in
957 1707 1006 1767 den
1051 1713 1133 1773 nicht
1167 1711 1315 1771 erkannt,
1343 1710 1397 1770 das
1431 1709 1519 1769 jedem
1564 1708 1773 1768 menschlichen
1812 1706 1927 1766 Dasein
1966 1705 2032 1765 nur

2062 1724 2158 1784 liebte
2186 1724 2282 1784 seines
2310 1724 2477 1784 Freundes
2504 1722 2687 1782 Ferdinand
2720 1722 2881 1782 geworden
2914 1721 2973 1781 und
3001 1721 3038 1781 an

1047 1760 1097 1820 ein
1143 1760 1296 1820 schmaler
1336 1757 1443 1817 Strich
1489 1757 1630 1817 gegönnt
1671 1755 1727 1815 ist,
1750 1754 1811 1814 sein
1847 1754 1953 1814 Wesen
1999 1754 2027 1814 zu

96 1766 128 1826 n
167 1760 258 1820 eines
291 1760 441 1820 Fluches,
469 1760 517 1820 den
561 1758 620 1818 sein
659 1754 906 1814 unmittelbarer
939 1753 1020 1813 Vor¬

2063 1772 2183 1832 Irene,
2207 1772 2253 1832 die
2288 1772 2334 1832 ihn
2369 1772 2484 1832 liebte,
2508 1771 2553 1831 sah
2589 1769 2617 1829 er
2652 1769 2778 1829 vorbei.
2802 1769 2911 1829 Dieses
2947 1769 3044 1829 Mäd¬

1049 1809 1210 1869 verstehen
1248 1808 1313 1868 und
1351 1807 1383 1867 zu
1421 1805 1583 1865 erfüllen?
1616 1805 1702 1865 Dort
1735 1804 1777 1864 wo
1816 1802 1869 1862 das
1913 1803 2010 1863 einzig

97 1813 158 1873 ger
187 1811 209 1871 in
250 1810 295 1870 der
323 1808 533 1868 Todesstunde
562 1806 709 1866 ausstieß.
732 1805 840 1865 Zufall
863 1802 936 1862 oder
965 1799 1004 1859 Be

2063 1819 2126 1879 chen
2178 1818 2282 1878 merkt
2329 1818 2473 1878 entsetzt,
2508 1820 2565 1880 daß
2618 1819 2669 1879 die
2693 1817 2803 1877 beiden
2856 1819 2948 1879 ruhig
2977 1817 3046 1877 ihre

109 1859 229 1919 mung,
258 1856 317 1916 wer
351 1856 422 1916 weiß
456 1855 516 1915 es?
566 1853 615 1913 Er
648 1854 708 1914 war
747 1853 796 1913 der
830 1850 1011 1910 anmutigen

1056 1859 1116 1919 mit
1144 1859 1265 1919 einmal
1299 1856 1452 1916 geborene
1486 1856 1546 1916 und
1585 1856 1722 1916 niemals
1756 1853 2031 1913 wiederkehrende

2066 1866 2153 1926 Bahn
2215 1865 2495 1925 weiterschreiten,
2546 1865 2639 1925 lachen
2700 1865 2766 1925 und
2822 1865 2937 1925 weinen
2981 1865 3041 1925 und

98 1907 134 1967 e
165 1905 227 1965 nur
264 1904 430 1964 Werkzeug
468 1901 529 1961 und
567 1901 615 1961 dem
666 1901 770 1961 Tenor
808 1899 931 1959 Sigurd
968 1898 1023 1958 erst

1053 1907 1169 1967 Rätsel
1197 1905 1301 1965 seines
1335 1904 1467 1964 Wesens
1501 1901 1528 1961 im
1573 1903 1705 1963 gleichen
1750 1899 1832 1959 Bett
1871 1898 1932 1958 mit
1971 1898 2026 1958 den

2062 1915 2266 1975 aneinander
2295 1913 2430 1973 Gefühle
2459 1913 2521 1973 und
2550 1913 2793 1973 Leidenschaften
2827 1913 3053 1973 vortäuschen,

104 1957 138 2017 t;
162 1955 230 2015 jetzt
260 1951 311 2011 hat
341 1951 392 2011 der
421 1948 559 2008 ominöse
589 1948 681 2008 Fluch
716 1948 796 2008 seine
826 1945 923 2005 Kraft
953 1942 1004 2002 ver

1045 1954 1147 2014 hohen
1180 1951 1314 2011 Gesetzen
1353 1951 1514 2011 göttlicher
1542 1951 1601 2011 und
1629 1950 1839 2010 menschlicher
1866 1945 2028 2005 Ordnung

2065 1960 2217 2020 während
2246 1960 2381 2020 Gabriel
2405 1960 2501 2020 unter
2524 1960 2574 2020 der
2603 1960 2682 2020 Erde
2711 1960 2784 2020 liegt
2813 1960 2868 2020 und
2897 1960 2937 2020 sie
2960 1960 3049 2020 selbst

99 2002 126 2062 n
159 2002 212 2062 und
245 1999 278 2059 sie
300 1999 407 2059 dürfen
440 1999 484 2059 sich
506 1995 657 2055 furchtlos
685 1994 765 2054 ihrer
787 1993 874 2053 Liebe
902 1991 1004 2051 freuen

1055 2001 1169 2061 läuft?
1200 1999 1260 2059 Ein
1291 1999 1466 2059 Liebender
1497 1999 1557 2059 du?
1596 1999 1664 2059 Und
1688 1999 1748 2059 bist
1771 1997 1854 2057 nicht
1878 1995 1968 2055 selbst
1992 1998 2022 2058 an
2069 2004 2129 2064 aus
2161 2009 2312 2069 Haßliebe
2344 2009 2442 2069 seinen
2481 2008 2617 2068 Rivalen
2671 2008 2739 2068 beim
2785 2008 2929 2068 Abschied
2961 2008 3051 2068 küßt.

105 2052 149 2112 dem
195 2047 334 2107 biederen
367 2044 514 2104 Andreas
546 2042 724 2102 Thameyer
751 2040 858 2100 ergeht
885 2038 910 2098 es
943 2038 1025 2098 nicht
1058 2052 1146 2112 jenem
1192 2047 1300 2107 fernen
1333 2050 1473 2110 Morgen
1505 2047 1555 2107 ins
1588 2047 1645 2107 Tal
1672 2045 1946 2105 hinabgestiegen,
1972 2042 2009 2102 ein

2063 2056 2128 2116 Ein
2158 2056 2276 2116 Rätsel
2301 2056 2336 2116 ist
2366 2055 2419 2115 das
2450 2056 2716 2116 Menschenherz.

99 2098 153 2158 er.
175 2095 250 2155 Auch
277 2095 309 2155 er
337 2093 412 2153 nicht
434 2092 600 2152 Hammer,
623 2090 752 2150 sondern
785 2089 903 2149 Amboß
936 2086 1016 2146 eines

1056 2103 1147 2163 Flöte
1175 2102 1201 2162 zu
1234 2098 1434 2158 zerbrechen,
1451 2098 1542 2158 deren
1576 2095 1656 2155 Töne
1684 2095 1737 2155 der
1760 2092 1927 2152 Geliebten
1960 2092 2019 2152 Ver

2112 2111 2180 2171 Zum
2225 2107 2369 2167 Schlusse
2401 2107 2469 2167 noch
2501 2107 2551 2167 die
2583 2107 2846 2167 Traumnovellen
2884 2104 2902 2164 —
2960 2109 3046 2169 kurze

104 2145 207 2205 haften
272 2143 445 2203 Geschicks.
492 2141 555 2201 Hat
608 2140 694 2200 seine
730 2138 839 2198 Frau,
893 2137 938 2197 die
973 2137 1019 2197 ein

1061 2147 1201 2207 führung
1228 2146 1384 2206 drohten?
1422 2146 1503 2206 Dein
1536 2145 1616 2205 Herz
1643 2143 1707 2203 war
1735 2143 1837 2203 müd',
1859 2143 2020 2203 Erasmus

2072 2159 2139 2219 Zeit
2168 2154 2223 2214 vor
2252 2154 2302 2214 dem
2349 2154 2433 2214 Tode
2462 2154 2648 2214 Schnitzlers
2677 2154 2869 2214 erschienen.
2892 2154 2954 2214 Die
2982 2154 3049 2214 ver¬

104 2193 210 2253 parzes
245 2190 329 2250 Kind
364 2190 504 2250 gebiert,
533 2188 578 2248 sich
612 2187 787 2247 tatsächlich
821 2184 894 2244 bloß
934 2184 1007 2244 „ver

1053 2196 1155 2256 darum
1204 2196 1307 2256 ließest
1334 2193 1371 2253 du
1411 2193 1480 2253 mich
1513 2193 1664 2253 scheiden,
1687 2192 1768 2252 ohne
1795 2190 1882 2250 einen
1920 2190 2044 2250 Kampf

2072 2204 2239 2264 schiedenen
2275 2202 2436 2262 Themen,
2477 2203 2528 2263 die
2558 2203 2604 2263 ihn
2639 2202 2714 2262 stets
2761 2204 2835 2264 aufs
2871 2202 2951 2262 neue
2998 2202 3049 2262 be¬

104 2242 173 2302 n",
196 2239 271 2299 oder
295 2241 409 2301 beging
439 2239 478 2299 sie
508 2238 588 2298 einen
624 2237 807 2297 Fehltritt?
831 2232 1010 2292 Gleichviel

1055 2245 1315 2305 aufzunehmen,
1336 2243 1391 2303 der
1417 2243 1542 2303 damals
1572 2241 1642 2301 noch
1673 2240 1753 2300 nicht
1778 2238 1924 2298 verloren
1959 2238 2044 2298 war.

2065 2253 2269 2313 schäftigten,
2298 2252 2416 2312 werden
2456 2253 2484 2313 in
2519 2250 2609 2310 einem
2655 2250 2893 2310 Brennspiegel
2945 2250 3052 2310 einge¬

89 2291 192 2351 Dreas
239 2289 319 2349 kann
354 2287 401 2347 die
424 2286 499 2346 üble
528 2286 683 2346 Nachrede
731 2283 817 2343 nicht
858 2283 1030 2343 ertragen,

1056 2291 1136 2351 Dein
1180 2292 1266 2352 Geist
1299 2292 1368 2352 war
1401 2289 1546 2349 erwürgt
1590 2289 1622 2349 im
1682 2289 1778 2349 kalten
1822 2287 2027 2347 Krallengrif

2065 2301 2206 2361 fangen.
2248 2301 2395 2361 Fridolin
2449 2298 2513 2358 und
2543 2298 2714 2358 Albertine
2738 2298 2802 2358 sind
2850 2298 3050 2358 verheiratet

105 2341 173 2401 seibt
205 2337 312 2397 seinen
356 2337 482 2397 „letzten
520 2334 639 2394 Brief"
677 2333 740 2393 und
778 2333 929 2393 erschießt
967 2331 1016 2391 sich

1049 2341 1113 2401 von
1157 2340 1307 2400 Worten,
1335 2340 1437 2400 darum
1486 2338 1686 2398 vermeintest
1730 2337 1767 2397 du
1816 2337 1869 2397 des
1913 2334 2037 2394 Leben¬

2071 2348 2134 2408 und
2163 2349 2371 2409 anscheinend
2406 2346 2561 2406 glücklich.
2585 2346 2630 2406 An
2666 2346 2734 2406 eine
2764 2346 2867 2406 ideale
2897 2346 3052 2406 Gemein¬

126 2387 298 2447 Spielball
324 2386 484 2446 unseliger
509 2383 651 2443 Zufälle.

1056 2392 1243 2452 ungeheure
1283 2390 1389 2450 Fülle,
1424 2387 1480 2447 das
1521 2386 1605 2446 Hin-
1639 2387 1701 2447 und
1747 2384 1939 2444 Widerspiel
1979 2383 2035 2443 von

2072 2397 2169 2457 schaft
2193 2396 2250 2456 von
2286 2393 2389 2453 Mann
2430 2393 2487 2453 und
2522 2393 2603 2453 Frau
2638 2393 2695 2453 hat
2725 2393 2891 2453 Schnitzler
2922 2394 2973 2454 nie
3002 2392 3053 2452 ge¬

1056 2441 1227 2501 Millionen
1260 2438 1392 2498 Kräften
1426 2438 1453 2498 im
1493 2436 1602 2496 hohlen
1636 2435 1768 2495 Spiegel
1791 2435 1879 2495 einer
1907 2432 2039 2492 Formel

101 2447 130 2507 n
155 2445 208 2505 der
233 2441 493 2501 „Weissagung"
517 2441 589 2501 geht
608 2438 662 2498 der
687 2438 806 2498 Dichter
831 2437 892 2497 mit
916 2435 1012 2495 vollem

2074 2445 2200 2505 glaubt.
2224 2444 2356 2504 „Keiner
2386 2441 2483 2501 kennt
2507 2441 2558 2501 den
2588 2441 2732 2501 andern,
2750 2441 2836 2501 jeder
2866 2441 2900 2501 ist
2923 2441 3061 2501 allein".

1056 2491 1293 2551 einzufangen.
1311 2489 1372 2549 Ja,
1390 2487 1479 2547 wärst
1503 2486 1530 2546 du
1559 2485 1750 2545 erschaudert
1774 2483 1824 2543 vor
1853 2484 1897 2544 dem
1938 2483 2033 2543 Hauch

2068 2492 2150 2552 Doch
2186 2490 2233 2550 die
2257 2489 2440 2549 Sehnsucht
2494 2489 2565 2549 nach
2595 2489 2801 2549 Abenteuern
2844 2487 2902 2547 und
2938 2488 3049 2548 Genuß

100 2497 139 2557 st
179 2493 218 2553 an
253 2492 303 2552 die
326 2490 541 2550 Geheimnisse
588 2489 643 2549 der
667 2489 763 2549 Seele
809 2488 910 2548 heran
962 2485 1023 2545 und

1056 2539 1112 2599 der
1141 2537 1271 2597 tausend
1300 2536 1481 2596 Schicksale,
1504 2534 1555 2594 der
1584 2534 1623 2594 um
1669 2532 1770 2592 meine
1799 2531 1912 2591 Stirne
1941 2531 2031 2591 fließt

2068 2538 2206 2598 brennt,
2236 2537 2264 2597 so
2305 2537 2397 2597 lange
2438 2537 2495 2597 wir
2530 2537 2657 2597 atmen,
2686 2537 2743 2597 wir
2784 2536 2888 2596 wollen
2934 2535 2957 2595 in
2998 2536 3032 2596 ge

104 2545 167 2605 seßt
196 2540 329 2600 bewußt
359 2540 416 2600 mit
445 2537 531 2597 einem
579 2537 827 2597 Fragezeichen.
851 2534 914 2594 Der
949 2534 1018 2594 Hell

1059 2590 1085 2650 so
1114 2586 1196 2646 hätt'
1213 2584 1251 2644 ich
1274 2584 1389 2644 bleiben
1423 2582 1533 2642 dürfen
1567 2582 1621 2642 und
1650 2582 1760 2642 unsere
1788 2579 1898 2639 Seelen
1931 2577 2030 2637 wären

2070 2586 2233 2646 steigerten
2268 2585 2492 2645 Augenblicken
2544 2585 2599 2645 den
2634 2584 2718 2644 Sinn
2775 2584 2825 2644 des
2854 2585 2971 2645 Lebens
3006 2581 3039 2641 er

99 2593 130 2653 r
157 2590 235 2650 kann
267 2590 319 2650 dem
362 2588 462 2648 Herrn
500 2586 551 2646 von
589 2587 757 2647 Umprecht
784 2585 836 2645 den
874 2584 1026 2644 Moment

2072 2635 2167 2695 fassen
2204 2632 2263 2692 und
2300 2632 2323 2692 in
2360 2632 2474 2692 seliger
2505 2632 2702 2692 Umarmung
2740 2632 2793 2692 alle
2824 2631 2961 2691 Zweifel
2986 2629 3057 2689 ver¬

104 2640 147 2700 des
175 2638 285 2698 Endes
313 2638 362 2698 als
385 2637 489 2697 Vision
522 2636 715 2696 vorgaukeln
748 2635 808 2695 und
837 2632 896 2692 das
919 2630 1023 2690 Opfer
1057 2635 1216 2695 vielleicht
1261 2632 1453 2692 ineinander
1498 2629 1718 2689 verschmolzen
1773 2626 1800 2686 in
1856 2626 1911 2686 der
1955 2626 2021 2686 Glu

1056 2683 1260 2743 namenloser
1288 2679 1487 2739 Schmerzen.
1509 2677 1552 2737 So
1579 2677 1649 2737 aber
1677 2677 1784 2737 tiefer,
1801 2674 1849 2734 als
1876 2673 1930 2733 vor
1957 2671 2032 2731 allen

2071 2683 2191 2743 gessen.
2221 2680 2329 2740 Uralte
2359 2680 2537 2740 Sehnsucht
2567 2680 2652 2740 jedes
2682 2680 2940 2740 Erdenpilgers,
2964 2680 3050 2740 jedes

110 2690 178 2750 geht
208 2687 259 2747 der
295 2688 507 2748 Weissagung
566 2686 646 2746 trotz
693 2683 929 2743 verzweifelter
964 2680 1010 2740 An

2073 2728 2299 2788 Gottsuchers,
2316 2729 2400 2789 heiße
2423 2730 2451 2790 er
2480 2728 2536 2788 nun
2571 2731 2666 2791 Faust
2690 2728 2757 2788 oder
2785 2728 2847 2788 Don
2882 2725 2988 2785 Juan.
3006 2725 3050 2785 So

100 2738 215 2798 ngung
248 2737 330 2797 nich“
358 2734 447 2794 Sind
475 2734 529 2794 wir
557 2734 617 2794 also
646 2732 778 2792 unserer
806 2731 1026 2791 Bestimmung
1060 2731 1197 2791 Masken
1232 2729 1292 2789 und
1320 2728 1479 2788 Wundern
1519 2725 1568 2785 der
1596 2725 1678 2785 Welt
1701 2723 1800 2783 graut
1828 2722 1882 2782 mir
1911 2722 1965 2782 vor
1993 2719 2037 2779 der

1056 2779 1232 2839 steinernen
1288 2776 1392 2836 Fratze
1443 2774 1553 2834 deiner
1603 2770 1790 2830 Weisheii."
1835 2770 1917 2830 Eine
1973 2767 2044 2827 ver¬

2072 2780 2172 2840 stürzt
2196 2779 2243 2839 sich
2267 2776 2414 2836 Fridolin
2439 2777 2491 2837 für
2515 2776 2586 2836 eine
2610 2775 2704 2835 Nacht
2728 2773 2751 2833 in
2782 2774 2834 2834 den
2864 2776 3058 2836 geheimnis¬

104 2786 199 2846 ertan
236 2785 299 2845 und
332 2785 448 2845 wickelt
475 2783 516 2843 sich
548 2783 643 2843 unser
675 2782 770 2842 Leben
808 2780 839 2840 ab
871 2779 945 2839 nach
977 2779 1013 2839 un

1061 2825 1226 2885 nichtende
1275 2823 1404 2883 Absage
1460 2820 1494 2880 an
1557 2817 1749 2877 hochmütige
1784 2814 2044 2874 Überlegenheit,
2080 2824 2175 2884 vollen
2210 2823 2333 2883 Trubel
2355 2823 2444 2883 eines
2479 2823 2726 2883 Maskenfestes,
2747 2822 2877 2882 nachdem
2919 2822 2953 2882 er
2981 2819 3056 2879 vor¬

97 2835 306 2895 sänderlichen
340 2833 505 2893 Gesetzen,
528 2831 577 2891 die
610 2829 671 2889 wir
704 2829 781 2889 nicht
815 2826 1024 2886 beeinflussen

1062 2876 1105 2936 ein
1144 2871 1558 2931 dichterisch-beschwingtes
1592 2866 1796 2926 Bekenntnis
1830 2865 1884 2925 zum
1929 2863 2022 2923 Leben

2073 2873 2129 2933 her
2158 2872 2202 2932 ein
2237 2871 2416 2931 Dirnchen,
2462 2871 2507 2931 ein
2541 2871 2664 2931 armes,
2710 2868 2805 2928 liebes
2840 2869 2940 2929 Kind,
2986 2868 3053 2928 eine

92 2885 194 2945 gnen?
222 2883 291 2943 Der
319 2881 443 2941 Dichter
470 2880 572 2940 bleibt
600 2878 659 2938 uns
692 2877 734 2937 die
762 2877 848 2937 klare
875 2874 1015 2934 Antwor

1062 2927 1097 2987 zu
1134 2922 1187 2982 dem
1230 2919 1403 2979 Gefährten
1446 2919 1499 2979 von
1536 2916 1608 2976 Lust
1639 2913 1698 2973 und
1729 2915 1897 2975 Schmerz,
1922 2914 1951 2974 zu
1988 2914 2041 2974 der
2073 2918 2210 2978 Stunde
2241 2920 2270 2980 in
2307 2921 2402 2981 seinem
2451 2919 2516 2979 Arm
2566 2919 2727 2979 gehalten.
2770 2917 2836 2977 Die
2866 2918 3052 2978 gewohnten

103 2934 205 2994 sildig;
228 2931 308 2991 über
330 2931 378 2991 die
406 2930 502 2990 letzten
541 2928 653 2988 Rätsel
676 2928 799 2988 werden
832 2925 891 2985 wir
919 2925 1031 2985 immer

1060 2970 1235 3030 Heiligkeit
1263 2966 1314 3026 der
1342 2967 1500 3027 Gefühle.
1523 2963 1624 3023 Unser
1653 2961 1760 3021 Wissen
1800 2961 1833 3021 ist
1856 2961 2047 3021 Stückwerk,

2078 2967 2213 3027 Normen
2249 2967 2385 3027 scheinen
2421 2967 2467 3027 ihm
2509 2967 2562 3027 für
2593 2967 2668 3027 diese
2699 2967 2798 3027 Nacht
2823 2967 2905 3027 nicht
2935 2967 2964 3027 zu
2994 2967 3064 3027 gel¬

108 2984 166 3044 der
203 2979 340 3039 grübeln
383 2979 445 3039 und
488 2979 599 3039 immer
636 2976 757 3036 wieder
794 2973 905 3033 unsere
942 2973 1010 3033 Ohn

1067 3017 1325 3077 Vergangenheit
1350 3015 1500 3075 versinkt,
1519 3012 1723 3072 Zukünftiges
1754 3009 1789 3069 ist
1808 3009 1946 3069 Ahnung
1977 3010 2036 3070 und
2067 3016 2145 3076 ten.
2169 3017 2241 3077 Was
2278 3016 2307 3076 er
2332 3016 2410 3076 sieht
2441 3015 2500 3075 und
2531 3015 2621 3075 hört,
2640 3015 2747 3075 erhält
2772 3015 2832 3075 von
2863 3014 2916 3074 der
2947 3012 3061 3072 Atmo¬

92 3031 149 3091 Icht
171 3028 351 3088 bekennen.
367 3027 435 3087 Und
462 3027 556 3087 unser
579 3024 758 3084 Gefährte?
779 3024 895 3084 Bleibt
917 3021 948 3081 er
970 3021 1033 3081 uns

1060 3062 1214 3122 Wunsch.
1253 3061 1319 3121 Die
1347 3062 1545 3122 Gegenwart
1595 3059 1628 3119 ist
1656 3056 1749 3116 unser
1777 3056 1865 3116 Teil,
1910 3056 1981 3116 auch
2009 3056 2036 3116 in

2078 3065 2190 3125 sphäre
2238 3062 2296 3122 des
2344 3062 2605 3122 Phantastischen
2664 3062 2753 3122 einen
2830 3061 3054 3121 traumhaften

103 3080 134 3140 ht
161 3077 240 3137 ewig
267 3076 394 3136 fremd?
426 3072 606 3132 Katharina
638 3071 701 3131 und
728 3069 844 3129 Albert
877 3070 935 3130 sind
972 3067 1035 3127 ver¬

1066 3110 1113 3170 ihr
1144 3110 1293 3170 wandeln
1330 3107 1389 3167 wir
1420 3109 1527 3169 häufig
1565 3107 1624 3167 auf
1649 3107 1877 3167 unbekanntem
1920 3104 2051 3164 Boden,
2077 3109 2274 3169 Schimmer.
2299 3110 2418 3170 Schöne
2449 3110 2550 3170 nackte
2576 3110 2707 3170 Frauen
2738 3109 2852 3169 tanzen
2913 3107 2966 3167 vor
2997 3107 3044 3167 ihm

107 3128 207 3188 ratet,
228 3126 291 3186 doch
324 3122 355 3182 er
382 3122 455 3182 weiß
487 3122 582 3182 nichts
615 3119 672 3179 von
704 3122 772 3182 ihr,
789 3119 825 3179 sie
852 3116 1015 3176 entschwin

2076 3160 2139 3220 mit
2161 3157 2346 3217 maskierten
2383 3158 2594 3218 Kavalieren,
2616 3158 2642 3218 er
2669 3158 2726 3218 soll
2748 3155 2790 3215 ein
2823 3155 3065 3215 Losungswort

124 3175 212 3235 ihm,
234 3173 278 3233 als
311 3171 438 3231 gehörte
466 3170 504 3230 sie
532 3168 620 3228 einer
648 3167 785 3227 anderen
819 3167 951 3227 Sphäre
979 3163 1039 3223 an.
1067 3158 1122 3218 dem
1167 3158 1310 3218 Nächsten
1344 3155 1404 3215 und
1437 3155 1497 3215 uns
1531 3154 1619 3214 selbst
1658 3154 1746 3214 fern.
1791 3152 1944 3212 „Masken
1984 3153 2044 3213 und

1064 3206 1231 3266 Wunder“
1259 3201 1269 3261 —
1325 3205 1378 3265 der
1406 3203 1519 3263 Reigen
1558 3201 1628 3261 geht
1650 3200 1775 3260 weiter.

2076 3206 2228 3266 nennen,
2255 3205 2329 3265 weiß
2367 3203 2398 3263 es
2435 3205 2519 3265 nicht
2551 3206 2614 3266 und
2652 3203 2730 3263 seine
2767 3203 2941 3263 Partnerin
2984 3203 3057 3263 muß

103 3222 200 3282 praus
227 3221 379 3281 sensibel,
401 3218 482 3278 ahnt
504 3216 541 3276 sie
570 3218 748 3278 Ereignisse
781 3215 921 3275 voraus,
944 3212 1019 3272 trieb

1106 3253 1177 3313 Wie
1200 3253 1288 3313 sollen
1328 3252 1382 3312 wir
1406 3250 1455 3310 die
1478 3249 1621 3309 seltsame
1644 3248 1816 3308 Geschichte
1839 3248 2027 3308 hinnehmen

2076 3255 2128 3315 ihm
2171 3253 2255 3313 durch
2282 3251 2349 3311 ihre
2371 3253 2518 3313 Hingabe
2545 3251 2576 3311 an
2608 3252 2665 3312 alle
2692 3250 2808 3310 andere
2835 3250 2976 3310 Männer
3003 3250 3055 3310 des

109 3271 124 3331 t
172 3271 235 3331 und
272 3265 621 3325 verantwortungslos
680 3265 748 3325 gibt
775 3265 816 3325 sie
843 3265 890 3325 sich
949 3262 1033 3322 jeder

1071 3303 1118 3363 die
1141 3301 1205 3361 Dr.
1228 3301 1389 3361 Wehwald
1438 3298 1498 3358 von
1531 3297 1719 3357 Redegonda
1752 3295 1898 3355 erzählt?
1947 3295 2044 3355 („Da¬

2077 3301 2198 3361 Zirkels
2222 3301 2276 3361 den
2310 3299 2443 3359 Abgang
2471 3298 2698 3358 ermöglichen.
2721 3298 2759 3358 Am
2805 3298 2937 3358 nächsten
2971 3296 3065 3356 Mor¬

111 3321 192 3381 gung
219 3319 294 3379 hin,
311 3319 376 3379 eine
409 3315 582 3375 „Fremde“
610 3313 820 3373 wahrhaftig.
848 3313 1009 3373 Siegmun

1067 3351 1230 3411 Tagebuch
1276 3349 1326 3409 des
1378 3346 1626 3406 Redegonda".)
1672 3343 1733 3403 Hat
1756 3344 1795 3404 sie
1841 3343 1976 3403 wirklich
1999 3343 2043 3403 die

2076 3353 2133 3413 gen
2166 3349 2281 3409 forscht
2329 3347 2360 3407 er
2392 3347 2461 3407 nach
2493 3346 2545 3406 der
2578 3346 2741 3406 Retterin.
2789 3346 2994 3406 Vergebens,
3021 3346 3047 3406 im

112 3370 156 3430 ud
187 3368 292 3428 würde
323 3368 357 3428 sie
383 3366 448 3426 eine
479 3361 694 3421 Neurotikerin
730 3361 850 3421 nennen
886 3361 946 3421 und
977 3360 1031 3420 da¬

1063 3400 1173 3460 Dinge
1211 3397 1326 3457 erlebt,
1353 3397 1400 3457 die
1433 3394 1469 3454 sie
1501 3394 1585 3454 ihrem
1633 3391 1791 3451 Tagebuch
1828 3391 2028 3451 anvertraut

2073 3396 2174 3456 Lichte
2224 3396 2277 3456 des
2310 3394 2412 3454 Tages
2467 3394 2611 3454 verblaßt
2661 3394 2714 3454 der
2764 3394 2925 3454 nächtliche
2958 3394 3065 3454 Spuk.

125 3421 162 3481 sie
206 3418 292 3478 wohl
325 3415 416 3475 auch.
449 3412 523 3472 Ihre
556 3409 702 3469 Wünsche
730 3409 842 3469 streben
881 3409 945 3469 nach
978 3408 1020 3468 Er

110 3466 180 3526 ung
216 3466 274 3526 und
310 3462 392 3522 diese
416 3460 586 3520 Erfüllung
622 3457 804 3517 verkörpert
834 3457 880 3517 sich
910 3457 962 3517 für
998 3456 1033 3516 sie
1069 3451 1145 3511 War
1175 3447 1215 3507 sie
1240 3444 1421 3504 Wehwalds
1457 3442 1598 3502 Geliebte
1628 3440 1698 3500 oder
1728 3439 1821 3499 haben
1857 3441 1903 3501 die
1934 3438 2039 3498 beiden
2081 3443 2251 3503 Nochmals
2281 3442 2392 3502 glaubt
2422 3442 2451 3502 er
2481 3442 2509 3502 in
2563 3442 2651 3502 einem
2722 3442 2803 3502 totem
2845 3442 3068 3502 Frauenleib,

1064 3495 1126 3555 auf
1160 3492 1396 3552 telepathischem
1442 3489 1538 3549 Wege
1567 3488 1634 3548 ihre
1663 3486 1837 3546 Phantasie
1872 3491 1905 3551 zu
1946 3486 2029 3546 einem
2081 3491 2137 3551 den
2171 3491 2199 3551 er
2228 3490 2255 3550 im
2318 3489 2509 3549 Seziersaal
2533 3489 2685 3549 entdeckt,
2725 3489 2770 3549 die
2815 3489 2973 3549 Ersehnte
3024 3489 3057 3549 zu

116 3513 182 3573 dem
229 3512 408 3572 geeigneten
450 3507 712 3567 Liebespartner.
738 3504 820 3564 Gott
851 3504 953 3564 Eros,
985 3504 1031 3564 der

2077 3539 2206 3599 finden.
2228 3537 2292 3597 Der
2320 3537 2449 3597 stumme
2477 3537 2579 3597 Mund
2612 3536 2768 3596 schweigt,
2790 3536 2838 3596 das
2871 3536 3060 3596 gebrochene

1065 3547 1138 3607 Ziel
1165 3543 1318 3603 gelangen
1372 3540 1493 3600 lassen,
1515 3536 1568 3596 das
1600 3535 1694 3595 ihnen
1748 3534 1912 3594 verwehrt
1960 3534 2028 3594 war

151 3561 249 3621 Leben
290 3558 403 3618 ebenso
440 3555 657 3615 verschwistert
688 3553 724 3613 ist
755 3552 811 3612 wie
848 3552 899 3612 dem
946 3552 1028 3612 Tode

2081 3586 2172 3646 Auge
2200 3587 2345 3647 verbirgt
2373 3585 2453 3645 jedes
2486 3585 2696 3645 Geheimnis.
2719 3582 2761 3642 So
2794 3582 2880 3642 kehrt
2902 3583 3053 3643 Fridolin

1065 3591 1259 3651 Gleichviel;
1292 3588 1354 3648 wer
1381 3588 1417 3648 an
1476 3585 1612 3645 geheime
1645 3582 1871 3642 Scelenkräfte
1924 3585 2039 3645 glaubt

102 3612 134 3672 d
161 3611 188 3671 im
232 3607 366 3667 Taumel
388 3606 436 3666 die
464 3603 593 3663 hehrsten
626 3600 836 3660 Geheimnisse
863 3600 1019 3660 enthüllen

2081 3635 2263 3695 ernüchtert
2297 3635 2323 3695 zu
2363 3633 2462 3693 seiner
2495 3633 2660 3693 ärztlichen
2700 3630 2815 3690 Pflicht
2849 3631 2970 3691 zurück,
2998 3631 3053 3691 aus

1066 3638 1150 3698 wird
1182 3639 1350 3699 Schnitzler
1398 3635 1492 3695 gerne
1519 3633 1645 3693 folgen,
1688 3630 1751 3690 und
1783 3631 1835 3691 der
1883 3631 2045 3691 Skeptiker

116 3660 184 3720 halb
217 3657 269 3717 das
296 3654 517 3714 unersättliche
544 3651 676 3711 Streben
708 3649 776 3709 nach
803 3648 950 3708 Begierde
977 3648 1009 3708 un

2076 3684 2134 3744 der
2161 3682 2260 3742 Weite
2293 3681 2319 3741 in
2357 3681 2404 3741 die
2436 3681 2525 3741 Enge
2552 3681 2652 3741 seines
2690 3678 2827 3738 Berufes
2865 3680 2922 3740 und
2960 3678 3060 3738 seiner

1071 3686 1151 3746 wird
1179 3686 1244 3746 eben
1282 3684 1423 3744 lächelnd
1451 3682 1505 3742 den
1543 3681 1624 3741 Kopf
1647 3678 1820 3738 schütteln.

107 3710 143 3770 st.
165 3707 244 3767 Karl
266 3704 493 3764 Breiteneder,
510 3701 562 3761 der
590 3699 668 3759 seine
701 3695 875 3755 erblindete
903 3693 1045 3753 Geliebte

2084 3735 2159 3795 Ehe,
2181 3732 2224 3792 ein
2257 3731 2376 3791 Diener
2409 3730 2468 3790 und
2496 3728 2604 3788 Helfer
2631 3727 2680 3787 der
2708 3725 2957 3785 Gemeinschaft.
2979 3725 3065 3785 Vor¬

1112 3743 1178 3803 Der
1223 3743 1346 3803 „Held"
1380 3739 1429 3799 der
1458 3737 1591 3797 Novelle
1636 3735 1724 3795 „Der
1753 3734 1909 3794 Mörder“
1943 3734 1975 3794 ist
2004 3734 2042 3794 ein

140 3755 239 3815 „neue
266 3752 376 3812 Lied",
398 3751 450 3811 das
483 3749 551 3809 Lied
578 3749 662 3809 ihrer
689 3746 910 3806 schmerzlichen
942 3743 1042 3803 Sehn¬

1070 3791 1248 3851 harmloser
1296 3787 1554 3847 Genußmensch.
1597 3783 1639 3843 Er
1687 3782 1723 3842 ist
1771 3782 1828 3842 mit
1855 3782 1955 3842 seiner
1988 3782 2055 3842 ma=
2082 3783 2139 3843 her
2172 3781 2240 3841 muß
2272 3779 2303 3839 er
2330 3779 2504 3839 allerdings
2536 3776 2604 3836 noch
2636 3776 2683 3836 die
2709 3775 2883 3835 schaurigen
2926 3773 3062 3833 Traum¬

104 3806 142 3866 t
170 3803 230 3863 und
264 3802 347 3862 ihrer
375 3797 580 3857 Fügsamkeit
608 3795 635 3855 in
675 3793 718 3853 ein
753 3792 879 3852 bitteres
914 3791 1046 3851 Geschick

103 3856 162 3916 Hen
195 3852 286 3912 hört,
302 3850 339 3910 ist
362 3847 479 3907 freilich
512 3843 706 3903 meilenweit
728 3840 781 3900 von
819 3839 905 3899 jeder
932 3839 1039 3899 Meta=
1072 3839 1212 3899 teriellen
1266 3838 1545 3898 Unabhängigkeit
1594 3830 1653 3890 und
1707 3830 1766 3890 mit
1788 3830 1890 3890 seiner
1934 3831 2041 3891 netten
2079 3830 2251 3890 erlebnisse
2278 3827 2374 3887 seiner
2407 3827 2487 3887 Frau
2520 3824 2735 3884 vernehmen,
2757 3822 2816 3882 mit
2838 3821 2934 3881 denen
2989 3821 3063 3881 ver¬

2085 3880 2190 3940 glichen
2239 3877 2297 3937 sein
2327 3875 2451 3935 eigenes
2481 3873 2546 3933 Tun
2582 3873 2640 3933 und
2671 3872 2801 3932 Treiben
2837 3872 2889 3932 fast
2913 3871 3060 3931 harmlos

1072 3887 1241 3947 Freundin
1273 3887 1304 3947 so
1337 3887 1432 3947 lange
1464 3879 1644 3939 zufrieden,
1666 3878 1713 3938 bis
1746 3878 1829 3938 seine
1862 3878 1967 3938 Sinne
2000 3878 2047 3938 ihn

102 3902 185 3962 Psik,
206 3897 264 3957 von
298 3896 381 3956 jeder
416 3893 656 3953 Seelenkunde,
677 3888 839 3948 entfernt.
879 3887 925 3947 Er
958 3887 1048 3947 spürt

2079 3925 2254 3985 erscheint.

181 3946 238 4006 daß
291 3944 375 4004 seine
407 3943 512 4003 Marie
538 3940 654 4000 anders
686 3937 869 3997 geworden,
896 3934 948 3994 daß
981 3934 1038 3994 aus
1075 3933 1165 3993 einer
1197 3931 1328 3991 anderen
1366 3930 1449 3990 Frau
1481 3925 1660 3985 zutreiben.
1687 3924 1754 3984 Nun
1787 3925 1933 3985 gewinnt
1960 3926 2033 3986 lang

2124 3973 2215 4033 „Die
2239 3970 2360 4030 Seele,
2385 3969 2422 4029 ein
2461 3967 2576 4027 weites
2607 3966 2737 4026 Land".
2760 3964 2837 4024 Alle
2860 3966 3066 4026 Gegensätze,

1079 3980 1161 4040 sam,
1179 3981 1249 4041 aber
1279 3979 1484 4039 unerbittlich
1515 3973 1567 4033 der
1597 3973 1726 4033 Wunsch
1773 3973 1802 4033 in
1838 3973 1885 4033 ihm
1932 3973 2020 4033 Raum

103 3996 146 4056 en
174 3994 254 4054 toten
287 3993 390 4053 Augen
428 3990 476 4050 das
504 3988 628 4048 Grauen
666 3986 709 4046 ihn
742 3985 877 4045 ansieht,
899 3982 931 4042 da
959 3982 1050 4042 flieht

2084 4022 2159 4082 alles
2192 4018 2278 4078 Gute
2317 4017 2375 4077 und
2408 4017 2581 4077 Schlimme
2614 4015 2668 4075 hat
2701 4015 2792 4075 Raum
2842 4012 2869 4072 in
2907 4013 2971 4073 ihr.
2999 4012 3058 4072 Die

1071 4027 1161 4087 Elise
1190 4027 1411 4087 loszuwerden
1446 4024 1479 4084 um
1525 4021 1621 4081 Adele
1650 4022 1677 4082 zu
1712 4020 1853 4080 besitzen.
1876 4019 1933 4079 Die
1962 4021 2046 4081 bösen

141 4044 184 4104 ein
223 4041 466 4101 Undankbarer,
495 4036 533 4096 ein
572 4035 810 4095 Unwissender.
838 4030 904 4090 Und
937 4030 1042 4090 Mari¬

151 4093 207 4153 mit
236 4093 321 4153 ihrem
372 4085 620 4145 Liebeserlebnis
657 4082 706 4142 den
742 4083 885 4143 Glauben
928 4081 956 4141 an
1000 4078 1042 4138 die
1071 4078 1234 4138 Instikte,
1249 4079 1291 4139 die
1313 4078 1398 4138 wohl
1420 4076 1498 4136 schon
1527 4073 1620 4133 lange
1642 4072 1662 4132 in
1692 4072 1741 4132 ihm
1777 4072 1912 4132 ruhten,
1927 4070 2040 4130 brechen
2084 4069 2268 4129 Sehnsucht
2297 4069 2369 4129 nach
2398 4066 2525 4126 völliger
2555 4066 2775 4126 Vereinigung
2811 4065 2839 4125 in
2868 4063 2960 4123 Liebe
2996 4063 3052 4123 und
