3344 4320
187 223 226 283 2

1430 222 1562 282 box
1634 224 1821 284 42/6

328 235 925 295 Schnitzlers
997 229 1228 289 Death

416 1038 1138 1098 OBSERVER

502 1094 532 1154 I.
550 1097 668 1157 österr.
686 1094 839 1154 behördl.
857 1094 1146 1154 konzessioniertes

471 1137 705 1197 Unternehmen
733 1136 782 1196 für
805 1134 1175 1194 Zeitungs-Ausschnitte

524 1193 670 1253 WIEN,
691 1196 736 1256 I.,
764 1195 1049 1255 WOLLZEILE
1089 1195 1135 1255 11

607 1248 832 1308 TELEPHON
870 1244 1047 1304 R-23-0-43

418 1392 649 1452 Ausschnitt
677 1390 744 1450 aus

832 1428 966 1488 Wionsr

419 1616 541 1676 vom:

776 1640 795 1700 2
826 1640 884 1700 2.
905 1636 1032 1696 0KT.
1053 1632 1160 1692 1931

1802 1772 1839 1832 E

1543 1837 1668 1897 lichkeit
1693 1837 1723 1897 je
1747 1837 1849 1897 zuteil
1874 1836 2006 1896 wurde.
2031 1836 2205 1896 „Anatol“
2236 1837 2302 1897 und
2326 1840 2513 1900 „Liebelei"
2550 1839 2658 1899 waren
2701 1838 2754 1898 die
2779 1842 2850 1902 noch
2888 1843 2972 1903 nicht
2997 1843 3050 1903 vom
3099 1843 3189 1903 Alter
3213 1843 3267 1903 des

396 1867 562 1927 Norberk
585 1869 745 1929 Wiltsch:

1544 1885 1582 1945 es
1610 1885 1671 1945 vor
1699 1885 1820 1945 allem,
1843 1883 1892 1943 die
1921 1884 2026 1944 dieser
2054 1883 2325 1943 Lebenshaltung
2359 1888 2563 1948 künstlerisch
2597 1887 2646 1947 kon

2702 1882 2746 1942 Es
2785 1888 2823 1948 ist
2856 1890 2932 1950 stets
2971 1888 3106 1948 dieselbe
3145 1891 3305 1951 verwirre

1545 1933 1675 1993 formen
1716 1933 1893 1993 Ausdruck
1922 1934 2024 1994 gaben

2694 1936 2873 1996 Melodie,
2892 1938 2941 1998 die
2973 1936 3003 1996 in
3040 1939 3121 1999 allen
3158 1937 3288 1997 Werken

695 1948 842 2008 Arlur
880 1951 1139 2011 Schnitzler
1178 1950 1192 2010 1

1590 1980 1654 2040 Die
1683 1979 1782 2039 Seele
1812 1981 1917 2041 dieser
1953 1981 2122 2041 Menschen
2164 1981 2204 2041 ist
2234 1981 2280 2041 ein
2316 1981 2432 2041 weites
2468 1983 2579 2043 Land,
2609 1982 2666 2042 wie

2699 1983 2829 2043 nahen,
2853 1986 3303 2046 Fin-de-siècle-Stimmur

548 2011 663 2071 Gestern
712 2012 747 2072 um
810 2014 862 2074 ¼7
903 2013 960 2073 Uhr
1005 2013 1110 2073 abends
1160 2013 1190 2073 ist
1235 2014 1341 2074 Doktor
1386 2014 1478 2074 Artur

1546 2028 1729 2088 Schnitzler
1767 2028 1797 2088 in
1847 2030 1938 2090 einer
1982 2029 2086 2089 seiner
2130 2031 2405 2091 Tragikomödien
2456 2031 2522 2091 mit
2560 2031 2664 2091 feiner
2701 2033 2879 2093 abstrakten
2923 2032 3112 2092 Romantik
3150 2034 3198 2094 des
3248 2034 3303 2094 letz

511 2051 752 2111 Schnitzler,
780 2051 889 2111 wenige
921 2051 1049 2111 Monate
1081 2052 1131 2112 vor
1168 2052 1354 2112 Vollendung
1391 2052 1482 2112 seines

1546 2078 1762 2138 Einfühlung
1792 2078 1882 2138 sagt.
1907 2076 1954 2136 So
1991 2078 2033 2138 ist
2057 2076 2111 2136 es.
2136 2076 2201 2136 Sie
2232 2078 2291 2138 hat
2316 2079 2412 2139 Raum
2461 2078 2514 2138 für
2545 2079 2647 2139 vieles

2696 2079 2778 2139 hört
2808 2081 2878 2141 man
2921 2079 2985 2139 aus
3021 2079 3068 2139 ihr
3104 2082 3245 2142 heraus,
3276 2082 3310 2142 de

512 2085 570 2145 70.
593 2088 802 2148 Lebensjahres
839 2088 997 2148 gestorben.
1021 2091 1207 2151 Vormittags
1239 2090 1320 2150 hatte
1349 2090 1393 2150 er,
1416 2089 1479 2149 noch

1543 2127 1578 2187 ja
1614 2127 1672 2187 für
1708 2127 1815 2187 alles,
1851 2126 1915 2186 nur
1951 2127 2010 2187 für
2052 2126 2140 2186 eines
2182 2128 2223 2188 ist
2259 2130 2300 2190 sie
2336 2128 2370 2188 zu
2413 2129 2471 2189 eng
2514 2127 2578 2187 und
2626 2128 2660 2188 zu

511 2127 561 2187 wie
598 2127 717 2187 täglich,
745 2127 827 2187 einen
869 2128 1070 2188 Spaziergang
1107 2130 1253 2190 gemacht.
1281 2127 1354 2187 Nach
1396 2127 1482 2187 seiner

2696 2127 2852 2187 feinerten
2900 2129 3161 2189 Seelenlebens,
3191 2130 3260 2190 nur
3290 2130 3306 2190 e

512 2165 646 2225 Rückkehr
676 2164 700 2224 in
730 2166 772 2226 die
797 2166 952 2226 Wohnung
986 2166 1077 2226 wurde
1107 2166 1136 2226 er
1160 2166 1227 2226 nach
1257 2167 1290 2227 11
1320 2167 1377 2227 Uhr
1402 2165 1483 2225 plötz¬

1548 2176 1651 2236 flach:
1677 2175 1750 2235 Für
1787 2175 1836 2235 die
1868 2175 2014 2235 Stärke,
2040 2175 2095 2235 für
2132 2175 2181 2235 die
2212 2174 2347 2234 Größe.
2379 2177 2445 2237 Die
2477 2175 2575 2235 Wege
2613 2174 2667 2234 der
2699 2176 2901 2236 wirklicher,
2920 2177 3123 2237 wahrhafter
3154 2179 3301 2239 Jugend.

507 2202 551 2262 lich
592 2205 756 2265 bewußtlos
796 2205 854 2265 und
890 2205 934 2265 kam
988 2206 1059 2266 nicht
1095 2205 1175 2265 mehr
1211 2204 1259 2264 zur
1300 2205 1486 2265 Besinnung.

1544 2222 1699 2282 Gärten,
1718 2222 1747 2282 in
1772 2222 1874 2282 denen
1904 2222 1958 2282 sich
1989 2224 2180 2284 Schnitzlers
2211 2222 2325 2282 Poesie
2349 2223 2481 2283 ergeht,
2500 2222 2565 2282 sind
2590 2222 2661 2282 sehr
2698 2223 2884 2283 gewandelt
2921 2225 2998 2285 hat,
3029 2225 3064 2285 ist
3101 2225 3185 2285 nicht
3222 2226 3275 2286 der

512 2243 662 2303 Schnitzler
691 2243 743 2303 litt
767 2243 800 2303 an
833 2243 908 2303 einer
937 2243 1306 2303 Herzmuskelentartung.
1325 2243 1363 2303 Er
1392 2244 1485 2304 dürfte

1594 2267 1665 2327 oft
1687 2269 1775 2329 mehr
1803 2271 1896 2331 durch
1930 2270 2162 2330 Künstlichkeit
2190 2273 2233 2333 als
2262 2272 2355 2332 durch
2383 2272 2498 2332 Natur
2526 2268 2537 2328 —
2593 2272 2664 2332 ver=
2692 2270 2901 2330 Verhältnis
2935 2273 2995 2333 zur
3029 2272 3183 2332 Umwelt.
3222 2273 3271 2333 In

513 2282 593 2342 einem
640 2284 844 2344 Gehirnschlag
886 2285 993 2345 erlegen
1035 2284 1105 2344 sein.

1552 2318 1670 2378 zweigt
1704 2317 1766 2377 und
1806 2320 1985 2380 verwirrt;
2020 2321 2064 2381 sie
2099 2320 2289 2380 vermitteln
2329 2321 2362 2381 in
2403 2320 2661 2380 raffiniertester

2701 2318 2770 2378 Zeit
2794 2321 2968 2381 erschienen
2999 2320 3051 2380 die
3075 2321 3272 2381 Charaktere

442 2354 674 2414 Janusköpfig
721 2357 802 2417 steht
837 2355 901 2415 das
942 2357 1250 2417 Oesterreichertum
1320 2356 1407 2416 schon
1460 2354 1523 2414 seit

2694 2366 2786 2426 Ding
2830 2367 2903 2427 trug
2947 2366 3032 2426 seine
3070 2369 3168 2429 starke
3206 2369 3310 2429 Lokal

1550 2367 1637 2427 Form
1693 2367 1748 2427 die
1788 2369 2103 2429 mannigfaltigsten
2148 2369 2352 2429 Eindrücke;
2386 2368 2458 2428 was
2503 2367 2547 2427 sie
2586 2369 2663 2429 aber

386 2404 616 2464 Jahrzehnten
668 2405 700 2465 im
752 2402 937 2462 modernen
983 2403 1110 2463 Leben.
1149 2402 1225 2462 Das
1271 2400 1341 2460 eine
1387 2404 1515 2464 Antlitz
1548 2411 1630 2471 nicht
1663 2415 1790 2475 haben,
1817 2415 1880 2475 das
1919 2416 1957 2476 ist
1990 2417 2040 2477 die
2073 2417 2181 2477 große
2214 2417 2490 2477 Tiefenrichtung
2529 2412 2554 2472 in
2600 2411 2657 2471 das
2696 2413 2900 2473 Dichtungen
2946 2415 2984 2475 ist
3023 2415 3080 2475 das
3119 2417 3253 2477 Kolorit

397 2450 512 2510 schaut
541 2451 717 2511 wehmütig
756 2451 1064 2511 abschiednehmend
1104 2449 1164 2509 das
1198 2451 1429 2511 Vergehende,
1457 2449 1512 2509 has

2699 2454 2838 2514 klasser.
2878 2462 2947 2522 Das
2987 2461 3049 2521 18.
3081 2464 3298 2524 Jahrhunder

1548 2459 1632 2519 letzte
1661 2461 1808 2521 Dunkel.
1831 2462 1938 2522 Schön
1978 2464 2039 2524 und
2074 2464 2147 2524 zart
2176 2464 2288 2524 glühen
2328 2464 2378 2524 die
2407 2464 2531 2524 Farben
2571 2464 2661 2524 eines

393 2498 515 2558 andere
538 2500 615 2560 faßt
632 2500 688 2560 das
722 2500 822 2560 Leben
850 2500 911 2560 sest
928 2498 984 2558 ins
1012 2499 1123 2559 Auge,
1140 2498 1173 2558 es
1201 2499 1229 2559 in
1263 2497 1363 2557 seinen
1391 2499 1513 2559 tiefster

1546 2509 1889 2569 impressionistischen
1926 2510 2165 2570 Welterlebens
2196 2512 2269 2572 auf.
2288 2512 2355 2572 Ihr
2381 2513 2521 2573 feuchter
2552 2511 2662 2571 Glanz
2694 2509 2852 2569 Weiher"
2884 2509 2932 2569 den
2970 2511 3116 2571 Rahmen
3154 2513 3239 2573 gibt,
3258 2512 3306 2572 ble

393 2548 553 2608 Gründen
599 2548 775 2608 bejahend.
809 2548 931 2608 Beiden
976 2547 1231 2607 Weltansichten
1276 2545 1342 2605 sind
1381 2545 1519 2605 Dichter

1547 2557 1633 2617 liegt
1662 2557 1748 2617 nicht
1778 2557 1840 2617 nur
1876 2559 1938 2619 auf
1962 2560 2019 2620 den
2054 2558 2221 2618 Gestalten
2262 2559 2325 2619 aus
2354 2558 2411 2618 der
2441 2559 2665 2619 Gegenwart,
2700 2557 2861 2617 nirgends
2902 2557 3045 2617 konkrete
3081 2560 3224 2620 Formen
3271 2560 3305 2620 an

393 2596 590 2656 erstanden,
617 2596 712 2656 deren
757 2596 885 2656 Namen
930 2596 1038 2656 Klang
1084 2594 1185 2654 haben
1231 2593 1307 2653 weit
1340 2593 1422 2653 über
1461 2598 1512 2658 die
1544 2604 1582 2664 er
1602 2605 1787 2665 schimmert
1807 2607 1876 2667 auch
1903 2606 1940 2666 um
1986 2606 2164 2666 historische
2191 2608 2350 2668 Personen
2383 2608 2407 2668 in
2434 2608 2491 2668 dem
2530 2608 2657 2668 Drama
2696 2605 2817 2665 Milieu
2856 2607 2951 2667 bleibt
2978 2606 3239 2666 Schattenspiel,
3259 2610 3316 2670 auf

393 2640 544 2700 Grenzen
582 2643 804 2703 Oesterreichs
837 2643 901 2703 und
934 2643 988 2703 des
1021 2641 1183 2701 deutschen
1221 2639 1340 2699 Volkes
1368 2640 1497 2700 hinaus

2697 2652 2754 2712 dem
2806 2653 2914 2713 Guten
2973 2655 3126 2715 greifen,
3170 2655 3235 2715 und
3279 2655 3307 2715 de

1545 2654 1642 2714 „Der
1672 2652 1776 2712 junge
1800 2655 2019 2715 Medardus"
2060 2653 2118 2713 und
2153 2654 2182 2714 in
2223 2655 2274 2715 dem
2322 2655 2529 2715 malerischen
2571 2655 2651 2715 Spie

394 2688 469 2748 Der
497 2689 565 2749 eine
594 2690 634 2750 ist
663 2690 752 2750 Kacl
774 2689 986 2749 Schönherr,
1015 2688 1062 2748 der
1091 2688 1215 2748 andere
1243 2685 1256 2745 —
1312 2686 1380 2746 war
1408 2688 1519 2748 Artur
1554 2698 1615 2758 aus
1650 2700 1711 2760 der
1747 2703 2043 2763 Renaissancezeit
2078 2702 2257 2762 „Schleier
2292 2702 2347 2762 der
2389 2703 2567 2763 Beatrice"

2696 2698 2851 2758 Schatten

395 2734 593 2794 Schnitzler.
630 2737 709 2797 Daß
752 2737 836 2797 diese
879 2737 963 2797 zwei
1000 2735 1060 2795 für
1103 2733 1163 2793 das
1206 2736 1411 2796 Empfinden
1460 2738 1520 2798 der

2743 2746 2789 2806 Es
2825 2748 2871 2808 ist
2900 2747 3001 2807 etwas
3043 2751 3206 2811 seltsames
3248 2752 3288 2812 um

1593 2748 1644 2808 In
1679 2748 1771 2808 einen
1807 2748 1904 2808 süßen
1945 2751 2193 2811 Fliedergeruch
2228 2751 2268 2811 ist
2297 2753 2383 2813 alles
2413 2753 2562 2813 gehüllt,
2586 2750 2661 2810 auch

398 2786 562 2846 jüngeren
598 2785 803 2845 Generation
845 2786 927 2846 nahe
962 2784 1291 2844 beisammenstehen,
1320 2784 1402 2844 liegt
1430 2786 1518 2846 nicht
1548 2793 1602 2853 die
1630 2797 1774 2857 Tragik.
1802 2799 1877 2859 Aus
1912 2799 1966 2859 dem
2022 2799 2193 2859 wortlosen
2235 2799 2448 2859 Tanzdrama
2490 2798 2661 2858 „Schleier

2701 2793 2795 2853 Wenn
2833 2796 2865 2856 es
2897 2798 2984 2858 nicht
3010 2799 3041 2859 zu
3073 2799 3218 2859 paradox
3250 2799 3312 2859 erse

398 2832 420 2892 in
453 2832 545 2892 ihrem
589 2829 726 2889 Wesen,
754 2833 813 2893 das
847 2834 890 2894 sie
918 2833 994 2893 eher
1022 2832 1098 2892 weit
1126 2832 1366 2892 voneinander
1394 2832 1513 2892 trennt

1545 2843 1602 2903 der
1637 2843 1809 2903 Pierette“
1851 2844 1931 2904 wird
1977 2847 2006 2907 es
2047 2847 2075 2907 so
2122 2847 2207 2907 recht
2237 2847 2375 2907 deutlich
2410 2847 2571 2907 fühlbar,
2600 2845 2663 2905 wie
2699 2843 2755 2903 daß
2791 2843 2842 2903 dem
2883 2843 3073 2903 inneren
3108 2846 3217 2906 Wesen
3252 2844 3309 2904 nat

393 2879 437 2939 Es
465 2882 554 2942 liegt
577 2882 649 2942 auch
688 2880 777 2940 nicht
806 2879 833 2939 in
867 2880 956 2940 ihrem
1006 2880 1251 2940 Lebensgang.
1274 2879 1380 2939 Beide
1408 2880 1513 2940 warer

2700 2891 2791 2951 sogut
2821 2891 2878 2951 von
2914 2891 2965 2951 dem
3018 2894 3180 2954 alternden
3221 2893 3301 2953 Schn

1550 2891 1751 2951 Schnitzlers
1776 2891 1885 2951 Wesen
1920 2895 2007 2955 sind.
2031 2895 2331 2955 Todesmüdigkeit
2355 2894 2418 2954 und
2454 2894 2569 2954 müder
2598 2893 2644 2953 To

398 2927 432 2987 in
467 2927 559 2987 ihrem
611 2929 835 2989 bürgerlichen
882 2928 992 2988 Beruf
1021 2926 1159 2986 Aerzte;
1189 2928 1251 2988 das
1287 2924 1326 2984 ist
1356 2927 1522 2987 vielleicht

1548 2939 1589 2999 am
1638 2941 1793 3001 Anfang,
1824 2941 1895 3001 Tod
1932 2941 1967 3001 am
2016 2944 2166 3004 Schluß.
2190 2944 2268 3004 Wie
2298 2943 2658 3003 Hollunderkügelchen
2695 2940 2760 3000 wie
2791 2941 2977 3001 umgekehrt
3007 2941 3055 3001 die
3085 2942 3187 3002 späten
3230 2943 3289 3003 von

401 2977 456 3037 für
484 2976 527 3036 die
556 2977 649 3037 Zeit,
672 2975 699 3035 in
733 2975 787 3035 der
815 2976 859 3036 sie
887 2977 920 3037 zu
954 2975 1103 3035 Dichtern
1137 2973 1296 3033 wurden,
1319 2975 1501 3035 symptoma

1545 2987 1580 3047 im
1634 2990 1833 3050 elektrischen
1887 2990 1998 3050 Strom
2058 2992 2176 3052 tanzen
2224 2990 2305 3050 diese
2347 2991 2459 3051 Wesen
2512 2990 2659 3050 zwischen
2695 2987 2872 3047 erlebnisse
2902 2989 2948 3049 des
2984 2990 3102 3050 jungen
3138 2989 3196 3049 und
3232 2989 3284 3049 des

393 3025 470 3085 tisch
498 3026 719 3086 interessant,
748 3023 858 3083 macht
886 3023 919 3083 es
953 3024 1030 3084 aber
1064 3022 1151 3082 nicht
1180 3024 1262 3084 aus.
1291 3022 1334 3082 Es
1368 3022 1412 3082 ist
1440 3023 1506 3083 viel

2697 3036 2858 3096 einander
2890 3036 2943 3096 auf
2974 3038 3057 3098 ganz
3082 3038 3286 3098 merkwürdi

1553 3035 1633 3095 zwei
1651 3037 1760 3097 Enden
1790 3038 1841 3098 hin
1871 3041 1934 3101 und
1963 3041 2038 3101 her.
2056 3041 2108 3101 Ist
2131 3041 2188 3101 der
2212 3041 2385 3101 erregende
2409 3041 2489 3101 Reiz
2513 3040 2657 3100 vorüber

392 3073 489 3133 mehr
512 3073 534 3133 in
565 3072 654 3132 jenem
700 3070 955 3130 Doppelgesicht
979 3071 1068 3131 ihrer
1092 3068 1294 3128 Generation
1333 3070 1514 3130 begründet
1545 3085 1679 3145 klappen
1710 3085 1762 3145 die
1786 3087 1905 3147 Flügel
1936 3085 1988 3145 der
2019 3086 2131 3146 Seelen
2170 3089 2358 3149 zusammen
2389 3088 2456 3148 und
2487 3088 2531 3148 sie
2555 3087 2652 3147 liegen
2698 3082 2832 3142 klären?
2863 3084 2915 3144 Es
2939 3082 3005 3142 gibt
3036 3084 3261 3144 Dichtungen,

394 3121 455 3181 und
496 3122 614 3182 bindet
649 3120 694 3180 sie
734 3119 785 3179 als
820 3119 1035 3179 Gegenpole.
1070 3119 1257 3179 Schnitzler
1292 3118 1354 3178 hat
1389 3117 1416 3177 in
1462 3117 1518 3177 der

1550 3130 1609 3190 wie
1640 3132 1705 3192 tote
1736 3131 1843 3191 Vögel
1874 3134 1916 3194 am
1965 3135 2102 3195 Boden.
2127 3136 2379 3196 Pessimistische
2410 3136 2547 3196 Skepsis
2578 3135 2667 3195 zieht
2698 3131 2770 3191 nach
2813 3133 2878 3193 nur
2915 3131 2944 3191 in
2987 3132 3040 3192 der
3083 3133 3215 3193 Jugend
3252 3134 3293 3194 ge

391 3166 488 3226 einen
531 3169 650 3229 Hälfte
686 3166 790 3226 (wenn
841 3166 882 3226 es
925 3168 1114 3228 überhaupt
1157 3168 1226 3228 eine
1269 3166 1360 3226 volle
1396 3167 1515 3227 Hälfte
1544 3172 1599 3232 den
1642 3180 1887 3240 Spannungen
1937 3182 1993 3242 des
2036 3183 2161 3243 Lebens
2205 3185 2260 3245 die
2296 3183 2429 3243 Nerven
2479 3182 2562 3242 aus.
2598 3182 2661 3242 Die

2697 3179 2759 3239 und
2798 3180 2885 3240 dann
2924 3181 2986 3241 erst
3012 3181 3131 3241 wieder
3163 3181 3194 3241 im
3245 3182 3301 3242 All

390 3219 452 3279 ist)
480 3217 569 3277 seine
598 3218 763 3278 Domäne
798 3217 985 3277 gefunden,
1027 3217 1109 3277 über
1145 3217 1199 3277 der
1235 3215 1297 3275 das
1339 3214 1518 3274 Abendrot
1547 3226 1753 3286 Dichtungen
1790 3229 1886 3289 trägt
1914 3229 1982 3289 eine
2018 3231 2121 3291 Erde,
2142 3232 2204 3292 auf
2233 3233 2281 3293 die
2309 3235 2371 3295 sich
2399 3235 2488 3295 keine
2517 3232 2668 3292 Zukunft

2698 3230 2768 3290 gibt
2801 3229 2832 3289 es
2878 3229 2960 3289 nicht
2993 3229 3115 3289 dafür.
3154 3229 3300 3289 Schnitzl

393 3264 483 3324 eines
523 3264 772 3324 Unterganges
806 3264 963 3324 leuchtet.

2695 3275 2781 3335 Art,
2808 3276 2868 3336 daß
2902 3276 2948 3336 sie
2982 3276 3028 3336 die
3062 3278 3215 3338 Extreme
3249 3278 3302 3338 der

1550 3276 1653 3336 bauen
1693 3276 1770 3336 läßi

2698 3324 2859 3384 bringen.
2890 3324 2943 3384 So
2974 3326 3073 3386 nahe,
3097 3326 3158 3386 daß
3189 3326 3242 3386 für
3273 3326 3303 3386 ei

436 3325 620 3385 Schnitzler
663 3327 822 3387 erscheint
859 3326 918 3386 dem
978 3327 1263 3387 Menschentypus
1311 3325 1364 3385 der
1406 3324 1501 3384 Jahr

1594 3325 1684 3385 „Der
1728 3327 1831 3387 Gang
1886 3326 1947 3386 zum
2008 3326 2190 3386 Weiher",
2240 3328 2300 3388 der
2344 3327 2398 3387 als
2447 3327 2556 3387 letztes
2606 3327 2660 3387 der

2698 3369 2813 3429 bleibt.

1549 3372 1814 3432 Schnitzlerschen
1856 3375 2006 3435 Dramen
2041 3375 2105 3435 erst
2134 3376 2162 3436 in
2198 3375 2249 3435 der
2284 3375 2516 3435 vergangenen
2552 3373 2655 3433 Spiel

388 3378 656 3438 hundertwende
693 3376 888 3436 zugeneigt,
919 3375 973 3435 den
1021 3375 1139 3435 unsere
1176 3375 1277 3435 harte
1313 3373 1390 3433 Zeit
1427 3371 1509 3431 schor

2750 3423 2940 3483 Schnitzlers
2981 3423 3195 3483 künstlerische
3228 3422 3299 3482 Phy

1553 3424 1615 3484 zeit
1651 3420 1679 3480 im
1737 3422 1967 3482 Burgtheater
2003 3422 2083 3482 seine
2119 3423 2378 3483 Uraufführung
2419 3423 2557 3483 erlebte,
2598 3423 2666 3483 war

399 3428 462 3488 fast
486 3427 537 3487 zur
561 3425 676 3485 Gänze
706 3424 891 3484 mitleidlos
921 3423 1082 3483 zerrieben
1118 3422 1187 3482 hat.
1205 3420 1279 3480 Mit
1309 3420 1361 3480 der
1385 3420 1511 3480 Scharf

2694 3467 2897 3527 Gedächtnis
2941 3467 3114 3527 nunmehr
3152 3470 3206 3530 der

1552 3469 1597 3529 ein
1643 3467 1738 3527 letztes
1778 3470 2010 3530 Bekenntnis.
2050 3470 2106 3530 Ein
2152 3470 2429 3530 abschließendes,
2475 3470 2542 3530 wie
2588 3471 2661 3531 man

397 3473 574 3533 sichtigkeit
605 3472 657 3532 des
699 3470 811 3530 Juben
859 3470 917 3530 hat
948 3470 1130 3530 Schnitzler
1173 3469 1219 3529 die
1261 3470 1509 3530 Brüchigkeiten

1555 3515 1650 3575 heute
1682 3514 1777 3574 sagen
1823 3516 1918 3576 darf.
1957 3518 2020 3578 Die
2059 3515 2167 3575 kühlen
2213 3520 2378 3580 Schauer,
2411 3518 2461 3578 die
2500 3518 2563 3578 aus
2602 3517 2652 3577 den
2698 3514 2850 3574 Mitwelt
2877 3515 2927 3575 sich
2953 3515 3119 3575 einfügte.
3139 3517 3221 3577 Auch
3247 3516 3298 3576 die

397 3518 423 3578 im
478 3521 576 3581 Leben
620 3520 684 3580 von
723 3520 821 3580 heute
859 3519 924 3579 und
963 3521 1087 3581 gestern
1131 3518 1245 3578 erfaßt
1279 3517 1344 3577 und
1382 3515 1425 3575 sie
1458 3515 1523 3575 mit

1554 3564 1718 3624 gläsernen
1755 3564 1978 3624 Versgefäßen
2009 3566 2062 3626 des
2086 3567 2351 3627 schwermütigen
2387 3566 2516 3626 Spieles
2535 3564 2670 3624 traum=
2700 3562 2794 3622 Werk
2824 3565 2888 3625 und
2918 3563 2988 3623 Art
3013 3565 3242 3625 wesensfremd

390 3568 444 3628 dem
493 3569 684 3629 Verstande
723 3568 755 3628 in
799 3566 891 3626 einen
935 3566 1093 3626 Kompler
1138 3566 1328 3626 zusammen
1367 3566 1497 3626 gesehen

2694 3614 2789 3674 ihrer
2813 3614 3093 3674 Zeitbedeutung,
3118 3614 3277 3674 formaler

397 3620 425 3680 so
454 3620 510 3680 daß
545 3618 629 3678 diese
652 3617 805 3677 Lebens=
834 3617 895 3677 und
924 3617 1099 3677 Seinsart
1128 3616 1156 3676 in
1191 3615 1246 3675 der
1275 3614 1450 3674 Literatur
1479 3614 1507 3674 zu
1548 3614 1683 3674 bildend
1723 3611 1927 3671 aufsteigen,
1961 3614 2068 3674 waren
2108 3614 2153 3674 sie
2193 3616 2277 3676 nicht
2313 3616 2425 3676 schon,
2460 3615 2498 3675 um
2556 3615 2662 3675 einige

396 3666 555 3726 vielleicht
581 3667 747 3727 größerer
774 3667 926 3727 Geltung
959 3667 1048 3727 kam,
1075 3667 1125 3727 als
1158 3666 1215 3726 ihr
1247 3666 1279 3726 in
1312 3664 1368 3724 der
1401 3663 1496 3723 Wirk
1536 3662 1644 3722 Töne
1664 3660 1842 3720 wärmer,
1862 3662 1894 3722 in
1926 3662 1983 3722 den
2022 3663 2175 3723 früheren
2208 3664 2412 3724 Dichtungen
2452 3666 2489 3726 zu
2522 3664 2662 3724 spüren,
2682 3662 3021 3722 findungsschwere:
3041 3664 3270 3724 nicht-entzie
