3344 4256
200 291 319 351 2.
370 293 966 353 Schnitzler's
1027 294 1264 354 Death

1479 294 1601 354 box
1685 297 1866 357 42/9

1264 590 1419 650 Mener

980 695 1411 755 Allgemeine
1454 694 1719 754 Zeitung

700 786 946 846 Kasznárs

2260 781 2332 841 hat
2354 786 2404 846 ihn
2434 788 2520 848 nicht
2542 789 2715 849 gehindert
2738 789 2816 849 über
2839 792 2939 852 Liebe
2962 792 3026 852 und
3049 792 3120 852 Tod

2267 834 2321 894 die
2344 839 2487 899 tiefsten,
2526 838 2582 898 die
2604 840 2781 900 zartesten,
2820 842 2875 902 die
2920 843 3130 903 geheimnis¬

1492 855 1606 915 DAS
1644 861 1840 921 vornehme

1991 858 2150 918 Jazz

2266 885 2448 945 schwersten
2482 888 2592 948 Dinge
2638 888 2670 948 zu
2704 891 2820 951 sagen.
2860 891 2937 951 Wem
3004 891 3126 951 freilich

598 906 1405 966 Bondonniere
1512 909 1846 969 Abendrestaurant

2004 916 2149 976 Tanz

2271 932 2357 992 sagte
2384 933 2416 993 er
2438 934 2508 994 sie?
2536 935 2638 995 Seine
2666 936 2850 996 Dichtung,
2872 938 2969 998 dieses
3002 938 3126 998 Rokoko

2265 980 2321 1040 der
2353 983 2487 1043 Wiener
2508 982 2627 1042 Seele,
2669 985 2782 1045 wurde
2809 986 2932 1046 immer
2959 987 3134 1047 einsamer,

761 1008 1107 1068 eröffnet
1146 1007 1206 1067 die
1230 1004 1479 1064 Wintersaison
1510 1006 1676 1066 Samstag
1714 1007 1775 1067 den
1806 1007 1873 1067 24,
1889 1007 1903 1067 8
1926 1006 2009 1066 Uhr
2033 1006 2168 1066 abends

2262 1028 2388 1088 immer
2412 1031 2539 1091 ferner,
2581 1034 2678 1094 dabei
2703 1034 2823 1094 freilich
2870 1036 2992 1096 immer
3021 1037 3136 1097 höher,

2264 1076 2372 1136 reifer
2395 1079 2457 1139 und
2486 1082 2610 1142 reiner.

1736 1087 1801 1147 Tel.
1813 1088 1823 1148 U
1857 1088 1967 1148 23227

705 1094 957 1154 Zeitgemäße
989 1089 1117 1149 Preise

2354 1125 2449 1185 Hatte
2497 1129 2533 1189 er
2555 1129 2660 1189 nichts
2714 1129 2803 1189 mehr
2835 1129 2866 1189 zu
2920 1132 3014 1192 sagen
3052 1132 3125 1192 oder

196 1135 286 1195 ers

1365 1160 1486 1220 Seele,
1525 1157 1581 1217 die
1611 1160 1741 1220 Musik,
1780 1161 1837 1221 der
1866 1159 2101 1219 Liebesrausch
2131 1157 2214 1217 einer

454 1165 636 1225 Schnitzler
685 1165 742 1225 nie
782 1165 838 1225 die
879 1164 1031 1224 richtigen
1061 1162 1320 1222 Beziehungen.

2266 1174 2384 1234 wollte
2428 1177 2466 1237 er
2509 1177 2617 1237 dieser
2661 1180 2963 1240 vielbeschäftigten
3002 1179 3131 1239 Gegen¬

1350 1210 1482 1270 ganzen
1538 1210 1847 1270 jugendtrunkenen
1903 1208 2030 1268 Stadt.
2097 1207 2212 1267 Dieses

449 1214 515 1274 Sie
538 1213 598 1273 hat
622 1214 671 1274 ihn
705 1215 760 1275 nie
789 1214 922 1274 gestört,
945 1213 1034 1273 wenn
1068 1212 1100 1272 er
1129 1210 1218 1270 durch
1252 1206 1318 1266 ein¬

2267 1221 2357 1281 wart
2380 1225 2453 1285 Zeit
2476 1228 2594 1288 lassen,
2612 1228 2662 1288 ihn
2691 1227 2917 1287 einzuholen?
2940 1227 3001 1287 Ein
3030 1228 3131 1288 Blitz¬

1353 1259 1483 1319 „junge
1512 1258 1624 1318 Wien"
1654 1260 1693 1320 ist
1733 1259 1806 1319 jetzt
1829 1258 1908 1318 erst,
1943 1257 1982 1317 am
2028 1255 2219 1315 Todestage

450 1262 540 1322 same
574 1261 806 1321 Villengassen
840 1261 964 1321 schritt,
987 1261 1021 1321 im
1067 1259 1162 1319 leisen
1202 1258 1309 1318 Regen

2268 1272 2370 1332 strahl
2393 1273 2484 1333 fährt
2507 1273 2586 1333 schon
2620 1274 2688 1334 jetzt
2712 1275 2909 1335 hernieder:
2933 1276 3006 1336 Nun
3035 1277 3074 1337 ist
3097 1275 3125 1335 es

1358 1306 1465 1366 seines
1494 1306 1668 1366 Dichters,
1709 1306 1900 1366 gestorben.
1941 1307 2030 1367 Jetzt
2076 1305 2144 1365 erst
2184 1304 2223 1364 ist

449 1310 504 1370 der
538 1309 821 1369 Akazienblüten,
860 1309 915 1369 den
949 1309 1071 1369 blauen
1105 1307 1315 1367 Hügelkranz

2257 1320 2304 1380 an
2358 1322 2448 1382 uns,
2485 1323 2697 1383 Einsamkeit
2740 1323 2771 1383 zu
2830 1323 3042 1383 empfinden,
3085 1323 3132 1383 er¬

1353 1355 1545 1415 Christine,
1585 1353 1642 1413 das
1671 1356 1766 1416 süße,
1807 1355 1931 1415 sanfte,
1954 1353 2021 1413 edle
2050 1352 2208 1412 Vorstadt

452 1359 557 1419 seiner
586 1359 864 1419 Jugendträume
887 1359 914 1419 im
959 1356 1098 1416 Rücken.

2261 1368 2459 1428 drückende,
2483 1371 2686 1431 erkältende,
2710 1371 2942 1431 beschämende
2977 1372 3135 1432 Einsam¬

1352 1403 1473 1463 mädel
1521 1403 1584 1463 nur
1616 1403 1705 1463 mehr
1738 1404 1806 1464 eine
1838 1402 2033 1462 großartige
2060 1401 2223 1461 Theater¬

534 1406 601 1466 Den
636 1407 801 1467 einsamen
830 1407 903 1467 Weg
949 1407 1011 1467 hat
1035 1407 1062 1467 er
1092 1407 1114 1467 ja
1143 1405 1216 1465 auch
1245 1401 1313 1461 eine

2269 1416 2336 1476 keit

1353 1449 1463 1509 rolle.
1480 1452 1552 1512 Und
1580 1451 1713 1511 Anatol
1736 1452 1823 1512 steigt
1846 1451 1918 1511 jetzt
1941 1449 2012 1509 erst,
2030 1449 2095 1509 mit
2118 1447 2200 1507 einem

445 1456 555 1516 seiner
590 1458 711 1518 tiefsten
745 1456 950 1516 Dichtungen
984 1455 1150 1515 genannt.
1195 1452 1311 1512 Diesen

2357 1467 2428 1527 Das
2459 1467 2591 1527 Wiener
2616 1467 2748 1527 Lächeln
2797 1469 2839 1529 ist
2864 1470 2923 1530 mit
2966 1470 3020 1530 ihm
3063 1470 3135 1530 ent¬

1357 1499 1495 1559 lässigen
1556 1500 1710 1560 Bonmot
1761 1500 1827 1560 auf
1872 1497 1932 1557 den
1988 1497 2215 1557 vielgeküßten

447 1507 619 1567 einsamen
652 1506 721 1566 Weg
754 1506 791 1566 ist
813 1505 845 1565 er
867 1503 986 1563 immer
1008 1503 1201 1563 gegangen,
1218 1501 1309 1561 durch

2275 1514 2480 1574 schwunden.
2503 1514 2573 1574 Das
2606 1514 2839 1574 Liebeswort,
2861 1515 2920 1575 das
2954 1514 2985 1574 er
3018 1518 3137 1578 sprach,

1353 1547 1502 1607 Lippen,
1525 1549 1552 1609 zu
1586 1547 1641 1607 den
1675 1547 1824 1607 Schatten
1857 1545 1979 1605 hinab.

442 1553 737 1613 Blätterrascheln
771 1552 833 1612 und
867 1553 1145 1613 Abendschatten,
1168 1550 1196 1610 in
1230 1547 1314 1607 Gär¬

2266 1559 2330 1619 wie
2358 1562 2466 1622 keiner
2509 1565 2612 1625 außer
2639 1562 2725 1622 ihm,
2764 1565 2801 1625 ist
2823 1565 3039 1625 verstummt.
3056 1565 3125 1625 Und

1440 1596 1636 1656 Tausende,
1658 1595 1742 1655 viele
1770 1595 1950 1655 Tausende
1977 1593 2078 1653 haben
2115 1592 2215 1652 daran

442 1601 497 1661 ten
536 1603 591 1663 des
625 1601 775 1661 Herbstes
831 1601 892 1661 und
926 1600 980 1660 der
1009 1601 1163 1661 Trauer,
1204 1598 1319 1658 geküßt

2274 1609 2359 1669 doch,
2382 1613 2501 1673 immer
2523 1613 2647 1673 wieder
2669 1611 2750 1671 wird
2778 1613 2810 1673 es
2838 1613 2951 1673 leben,
2968 1613 3022 1673 das
3050 1613 3135 1673 Ver¬

1360 1646 1538 1706 geglaubt.
1560 1644 1668 1704 Haben
1701 1643 1760 1703 mit
1782 1643 1912 1703 Anatol
1939 1643 2063 1703 gelebt,
2080 1640 2145 1700 wie
2172 1640 2220 1700 die

447 1650 509 1710 vom
563 1652 763 1712 scheidenden
800 1650 1070 1710 Sonnenstrahl.
1113 1647 1212 1707 Diese
1245 1643 1318 1703 Me¬

2271 1658 2452 1718 mächtnis,
2476 1661 2532 1721 das
2561 1661 2595 1721 er
2618 1661 2714 1721 süßen
2749 1661 2868 1721 Lippen
2903 1664 3140 1724 hinterlassen.

1353 1694 1657 1754 Jugendgenossen
1719 1691 1868 1751 Goethes
1947 1688 1979 1748 im
2052 1691 2223 1751 Werther¬

449 1700 611 1760 lancholie
665 1699 719 1759 des
757 1698 931 1758 Abschieds
986 1697 1045 1757 hat
1094 1697 1169 1757 man
1208 1694 1321 1754 lange,

2345 1706 2406 1766 Wo
2435 1708 2559 1768 immer
2588 1708 2616 1768 in
2650 1708 2740 1768 Duft
2780 1708 2841 1768 und
2876 1711 2994 1771 Traum
3040 1711 3129 1771 eines

1352 1740 1478 1800 Kostüm
1527 1738 1758 1798 schwärmten.
1780 1741 1853 1801 Wie
1886 1738 1938 1798 der
1965 1737 2223 1797 Girardi=Ton¬

453 1749 535 1809 allzu
567 1748 664 1808 lange
712 1746 773 1806 mit
799 1745 851 1805 der
872 1744 985 1804 Laune
1032 1744 1125 1804 eines
1151 1744 1311 1804 erlesenen

2269 1756 2404 1816 Wiener
2433 1756 2763 1816 Frühlingsabends
2792 1758 2842 1818 sich
2871 1759 3036 1819 Liebende
3065 1758 3132 1818 um¬

1359 1789 1423 1849 fall
1446 1789 1526 1849 ganz
1554 1789 1646 1849 Wien
1701 1787 1830 1847 färbte,
1869 1786 1988 1846 wurde
2015 1784 2069 1844 der
2102 1786 2221 1846 „junge

445 1795 574 1855 Dandy
612 1795 666 1855 der
693 1795 866 1855 Literatur
894 1792 1121 1852 verwechselt.
1143 1792 1213 1852 Das
1246 1789 1315 1849 war

2266 1804 2411 1864 fangen,
2435 1805 2521 1865 wird
2551 1805 2678 1865 Arthur
2708 1807 2894 1867 Schnitzler
2918 1810 3137 1870 auferstehen.

1357 1837 1442 1897 Herr
1459 1838 1670 1898 "Schnitzlers
1703 1837 1746 1897 ein
1784 1836 1919 1896 Wiener
1947 1834 2227 1894 Seelenrequisit.

452 1848 496 1908 sie
518 1846 690 1906 niemals.
730 1843 795 1903 Sie
819 1843 890 1903 war
940 1843 996 1903 der
1024 1841 1118 1901 Fluch
1174 1840 1235 1900 und
1263 1840 1318 1900 der

2618 1861 2817 1921 Ludwig
2853 1864 3108 1924 Ullmann"

1361 1885 1428 1945 Und
1457 1887 1542 1947 seine
1565 1886 1747 1946 „Liebelei"
1770 1885 1878 1945 stand,
1896 1884 1923 1944 in
1953 1882 2037 1942 ihrer
2061 1882 2157 1942 leicht
2175 1879 2219 1939 be¬

452 1894 594 1954 Zauber
628 1893 736 1953 seines
770 1893 969 1953 Schicksals,
998 1891 1059 1951 das
1100 1889 1128 1949 in
1168 1888 1224 1948 der
1253 1888 1320 1948 Tat

3033 1894 3118 1954 a2

1360 1933 1521 1993 schatteten
1560 1933 1754 1993 Bittersüße
1804 1932 1863 1992 auf
1890 1931 1944 1991 dem
1993 1932 2220 1992 Tagesreper¬

454 1941 577 2001 immer
600 1941 723 2001 wieder
745 1939 896 1999 Abschied
923 1938 1057 1998 nehmen
1090 1938 1214 1998 mußte,
1230 1935 1305 1995 denn

2553 1977 2852 2037 Tanzpalast

2335 1982 2386 2042 21

1354 1983 1446 2043 toire
1470 1983 1527 2043 der
1551 1983 1714 2043 Jeunesse
1744 1980 1836 2040 dorè.

453 1990 537 2050 seine
572 1992 702 2052 eigene,
731 1989 834 2049 heiter
863 1988 1044 2048 gaukelnde
1079 1986 1215 2046 Jugend
1250 1982 1317 2042 ent¬

1447 2031 1577 2091 Arthur
1600 2031 1780 2091 Schnitzler
1804 2029 1899 2089 selbst
1922 2027 2085 2087 entwuchs
2120 2025 2221 2085 dieser

458 2038 623 2098 schwand,
646 2039 733 2099 ganz
762 2037 883 2097 anders
916 2037 965 2097 als
1000 2036 1087 2096 sonst
1110 2037 1248 2097 Jugend
1281 2036 1308 2096 zu

1358 2081 1606 2141 schicksalhaften
1648 2079 1878 2139 Popularität
1926 2076 2120 2136 allerdings
2156 2073 2220 2133 sehr

449 2086 692 2146 entschwinden
754 2085 875 2145 pflegt.
920 2085 1014 2145 Denn
1076 2082 1181 2142 dieses
1220 2082 1325 2142 heiße,

2473 2093 2952 2153 VALLON

1353 2127 1460 2187 rasch.
1500 2127 1607 2187 Seine
1636 2127 1827 2187 Tragödien
1885 2125 1997 2185 reiften
2031 2123 2059 2183 in
2094 2123 2223 2183 histori¬

449 2135 647 2195 heimliche,
687 2133 789 2193 dieses
846 2132 1049 2192 himmlische
1078 2129 1207 2189 Lächeln
1259 2129 1320 2189 auf

2390 2150 2414 2210 I.
2435 2153 2653 2213 Walfischgasse
2679 2155 2724 2215 11,
2770 2153 2825 2213 Tel
2856 2153 2866 2213 K
2902 2150 3023 2210 21-0-29

1361 2177 1441 2237 sches
1476 2177 1557 2237 Maß
1593 2176 1656 2236 und
1691 2174 1720 2234 in
1755 2174 2009 2234 psychologische
2039 2171 2224 2231 Abgrund¬

455 2185 595 2245 tausend
630 2181 923 2241 Mädchenlippen,
946 2180 1047 2240 dessen
1087 2180 1222 2240 Sänger
1251 2177 1312 2237 und

1355 2225 1453 2285 tiefe.
1489 2225 1570 2285 Nur
1617 2222 1675 2282 das
1729 2224 1862 2284 richtige
1892 2221 2037 2281 gesalbte
2067 2219 2229 2279 Theater¬

449 2233 610 2293 Causeur
660 2232 691 2292 er
714 2231 881 2291 gewesen,
914 2228 1092 2288 erneuerte
1136 2225 1184 2285 sich
1233 2225 1319 2285 nicht

1360 2274 1479 2334 pathos
1514 2275 1570 2335 hat
1593 2273 1626 2333 er
1650 2273 1706 2333 nie
1729 2271 1876 2331 gelernt.
1894 2270 2013 2330 Selbst
2036 2270 2121 2330 seine
2144 2267 2228 2327 Her¬

455 2281 571 2341 mehr.
594 2281 676 2341 War
711 2279 760 2339 die
794 2280 882 2340 Welt
910 2279 999 2339 älter
1027 2276 1205 2336 geworden
1244 2275 1321 2335 oder

2591 2302 2813 2362 TANZ

1360 2324 1435 2384 zöge
1462 2320 1587 2380 blieben
1620 2318 1831 2378 Charmeure
1853 2319 1912 2379 vom
1956 2317 2091 2377 Wiener
2118 2315 2215 2375 Korso

455 2329 527 2389 war
555 2329 661 2389 dieses
689 2326 783 2386 Wien
817 2326 873 2386 der
896 2326 973 2386 hold
1002 2326 1325 2386 besinnungslosen,

1357 2369 1415 2429 der
1443 2370 1546 2430 Seele
1595 2368 1659 2428 und
1692 2368 1779 2428 seine
1807 2367 2050 2427 leidgekrönten
2089 2365 2218 2425 Frauen

460 2377 519 2437 der
544 2379 676 2439 tragisch
706 2377 935 2437 leichtfertigen
965 2374 1061 2434 Liebe
1092 2374 1230 2434 wirklich
1254 2374 1314 2434 nur

2327 2401 3049 2461 ANTRARNNONEN

1360 2419 1501 2479 machten
1536 2418 1614 2478 fünf
1637 2418 1795 2478 Minuten
1835 2416 1896 2476 vor
1925 2416 1976 2476 dem
2021 2415 2218 2475 Untergang

459 2426 573 2486 Vision
608 2425 711 2485 seines
741 2422 924 2482 Dichters?

2323 2455 2433 2515 Larys
2467 2455 2505 2515 de
2534 2453 2628 2513 Roy.
2651 2452 2728 2512 Lise
2751 2452 2828 2512 otte
2862 2452 2956 2512 Arff,
2979 2450 3072 2510 Ellen

244 2460 413 2520 erarischer

1359 2467 1435 2527 noch
1469 2467 1519 2527 die
1547 2467 1857 2527 einwandfreiesten
1897 2463 2096 2523 Honneurs.

540 2474 715 2534 Tausende
790 2471 891 2531 haben
972 2470 1080 2530 daran
1143 2470 1324 2530 geglaubt.

2324 2502 2489 2562 Gadeau.
2514 2502 2614 2562 Lilian
2656 2502 2780 2562 Vally.
2799 2499 2839 2559 La
2876 2499 2940 2559 Lea
2976 2499 3088 2559 Litta,

244 2508 396 2568 jestorben

1438 2516 1535 2576 Diese
1581 2517 1747 2577 tadellose
1776 2514 1931 2574 Eleganz
1977 2513 2034 2573 des
2069 2512 2218 2572 Herzens

462 2526 643 2586 Schnitzler
688 2523 765 2583 war
809 2521 897 2581 keine
926 2520 1046 2580 Mode,
1091 2520 1124 2580 er
1168 2518 1245 2578 war
1268 2519 1317 2579 die

2321 2554 2392 2614 Lily
2440 2553 2576 2613 Rejan.
2607 2550 2677 2610 Joe
2714 2550 2856 2610 Sarsky
2905 2547 2975 2607 und
3018 2547 3082 2607 das

247 2558 419 2618 Lächelns,

2518 2601 2632 2661 große
2661 2598 2867 2658 Programm

568 2616 721 2676 Mrgen
755 2610 896 2670 soricht
919 2610 958 2670 an
993 2609 1088 2669 diese
1134 2610 1241 2670 Stelle
1270 2607 1332 2667 der
1361 2605 1580 2665 Modenchef
1609 2604 1665 2664 der
1694 2603 1784 2663 Tiller
1807 2601 1909 2661 A-G.
1921 2601 1999 2661 Mai
2017 2601 2118 2661 ahilf,
2136 2600 2175 2660 0b

263 2610 274 2670 U
312 2607 407 2667 süßen

2351 2658 2473 2718 Kapelle
2493 2658 2609 2718 Astoria
2635 2655 2708 2715 Band
2734 2655 2789 2715 mit
2802 2655 2937 2715 Maestro
2963 2651 3066 2711 Dubini

568 2666 601 2726 „1
624 2661 711 2721 Rese
740 2661 867 2721 ve-Kra
895 2661 961 2721 en,
989 2660 1005 2720 2
1039 2658 1294 2718 Manschetten
1339 2655 1405 2715 aus
1444 2655 1504 2715 der
1538 2655 1749 2715 enguschen
1783 2653 1954 2713 Tasche“
1987 2652 2053 2712 und
2104 2651 2230 2711 „5mal

272 2658 415 2718 ühender

2352 2702 2578 2762 räglich
2630 2696 3054 2756 Füni-Uhr-Tee

263 2705 358 2765 ahm.

572 2711 808 2771 Hangarbelt
830 2706 845 2766 —
897 2705 917 2765 —
974 2706 1046 2766 Dis
1078 2707 1335 2767 ,unsichtbare'
1356 2705 1500 2765 Hemd"

278 2755 413 2815 Arthur

332 2801 413 2861 war

266 2852 400 2912 tterung

283 2902 309 2962 id
359 2899 418 2959 be¬

546 2948 966 3008 Aethur
1049 2947 1791 3007 Schnitzlers
1897 2932 2559 2992 Darsteller
2662 2933 2780 2993 an
2903 2928 3082 2988 der

291 2998 413 3058 gebene

292 3049 416 3109 ge¬

286 3096 311 3156 en
360 3093 423 3153 auf

2019 3108 2531 3168 Dichter¬

1113 3117 1453 3177 Fahre
1548 3114 1869 3174 ihres

302 3143 401 3203 Wien

302 3190 409 3250 dieses

2282 3201 2331 3261 als
2359 3201 2436 3261 auch
2478 3198 2533 3258 den
2570 3197 2730 3257 Theodor,
2766 3195 2800 3255 in
2836 3192 3123 3252 „Lebendigen

1372 3209 1402 3269 in
1428 3209 1477 3269 dem
1515 3210 1564 3270 die
1590 3207 1726 3267 Freunde
1751 3207 1956 3267 Schnitzlers,
1975 3206 2061 3266 unter
2087 3204 2211 3264 anderen

349 3237 409 3297 in

732 3238 887 3298 Raoul
916 3237 1053 3297 As'an

2278 3243 2504 3303 Stunden"
2539 3242 2595 3302 und
2624 3240 2674 3300 als
2703 3239 2872 3299 Regisseur
2895 3237 2968 3297 habe
2997 3236 3036 3296 ich
3065 3234 3132 3294 auch

1370 3251 1488 3311 Namen
1527 3252 1694 3312 naturlich,
1717 3251 1890 3311 auftreten.

2278 3285 2351 3345 noch
2400 3281 2752 3341 „Marionetten"
2800 3281 2861 3341 und
2916 3278 3016 3338 „Ruf
3058 3275 3132 3335 des

351 3284 409 3344 und

546 3290 608 3350 Die
638 3293 793 3353 Nachricht
823 3290 874 3350 vom
921 3290 1006 3350 Tode
1036 3289 1220 3349 Schnitzlers
1273 3284 1329 3344 hat

2280 3326 2466 3386 Lebens"
2498 3323 2683 3383 inszeniert.

1636 3325 1700 3385 Lin
1747 3326 1959 3386 Marber,

471 3341 542 3401 mich
592 3341 619 3401 so
647 3338 708 3398 wie
736 3338 813 3398 jeden
857 3336 984 3396 anderen
1023 3335 1166 3395 Künstler
1189 3332 1332 3392 schmerz¬

2360 3369 2528 3429 Schnitzler
2548 3368 2610 3428 war
2630 3366 2691 3426 mir
2711 3365 2755 3425 ein
2780 3363 2873 3423 lieber
2893 3363 2980 3423 guter
3000 3360 3143 3420 Freund,

1438 3376 1494 3436 Nie
1524 3380 1620 3440 werde
1644 3380 1683 3440 ich
1713 3379 1758 3439 die
1787 3377 1964 3437 Gestalten,
1988 3375 2033 3435 die
2056 3374 2228 3434 Schnitzler

465 3383 519 3443 lich
552 3385 628 3445 nahe
656 3383 803 3443 berührt.
831 3382 873 3442 Es
907 3381 939 3441 ist
967 3381 1032 3441 eine
1060 3383 1141 3443 ganz
1169 3377 1332 3437 besondere

252 3384 317 3444 gfür
369 3384 418 3444 ge=

2273 3413 2336 3473 mit
2358 3413 2405 3473 dem
2449 3413 2485 3473 ich
2512 3411 2565 3471 von
2597 3410 2719 3470 Jugend
2752 3409 2783 3469 an
2815 3407 2878 3467 viel
2895 3404 3128 3464 Gemeinsames

1372 3425 1449 3485 schuf
1480 3425 1542 3485 und
1579 3422 1624 3482 die
1656 3422 1691 3482 ich
1728 3422 1753 3482 in
1796 3422 1950 3482 mehreren
1992 3419 2090 3479 seiner
2121 3417 2229 3477 Stückt

465 3431 597 3491 Tragik,
636 3431 691 3491 daß
725 3428 752 3488 in
792 3427 885 3487 dieser
913 3429 995 3489 Zeit,
1018 3427 1046 3487 in
1080 3425 1129 3485 der
1157 3425 1217 3485 wir
1245 3419 1328 3479 mehr

186 3435 261 3495 echen
297 3434 361 3494 wir
385 3431 414 3491 es

2283 3457 2393 3517 gehabt
2416 3455 2505 3515 habe.
2527 3454 2574 3514 Ich
2601 3451 2739 3511 entsinne
2766 3451 2833 3511 mich
2861 3448 2892 3508 an
2925 3448 2987 3508 eine
3010 3445 3141 3505 Privat¬

1372 3466 1459 3526 geben
1491 3466 1609 3526 durfte,
1630 3464 1800 3524 vergessen.
1827 3463 1878 3523 Ich
1909 3461 2012 3521 spielte
2044 3460 2100 3520 mit
2126 3460 2224 3520 Harry

466 3474 541 3534 denn
577 3475 601 3535 je
627 3473 783 3533 Menschen
819 3472 960 3532 brauchen
996 3469 1051 3529 und
1087 3469 1142 3529 uns
1172 3469 1207 3529 an
1238 3466 1328 3526 Men¬

169 3481 246 3541 ben.
271 3481 318 3541 Er
348 3481 389 3541 wa

2273 3498 2459 3558 vorstellung
2492 3499 2522 3559 in
2559 3496 2610 3556 der
2637 3494 2808 3554 Wohnung
2840 3493 3027 3553 Schnitzlers
3079 3489 3136 3549 vor

1366 3511 1541 3571 Walden
1568 3508 1738 3568 gemeinsam
1782 3508 1808 3568 in
1840 3503 2218 3563 „Zwischenspie!“

469 3521 544 3581 schen
577 3517 674 3577 halten
723 3517 863 3577 müssen,
902 3517 950 3577 die
978 3517 1080 3577 geistig
1108 3514 1166 3574 und
1216 3511 1328 3571 seelisch

164 3529 346 3589 alanterie,
371 3529 419 3589 die

2279 3541 2310 3601 36
2347 3541 2490 3601 Jahren.
2517 3541 2650 3601 Damals
2687 3538 2809 3598 spielten
2853 3538 2910 3598 wir
2943 3533 3139 3593 „Abschieds¬

1365 3551 1445 3611 dann
1481 3550 1536 3610 bei
1568 3550 1618 3610 der
1649 3550 1891 3610 Uraufführung
1948 3547 2003 3607 des
2039 3547 2221 3607 „Weiten

467 3565 646 3625 Oesterreich
684 3562 878 3622 angehören,
911 3560 974 3620 eine
1012 3561 1101 3621 solche
1138 3559 1328 3619 Persönlich¬

157 3582 255 3642 hanz,
274 3583 323 3643 die
348 3580 422 3640 jetzt

2284 3586 2434 3646 souper",
2449 3585 2496 3645 die
2518 3585 2606 3645 Rolle
2628 3583 2682 3643 der
2703 3583 2792 3643 Anni
2813 3582 2867 3642 gab
2889 3579 2977 3639 Adele
2999 3577 3135 3637 Sand¬

1372 3597 1501 3657 Land"
1538 3595 1599 3655 und
1652 3592 1817 3652 schließlich
1854 3592 1884 3652 in
1921 3590 2236 3650 „Schwestern“.

462 3612 529 3672 keit
550 3611 701 3671 verlieren
738 3607 872 3667 müssen.

182 3631 309 3691 sinken,
349 3628 412 3688 sind

2274 3631 2363 3691 rock

1375 3639 1439 3699 Alle
1470 3637 1622 3697 Figuren,
1648 3636 1692 3696 die
1723 3636 1758 3696 ich
1789 3635 1970 3695 verkörpern
2007 3634 2102 3694 sollte,
2128 3632 2223 3692 waren

542 3662 601 3722 Als
629 3660 850 3720 Schauspieler
894 3660 970 3720 habe
993 3660 1035 3720 ich
1085 3660 1111 3720 in
1145 3656 1323 3716 Schnitzlers

2363 3672 2461 3732 Heute
2484 3672 2525 3732 ist
2541 3669 2596 3729 das
2626 3668 2696 3728 alles
2725 3666 2875 3726 vorüber.
2897 3666 2939 3726 Es
2968 3664 3031 3724 gibt
3053 3663 3138 3723 keine

1371 3682 1558 3742 unheimlich
1589 3678 1760 3738 lebensnah
1795 3678 1855 3738 und
1895 3677 1973 3737 nicht
2003 3675 2062 3735 nur
2092 3674 2146 3734 für
2176 3674 2229 3734 das

461 3711 585 3771 Stücken
622 3706 914 3766 verhältnismäßig
946 3705 1044 3765 wenig
1076 3703 1221 3763 gespielt.
1248 3699 1315 3759 Abe

2282 3714 2543 3774 Süßen=Mädel=
2569 3713 2622 3773 und
2652 3710 2731 3770 keine
2756 3709 3052 3769 Anatol=Naturen.
3072 3705 3136 3765 Und

1379 3726 1565 3786 Publikum,
1585 3723 1712 3783 sondern
1747 3723 1815 3783 auch
1850 3721 1898 3781 für
1928 3719 1977 3779 den
2016 3719 2231 3779 Schauspieler

179 3728 234 3788 die
259 3728 419 3788 Freunde

468 3756 497 3816 es
527 3756 595 3816 war
620 3755 679 3815 mir
704 3753 816 3813 immer
841 3750 904 3810 eine
930 3750 1096 3810 besondere
1121 3748 1258 3808 Freude,
1278 3743 1331 3803 mit

2281 3761 2351 3821 jetzt
2398 3760 2469 3820 gibt
2515 3758 2547 3818 es
2580 3757 2651 3817 auch
2684 3755 2781 3815 keinen
2821 3753 2944 3813 Arthur
2970 3751 3139 3811 Schnitzler

1375 3765 1431 3825 tief
1452 3768 1638 3828 ergreisend.
1655 3765 1773 3825 Arthur
1794 3764 1965 3824 Schnitzler
1987 3762 2037 3822 hat
2059 3762 2116 3822 mit
2137 3762 2214 3822 jeden

163 3780 180 3840 z
211 3774 282 3834 war
313 3777 425 3837 längst

465 3801 637 3861 Schnitzler
665 3799 691 3859 zu
724 3797 875 3857 arbeiten.
897 3795 939 3855 Er
962 3795 1015 3855 hat
1037 3795 1085 3855 sich
1113 3793 1155 3853 als
1183 3791 1334 3851 außer¬

2279 3802 2434 3862 mehr...

1377 3813 1472 3873 seiner
1502 3813 1608 3873 Stucke
1634 3810 1734 3870 meine
1760 3807 1961 3867 künstlerische
1992 3804 2233 3864 Vervollkomm¬

163 3825 271 3885 fbruch
302 3824 362 3884 hat
381 3822 411 3882 ei

468 3845 767 3905 ordentlicher
805 3841 1050 3901 Regisseur
1088 3838 1256 3898 erwiesen,
1284 3833 1332 3893 als

1379 3853 1459 3913 nung
1487 3854 1638 3914 gefördert
1660 3852 1719 3912 und
1746 3851 1827 3911 einen
1855 3847 2130 3907 unauslöschlichen
2158 3845 2233 3905 Ein¬

153 3872 181 3932 s
205 3869 310 3929 unter
357 3869 420 3929 uns

2540 3878 2692 3938 Maria
2729 3875 2890 3935 Mayen

467 3890 636 3950 wirklicher
663 3888 789 3948 Führer
832 3884 884 3944 der
912 3885 1149 3945 Schauspieler,
1187 3881 1239 3941 der
1282 3878 1323 3938 ein

1380 3899 1462 3959 druck
1492 3899 1715 3959 hinterlassen.

148 3920 433 3980 vorzudringen.

2363 3930 2445 3990 Mein
2506 3930 2600 3990 letztes
2636 3924 2920 3984 Schnitzler=Stück
2951 3923 3016 3983 war
3047 3921 3146 3981 „Ko¬

467 3935 567 3995 feines
605 3933 673 3993 Ohr
705 3932 784 3992 hatte
816 3931 868 3991 für
895 3929 948 3989 den
985 3929 1090 3989 Willen
1128 3926 1180 3986 des
1218 3923 1333 3983 Schau¬

213 3968 309 4028 Welt
353 3966 412 4026 von

2281 3974 2424 4034 mödie
2447 3974 2518 4034 der
2541 3971 2867 4031 Verführung".
2885 3968 3050 4028 Schnitzler
3073 3968 3139 4028 war

1381 3977 1556 4037 Leopold
1594 3974 1796 4034 Kramer,
1825 3973 1888 4033 der
1927 3970 2027 4030 eeste
2065 3968 2231 4028 Anatol

472 3980 618 4040 spielers.
668 3977 726 4037 Ich
759 3977 900 4037 erinnere
933 3977 1003 4037 mich
1036 3977 1122 4037 noch,
1145 3972 1199 4032 daß
1232 3971 1269 4031 ich
1302 3966 1328 4026 in

2282 4018 2336 4078 bei
2356 4019 2404 4079 den
2439 4016 2557 4076 Proben
2592 4014 2748 4074 anwesend
2778 4013 2837 4073 und
2867 4012 2896 4072 es
2926 4010 2989 4070 war
3014 4010 3053 4070 ein
3088 4009 3141 4069 un¬

127 4016 315 4076 Amählich
349 4016 420 4076 aber

471 4024 570 4084 seiner
620 4022 852 4082 „Komödie
903 4019 974 4079 der
1013 4019 1322 4079 Verführung"

1449 4027 1503 4087 Ich
1531 4027 1606 4087 habe
1628 4027 1704 4087 viel,
1726 4026 1769 4086 ost
1792 4024 1851 4084 und
1878 4019 1970 4079 gerne
1998 4019 2019 4079 in
2053 4020 2236 4080 Schnitzler¬

2280 4060 2423 4120 erhörtes
2450 4059 2603 4119 Erlebnis
2631 4055 2677 4115 für
2699 4055 2757 4115 uns
2790 4056 2859 4116 alle.
2880 4054 2933 4114 Die
2954 4054 3071 4114 Arbeit
3087 4050 3145 4110 mit

146 4063 174 4123 .
192 4063 236 4123 Er
260 4065 425 4125 entfernte

471 4067 530 4127 nur
563 4070 627 4130 sehr
655 4066 855 4126 widerwillig
888 4065 936 4125 die
964 4063 1056 4123 Rolle
1089 4063 1137 4123 des
1171 4057 1332 4117 Falkenier

1383 4072 1501 4132 Stücken
1534 4071 1674 4131 gespielt.
1697 4069 1745 4129 Ich
1773 4066 1837 4126 war
1865 4065 1951 4125 sein
1979 4063 2109 4123 erster
2131 4063 2233 4123 Ana¬

2285 4102 2334 4162 ihm
2383 4102 2451 4162 war
2486 4103 2515 4163 so
2550 4099 2707 4159 wertvoll,
2752 4099 2825 4159 man
2884 4096 2991 4156 konnte
3026 4096 3119 4156 seinem

474 4113 696 4173 übernommen
728 4111 821 4171 habe.
847 4110 970 4170 Arthur
992 4108 1162 4168 Schnitzler
1189 4104 1240 4164 hat
1266 4099 1333 4159 mich

1375 4114 1457 4174 tol,
1478 4114 1535 4174 und
1572 4115 1618 4175 die
1650 4111 1831 4171 Gestaltung
1868 4108 1961 4168 dieser
1993 4105 2080 4165 Rolle
2113 4105 2148 4165 ist
2175 4104 2236 4164 mir

146 4115 224 4175 nd,
243 4111 302 4171 mit
328 4112 417 4172 leisen

2284 4146 2402 4206 Wollen
2435 4148 2461 4208 so
2490 4147 2543 4207 gut
2565 4144 2684 4204 folgen,
2706 4145 2755 4205 daß
2788 4143 2836 4203 die
2863 4140 2950 4200 Rolle
2972 4138 2998 4198 in
3032 4140 3123 4200 diesem

1375 4154 1419 4214 ein
1450 4159 1698 4219 unvergeßliches
1729 4153 1896 4213 Erlebnis.
1917 4150 1992 4210 Auch
2023 4150 2048 4210 in
2079 4150 2134 4210 fast
2160 4147 2230 4207 allen

483 4160 554 4220 nach
579 4167 633 4227 und
666 4156 737 4216 nach
770 4153 865 4213 davon
898 4153 1080 4213 überzeuct,
1105 4155 1152 4215 daß
1185 4152 1231 4212 ich
1256 4144 1335 4204 diese

2968 4171 3141 4231 1meiner
