3392 4256
258 262 376 322 12.
427 267 861 327 Schnitzle

941 270 1315 330 sDeath

1542 273 1669 333 box
1743 279 1934 339 42/7

669 741 695 801 I.
708 741 830 801 österr.
843 744 996 804 behördl.
1009 744 1309 804 konzessioniertes

624 783 861 843 Unternehmen
894 783 939 843 für
963 784 1356 844 Zeitungs-Ausschnitte

674 842 828 902 WIEN,
856 845 903 905 I.,
931 846 1221 906 WOLLZEILE
1269 848 1308 908 11

770 897 990 957 TELEPHON
1027 897 1200 957 R-23-0-43

567 1037 794 1097 Ausschnitt
820 1040 893 1100 aus

788 1072 933 1132 sene
957 1063 1202 1123 Volkszeitung

941 1178 1226 1238 ABENDAU
1271 1174 1439 1234 GABE

577 1252 686 1312 vom:

983 1270 1200 1330 22OKI

1760 1332 1839 1392 musß,
1867 1335 1946 1395 wenn
1975 1341 2094 1401 selsche
2123 1343 2282 1403 Konfite
2297 1347 2443 1407 lragsich
2472 1353 2591 1413 enden,
2620 1355 2672 1415 wie
2700 1357 2752 1417 es
2794 1362 2860 1422 mit
2875 1365 2927 1425 den

789 1358 991 1418 Arthur
1035 1365 1323 1425 Schnitzler
1367 1370 1580 1430 .

1737 1380 1967 1440 Hauptfiguren
1997 1383 2095 1443 vieler
2120 1386 2222 1446 Werke
2252 1387 2300 1447 des
2325 1392 2463 1452 Dichters
2493 1395 2541 1455 der
2566 1398 2639 1458 Fall
2664 1401 2712 1461 ist.

767 1422 910 1482 Wien,
932 1425 1139 1485 21Okt.1931.
1155 1428 1218 1488 Der
1245 1431 1372 1491 Wiener
1394 1434 1516 1494 Dichter
1543 1435 1707 1495 Arthur

2043 1438 2136 1498 „Eine
2167 1440 2270 1500 Laube
2297 1441 2374 1501 statt
2400 1443 2451 1503 der
2478 1448 2607 1508 Bühne,

723 1470 942 1530 Schnitzler
976 1470 1010 1530 ist
1035 1473 1127 1533 heute
1157 1476 1249 1536 abend
1284 1479 1454 1539 gestorben,
1498 1482 1624 1542 nachdem

2037 1476 2273 1536 Sommersonne
2301 1482 2375 1542 statt
2398 1482 2449 1542 der
2477 1488 2629 1548 Lampen,

2037 1514 2109 1574 Also
2139 1517 2245 1577 spielen
2281 1520 2338 1580 wir
2363 1523 2499 1583 Theater

727 1513 932 1573 vormittags,
951 1516 1006 1576 von
1034 1517 1120 1577 einem
1162 1522 1376 1582 Spaziergang
1404 1528 1618 1588 heimgekehrt,
1642 1529 1701 1589 eine

2042 1553 2167 1613 Spielen
2206 1556 2308 1616 unsere
2337 1561 2458 1621 eigenen
2497 1562 2618 1622 Stücke,

718 1559 892 1619 Ohnmacht
916 1561 1035 1621 erlitten
1068 1564 1169 1624 hatte,
1211 1568 1266 1628 aus
1312 1568 1363 1628 der
1405 1570 1436 1630 er
1464 1571 1543 1631 nicht
1571 1573 1648 1633 mehr
1677 1575 1704 1635 zu

2032 1588 2110 1648 Früh
2139 1595 2251 1655 gereift
2281 1597 2335 1657 und
2365 1598 2433 1658 zart
2463 1601 2516 1661 und
2545 1605 2687 1665 traurig,

725 1604 820 1664 vollem
885 1608 1081 1668 Bewußtsein
1136 1612 1297 1672 erwachte.
1343 1616 1420 1676 Eine
1453 1619 1703 1679 Gehirnblutung

2032 1626 2093 1686 Die
2122 1634 2274 1694 Komödie
2308 1637 2432 1697 unserer
2465 1640 2570 1700 Seele,

726 1651 780 1711 hat
820 1650 874 1710 dem
914 1654 1007 1714 Leben
1057 1655 1106 1715 des
1155 1657 1214 1717 fast
1239 1666 1510 1726 Siebzigjährigen
1540 1664 1584 1724 ein
1614 1667 1697 1727 jähes

2034 1669 2159 1729 Unseres
2189 1673 2329 1733 Fühlens
2358 1676 2430 1736 heut
2460 1679 2517 1739 und
2547 1683 2677 1743 gestern,

726 1693 814 1753 Ende
844 1697 990 1757 bereitet.

2030 1707 2122 1767 Böser
2153 1711 2255 1771 Dinge
2282 1714 2400 1774 hübsche
2431 1718 2580 1778 Formel,

2031 1746 2141 1806 Glatte
2171 1750 2291 1810 Worte,
2316 1753 2407 1813 bunte
2432 1756 2561 1816 Bilder,

524 1741 588 1801 Das
624 1746 717 1806 Leben
747 1747 841 1807 dieses
871 1750 1029 1810 Dichters,
1050 1753 1099 1813 der
1130 1754 1164 1814 am
1209 1756 1258 1816 15.
1279 1759 1357 1819 Mai
1378 1759 1447 1819 1862
1477 1762 1506 1822 in
1536 1762 1620 1822 Wien
1650 1762 1699 1822 als

2027 1785 2143 1845 Halbes
2175 1789 2348 1849 heimliches
2381 1795 2591 1855 Empfinden,

492 1784 573 1844 Sohn
617 1788 669 1848 des
713 1791 838 1851 Wiener
877 1798 1257 1858 Universitätsprofessors
1286 1802 1348 1862 Dr.
1373 1804 1497 1864 Johann
1532 1807 1690 1867 Schnitzler

2032 1826 2192 1886 Agonien,
2214 1831 2389 1891 Episoden."

490 1828 576 1888 eines
620 1831 648 1891 im
706 1834 850 1894 geistigen
879 1840 1172 1900 Gesellschaftsleben
1221 1846 1422 1906 angesehenen
1457 1851 1625 1911 Mitglieds
1654 1852 1701 1912 der

1762 1868 1824 1928 Mit
1850 1873 1943 1933 diesen
1975 1876 2084 1936 Versen
2115 1882 2364 1942 charakterisierte
2396 1886 2479 1946 Hugo
2510 1888 2562 1948 von
2594 1893 2842 1953 Hofmannsthal
2869 1895 2920 1955 den

490 1875 714 1935 medizinischen
747 1879 910 1939 Fakultät,
948 1882 1074 1942 geboren
1127 1887 1247 1947 wurde,
1285 1888 1402 1948 verlief
1426 1891 1449 1951 in
1487 1892 1534 1952 den
1571 1894 1692 1954 ruhigen

1732 1914 1898 1974 „Anatol“,
1919 1918 2095 1978 Schnitzlers
2125 1923 2193 1983 erste
2219 1926 2434 1986 Dialogfolge,
2455 1929 2508 1989 sein
2543 1932 2626 1992 erstes
2656 1935 2818 1995 beachtetes
2838 1938 2920 1998 Werk

491 1914 621 1974 Bahnen
650 1919 733 1979 einer
757 1922 957 1982 bürgerlichen
990 1926 1161 1986 Laufbahn,
1181 1929 1227 1989 die
1250 1931 1306 1991 erst
1330 1932 1390 1992 nach
1418 1936 1599 1996 Erreichung
1619 1937 1697 1997 einer

1732 1955 1831 2015 Selten
1881 1959 1917 2019 ist
1954 1961 1985 2021 er
2031 1963 2104 2023 über
2132 1965 2185 2025 das
2213 1967 2295 2027 darin
2327 1973 2590 2033 Gekennzeichnete
2623 1980 2931 2040 hinausgekommen:

484 1960 623 2020 gewissen
652 1963 825 2023 Sicherheit
849 1965 988 2025 verlassen
1022 1971 1137 2031 wurde.
1171 1974 1296 2034 Arthur
1320 1977 1493 2037 Schnitzler,
1513 1980 1618 2040 begabt
1643 1981 1700 2041 mit

1735 2001 1892 2061 Illusionen
1926 2006 2127 2066 menschlicher
2151 2011 2351 2071 Gesellschaft,
2371 2015 2418 2075 die
2448 2016 2476 2076 er
2501 2018 2524 2078 in
2558 2019 2610 2079 der
2634 2022 2835 2082 dialektischen
2869 2025 2921 2085 und

484 2001 533 2061 dem
598 2004 741 2064 nüchtern
791 2009 889 2069 klaren
944 2012 1003 2072 und
1052 2016 1176 2076 scharfen
1216 2017 1294 2077 Blick
1340 2021 1482 2081 jüdischer
1513 2025 1704 2085 Geistigkeit,

1721 2044 1935 2104 dramatischen
1968 2051 2205 2111 Zergliederung
2238 2057 2494 2117 desillusioniert.
2532 2060 2597 2120 Das
2649 2064 2681 2124 ist
2728 2067 2778 2127 der
2807 2069 2928 2129 Grund,

488 2045 631 2105 studierte
661 2048 684 2108 in
718 2049 804 2109 Wien
833 2054 990 2114 Medizin,
1010 2058 1215 2118 promovierte
1244 2061 1330 2121 1883,
1350 2066 1545 2126 praktizierte
1574 2067 1598 2127 in
1632 2067 1694 2127 ver¬

1724 2085 1826 2145 warum
1864 2090 1985 2150 Arthur
2009 2092 2172 2152 Schnitzler
2196 2096 2224 2156 im
2262 2099 2355 2159 letzten
2388 2104 2565 2164 Jahrzehnt
2590 2104 2673 2164 mehr
2697 2108 2753 2168 und
2787 2111 2865 2171 mehr
2894 2111 2921 2171 in

489 2090 652 2150 schiedenen
685 2093 824 2153 Kliniken
862 2096 918 2156 und
951 2099 1071 2159 bereiste
1100 2102 1244 2162 England
1277 2103 1332 2163 und
1366 2107 1556 2167 Frankreich,
1585 2111 1617 2171 um
1664 2111 1687 2171 in

1726 2129 1773 2189 den
1807 2132 2012 2192 Hintergrund
2041 2138 2174 2198 getreten
2208 2138 2256 2198 ist:
2280 2141 2313 2201 er
2337 2142 2370 2202 ist
2395 2144 2437 2204 ein
2466 2148 2633 2208 Wegweise
2662 2150 2686 2210 in
2720 2151 2762 2211 die
2791 2153 2925 2213 Zukunft

489 2132 610 2192 London
643 2134 699 2194 und
727 2136 824 2196 Paris
853 2138 899 2198 die
923 2143 1123 2203 hygienischen
1152 2146 1389 2206 Einrichtungen
1422 2151 1445 2211 zu
1473 2153 1646 2213 studieren;
1669 2155 1692 2215 er

1720 2174 1869 2234 gewesen,
1888 2174 1920 2234 er
1944 2177 2008 2237 stieß
2042 2179 2088 2239 nie
2116 2180 2167 2240 von
2195 2184 2395 2244 analytischer
2419 2189 2553 2249 Haltung
2587 2192 2633 2252 zur
2657 2196 2805 2256 Synthese
2834 2197 2921 2257 neuer

484 2174 548 2234 war
572 2176 652 2236 dann
685 2180 825 2240 Assistent
849 2182 942 2242 seines
971 2185 1087 2245 Vaters
1116 2187 1172 2247 und
1201 2189 1270 2249 trat
1294 2192 1392 2252 später
1421 2192 1443 2252 in
1477 2195 1687 2255 militärischen

1721 2216 1988 2276 gesellschaftlicher
2012 2222 2198 2282 Ordnungen
2227 2227 2293 2287 vor,
2313 2228 2341 2288 er
2365 2231 2417 2291 hat
2437 2231 2489 2291 den
2518 2236 2656 2296 Anschluß
2685 2237 2718 2297 an
2747 2239 2794 2299 die
2819 2240 2918 2300 leben¬

482 2219 606 2279 Dienst,
626 2221 678 2281 den
712 2222 740 2282 er
769 2223 831 2283 nach
861 2227 1061 2287 Erscheinung
1095 2231 1191 2291 seiner
1215 2234 1344 2294 Novelle
1373 2237 1550 2297 „Leutnant
1575 2240 1680 2300 Gust!“

1720 2258 1804 2318 digen
1837 2259 1892 2319 und
1916 2264 2083 2324 zeugenden
2117 2267 2223 2327 Kräfte
2247 2270 2293 2330 der
2317 2274 2503 2334 Gegenwart
2532 2277 2605 2337 nicht
2629 2281 2792 2341 gefunden.

486 2261 570 2321 einer
598 2263 681 2323 leicht
710 2268 867 2328 ironischen
901 2270 1058 2330 Parallele
1091 2275 1114 2335 zu
1147 2275 1198 2335 der
1226 2277 1337 2337 ernsten
1370 2280 1575 2340 Behandlung
1603 2284 1672 2344 lang

1755 2300 1820 2360 Vor
1843 2305 1942 2365 etwas
1975 2305 2054 2365 mehr
2083 2308 2129 2368 als
2158 2311 2223 2371 zehn
2257 2312 2369 2372 Jahren
2402 2317 2481 2377 stand
2515 2319 2632 2379 Arthur
2660 2322 2824 2382 Schnitzler
2853 2324 2918 2384 noch

482 2304 596 2364 samen,
621 2308 773 2368 wissenden
808 2312 1027 2372 Hinschreitens
1057 2317 1109 2377 zum
1148 2317 1229 2377 Tode
1253 2320 1281 2380 in
1316 2323 1502 2383 „Sterben“,
1522 2326 1684 2386 quittieren

1726 2346 1844 2406 einmal
1864 2347 1887 2407 im
1931 2350 2136 2410 Mittelpunkt
2160 2354 2208 2414 der
2232 2359 2428 2419 literarischen
2457 2361 2604 2421 Debatte,
2624 2366 2667 2426 als
2696 2368 2819 2428 nämlich
2849 2368 2915 2428 1920

478 2346 592 2406 mußte,
620 2350 652 2410 um
698 2352 743 2412 sich
771 2353 927 2413 nunmehr
955 2358 1032 2418 ganz
1056 2359 1105 2419 der
1133 2361 1298 2421 Literatur
1326 2365 1353 2425 zu
1391 2365 1536 2425 widmen.

1720 2389 1769 2449 der
1797 2391 1869 2451 schon
1906 2393 1960 2453 vor
1992 2395 2037 2455 der
2069 2399 2391 2459 Jahrhundertwende
2424 2407 2618 2467 entstandene
2651 2412 2823 2472 „Reigen“,
2846 2413 2909 2473 zehn

508 2389 565 2449 Die
595 2393 745 2453 Dichtung
779 2398 899 2458 Arthur
934 2401 1132 2461 Schnitzlers,
1156 2406 1311 2466 wurzelnd
1350 2407 1374 2467 in
1408 2408 1457 2468 den
1496 2412 1679 2472 Erlebnissen

1723 2433 1836 2493 Szenen
1868 2436 1922 2496 mit
1945 2437 2048 2497 betont
2076 2441 2225 2501 erotischem
2266 2447 2470 2507 Grundmotiv
2498 2451 2678 2511 entfesselte.
2701 2454 2773 2514 Was
2805 2454 2918 2514 grund¬

482 2435 739 2495 naturalistischer
764 2439 864 2499 Kunst
888 2443 945 2503 und
974 2443 998 2503 in
1027 2444 1108 2504 ihrer
1137 2448 1256 2508 eigenen
1285 2452 1576 2512 Erscheinungsform
1620 2455 1686 2515 mit¬

473 2478 623 2538 bestimmt
647 2479 728 2539 durch
756 2481 806 2541 des
834 2484 865 2544 an
898 2485 1099 2545 Lebensalter
1127 2489 1272 2549 jüngeren
1301 2493 1387 2553 Hugo
1415 2493 1465 2553 von
1497 2497 1684 2557 Hofmanns¬

1724 2476 1823 2536 sätzlich
1848 2480 1933 2540 gegen
1958 2481 2005 2541 den
2034 2484 2187 2544 „Reigen“
2211 2487 2234 2547 zu
2263 2490 2340 2550 sagen
2369 2490 2402 2550 ist
2421 2492 2473 2552 und
2503 2493 2545 2553 oft
2565 2495 2660 2555 genug
2684 2498 2784 2558 gesagt
2804 2498 2918 2558 wurde,

474 2518 545 2578 thal
570 2523 732 2583 suggestive
757 2525 833 2585 Art,
852 2526 885 2586 ist
910 2528 1044 2588 genährt
1068 2532 1120 2592 aus
1149 2533 1202 2593 den
1231 2538 1369 2598 geistigen
1399 2539 1604 2599 Quellkräften
1638 2541 1686 2601 der

1719 2523 1755 2583 ist
1775 2523 1797 2583 in
1826 2526 2063 2586 entsprechender
2087 2528 2207 2588 Schärfe
2231 2531 2281 2591 von
2310 2532 2356 2592 den
2385 2534 2496 2594 meisten
2524 2538 2617 2598 seiner
2641 2542 2743 2602 Werke
2762 2546 2789 2606 zu
2818 2547 2896 2607 sagen

474 2562 599 2622 Wiener
628 2568 820 2628 Gesellschaft
848 2568 899 2628 der
923 2569 993 2629 80er
1022 2574 1077 2634 und
1110 2574 1176 2634 90er
1204 2577 1320 2637 Jahre,
1345 2580 1405 2640 mit
1429 2581 1518 2641 denen
1551 2583 1578 2643 er
1607 2586 1681 2646 schon

1721 2565 1782 2625 Das
1811 2568 2059 2628 Geschlechtliche,
2079 2572 2150 2632 diese
2174 2577 2489 2637 Ehebruchsdramen,
2509 2582 2580 2642 diese
2609 2586 2743 2646 Untreue
2772 2589 2824 2649 und
2858 2589 2910 2649 Ge¬

476 2601 499 2661 in
533 2607 628 2667 seinem
668 2611 864 2671 Vaterhause
889 2613 912 2673 in
942 2615 1037 2675 engste
1062 2619 1249 2679 Berührung
1278 2622 1355 2682 kam.
1389 2623 1474 2683 Wien
1508 2627 1542 2687 ist
1566 2628 1595 2688 in
1624 2630 1671 2690 ihm

1722 2611 1937 2671 fühlswirrnis
1963 2614 1998 2674 ist
2018 2616 2109 2676 nicht,
2129 2617 2179 2677 wie
2205 2619 2235 2679 es
2260 2622 2305 2682 bei
2326 2622 2486 2682 Schnitzler
2507 2628 2663 2688 erscheint,
2678 2631 2743 2691 die
2769 2634 2864 2694 Welt,
2880 2632 2909 2692 es

471 2651 700 2711 repräsentativ
734 2654 778 2714 leb
797 2657 892 2717 ndig,
917 2658 1041 2718 Wiener
1070 2663 1267 2723 Leichtigkeit
1296 2665 1353 2725 und
1382 2667 1511 2727 Wiener
1541 2672 1684 2732 Spritzig¬

1718 2655 1751 2715 ist
1775 2655 1880 2715 immer
1909 2658 1946 2718 ein
1980 2660 2152 2720 einseitiger
2177 2664 2295 2724 Aspekt.
2321 2665 2358 2725 In
2397 2669 2506 2729 tiefere
2540 2671 2660 2731 Bezirke
2694 2675 2788 2735 suchen
2832 2678 2908 2738 „Der

479 2691 547 2751 keit,
567 2694 689 2754 Wiener
719 2696 851 2756 Charme
876 2699 930 2759 und
960 2701 1082 2761 Wiener
1107 2705 1318 2765 Musikalität.
1357 2711 1528 2771 Wesentlich
1559 2714 1592 2774 ist
1612 2716 1676 2776 auch

1715 2698 1850 2758 Schleier
1883 2702 1933 2762 der
1971 2702 2147 2762 Beatrice“,
2175 2706 2217 2766 ein
2259 2711 2583 2771 Renaissancedrama,
2617 2717 2672 2777 und
2709 2720 2793 2780 „Der
2816 2720 2904 2780 junge

474 2737 526 2797 sein
560 2738 665 2798 Beruf
691 2740 738 2800 als
772 2741 863 2801 Arzt,
883 2741 935 2801 den
969 2743 998 2803 er
1027 2747 1094 2807 nach
1124 2749 1219 2809 seiner
1248 2753 1416 2813 psychischen
1450 2755 1542 2815 Seite
1571 2759 1618 2819 hin
1653 2761 1676 2821 in

1712 2741 1921 2801 Medardus“,
1945 2746 1986 2806 ein
2015 2746 2103 2806 Stück
2127 2748 2182 2808 aus
2215 2751 2261 2811 den
2294 2754 2391 2814 Tagen
2425 2756 2475 2816 der
2504 2760 2652 2820 Besetzung
2685 2762 2792 2822 Wiens
2820 2765 2903 2825 durch

1715 2786 1870 2846 Napoleon
1903 2789 1939 2849 I.,
1958 2791 2191 2851 einzudringen.

474 2780 611 2840 spezifisch
646 2783 787 2843 jüdischer
822 2786 900 2846 Form
945 2789 1117 2849 ausprägt.
1151 2791 1195 2851 Er
1225 2792 1259 2852 ist
1289 2794 1332 2854 ein
1372 2798 1587 2858 einfühlsamer
1622 2802 1675 2862 und

469 2822 568 2882 feiner
618 2827 803 2887 Beobachter
849 2830 1052 2890 menschlichen
1103 2835 1347 2895 Seelenlebens.
1406 2843 1673 2903 Außerordentlich

1754 2829 1843 2889 Wenn
1879 2833 1944 2893 man
1980 2834 2029 2894 von
2065 2837 2241 2897 Schnitzler,
2266 2839 2291 2899 in
2322 2842 2412 2902 dessen
2447 2848 2582 2908 Schaffen
2618 2849 2673 2909 das
2699 2852 2904 2912 Dramatische

468 2865 597 2925 treffend
626 2869 866 2929 charakterisiert
886 2872 1049 2932 Johannes
1078 2877 1275 2937 Mumbauer
1305 2879 1328 2939 in
1362 2882 1453 2942 seiner
1477 2886 1592 2946 kürzlich
1621 2888 1678 2948 mit

1706 2872 1752 2932 den
1786 2875 1935 2935 breitesten
1969 2877 2057 2937 Raum
2100 2882 2277 2942 einnimmt,
2296 2885 2394 2945 gesagt
2418 2890 2488 2950 hat,
2507 2890 2582 2950 seine
2610 2893 2713 2953 Stücke
2737 2896 2807 2956 seien
2835 2897 2905 2957 dia¬

461 2908 545 2968 ihrem
592 2910 680 2970 ersten
714 2913 807 2973 Band
840 2917 1041 2977 erschienenen
1079 2923 1392 2983 Literaturgeschichte
1425 2929 1518 2989 („Die
1547 2931 1673 2991 deutsche

1713 2920 1860 2980 logisierte
1890 2921 2057 2981 Novellen,
2082 2926 2105 2986 so
2134 2926 2239 2986 spricht
2264 2929 2306 2989 sich
2335 2929 2421 2989 darin
2455 2932 2502 2992 die
2532 2937 2608 2997 nicht
2637 2938 2665 2998 zu
2699 2941 2905 3001 verkennende

468 2953 619 3013 Dichtung
649 2956 698 3016 der
723 2956 854 3016 neuesten
889 2959 982 3019 Zeit.“
1026 2962 1139 3022 Herder
1169 2964 1197 3024 u.
1218 2966 1290 3026 Co.,
1306 2969 1472 3029 Freiburg)
1502 2974 1555 3034 das
1570 2974 1667 3034 Wesen

1711 2963 1901 3023 Anschauung
1935 2966 2006 3026 aus,
2026 2968 2078 3028 daß
2107 2968 2159 3028 der
2184 2971 2298 3031 Dichter
2327 2974 2351 3034 in
2385 2975 2475 3035 seinem
2518 2980 2628 3040 tiefsten
2662 2983 2761 3043 Wesen
2791 2985 2900 3045 Epiker

468 2995 585 3055 Arthur
620 2998 821 3058 Schnitzlers:
856 3002 929 3062 „Die
964 3004 1111 3064 gelassene
1141 3008 1312 3068 Heiterkeit
1342 3012 1396 3072 des
1426 3016 1666 3076 österreichischen

1708 3007 1784 3067 war.
1808 3010 1870 3070 Und
1904 3011 2086 3071 tatsächlich:
2111 3013 2139 3073 er
2168 3016 2239 3076 weiß
2274 3018 2436 3078 vorzüglich
2471 3022 2494 3082 zu
2528 3025 2686 3085 erzählen,
2706 3028 2763 3088 mit
2787 3028 2902 3088 psycho¬

463 3040 753 3100 Menschenschlages
783 3046 891 3106 machte
916 3046 960 3106 ihn
990 3048 1039 3108 zum
1078 3052 1300 3112 feinfühligsten
1325 3055 1492 3115 Aufspürer
1517 3060 1678 3120 subtilster,

1709 3052 1844 3112 logischer
1882 3055 2053 3115 Spannung
2095 3057 2151 3117 und
2193 3059 2248 3119 mit
2281 3060 2328 3120 der
2366 3063 2551 3123 charmanten
2594 3072 2770 3132 Flüssigkeit
2803 3072 2900 3132 seiner

464 3083 725 3143 eindrucksmäßig
777 3087 837 3147 und
889 3089 1037 3149 tändelnd
1084 3094 1261 3154 genossener
1308 3099 1578 3159 Seelenregungen
1630 3105 1676 3165 oft

1710 3096 1925 3156 Heimatstadt.
1945 3099 2044 3159 Neben
2083 3100 2164 3160 einem
2213 3105 2327 3165 Roman
2366 3108 2447 3168 „Der
2481 3109 2552 3169 Weg
2582 3111 2634 3171 ins
2668 3114 2792 3174 Freie“,
2816 3117 2902 3177 einer

459 3124 637 3184 anormaler
683 3127 760 3187 Art,
797 3129 846 3189 die
893 3131 997 3191 weiche
1025 3135 1148 3195 Wiener
1176 3138 1253 3198 Luft
1295 3140 1404 3200 machte
1432 3143 1477 3203 ihn
1514 3145 1559 3205 zum
1600 3147 1673 3207 aus¬

1708 3141 1864 3201 fesselnden
1894 3141 2089 3201 Schilderung
2125 3145 2247 3205 Wiener
2272 3150 2384 3210 Lebens
2419 3153 2447 3213 um
2492 3155 2580 3215 1900,
2600 3158 2722 3218 äußerte
2747 3162 2791 3222 sich
2821 3162 2893 3222 diese

467 3169 672 3229 geprägtesten
696 3171 830 3231 Erotiker
854 3173 905 3233 des
924 3177 1231 3237 Impressionismus,
1250 3183 1301 3243 der
1325 3183 1399 3243 allen
1432 3188 1674 3248 Abschattierun¬

1707 3184 1870 3244 Begabung
1903 3186 1930 3246 in
1962 3187 2058 3247 vielen
2090 3189 2249 3249 Novellen.

458 3212 509 3272 gen
537 3212 593 3272 und
622 3215 866 3275 Verkleidungen
895 3219 946 3279 des
974 3222 1073 3282 Sexus
1097 3222 1157 3282 mit
1176 3225 1331 3285 Inbrunst
1355 3229 1524 3289 nachgeht.“
1562 3233 1674 3293 Damit

1737 3228 1813 3288 Eine
1842 3231 1914 3291 hohe
1944 3234 2106 3294 Begabung
2141 3237 2174 3297 ist
2198 3237 2231 3297 an
2266 3237 2313 3297 der
2343 3238 2429 3298 engen
2468 3240 2525 3300 und
2554 3243 2707 3303 morbiden
2742 3248 2895 3308 Wirklich¬

463 3254 553 3314 stehen
587 3254 640 3314 wir
664 3257 692 3317 im
731 3259 913 3319 Kernpunkt
937 3262 1047 3322 dessen,
1067 3266 1129 3326 was
1158 3268 1187 3328 zu
1216 3269 1393 3329 Schnitzlers
1422 3272 1570 3332 Dichtung
1599 3276 1671 3336 wer¬

1700 3272 1757 3332 keit
1791 3272 1886 3332 seiner
1920 3275 1987 3335 Zeit
2021 3275 2078 3335 und
2112 3278 2198 3338 ihrer
2228 3282 2424 3342 bedenklichen
2467 3288 2683 3348 Kunsttheorie
2717 3294 2879 3354 zerbrochen

463 3296 527 3356 tend
562 3298 586 3358 zu
616 3302 704 3362 sagen
734 3302 783 3362 ist.
823 3303 886 3363 Bei
912 3305 985 3365 aller
1011 3308 1158 3368 Feinheit
1183 3312 1424 3372 psychologischer
1455 3318 1601 3378 Analyse,
1622 3321 1670 3381 bei

1700 3317 1862 3377 Vielleicht
1892 3320 2031 3380 empfand
2069 3323 2232 3383 Schnitzler
2261 3325 2318 3385 das
2353 3329 2544 3389 gelegentlich
2582 3335 2683 3395 selbst,
2712 3338 2889 3398 wenigstens

460 3338 534 3398 aller
567 3343 847 3403 Eindringlichkeit
881 3347 927 3407 der
965 3353 1329 3413 Menschenbeobachtung
1372 3359 1423 3419 und
1461 3362 1671 3422 =darstellung,

1702 3362 1802 3422 schrieb
1836 3362 1864 3422 er
1893 3362 1917 3422 im
1965 3365 2089 3425 „jungen
2123 3367 2309 3427 Medardus“
2343 3371 2463 3431 einmal
2487 3376 2607 3436 Worte,
2631 3377 2674 3437 die
2708 3382 2760 3442 sein
2794 3383 2889 3443 Leben

462 3380 513 3440 bei
551 3383 630 3443 aller
654 3388 850 3448 Schlagkraft
892 3390 948 3450 und
995 3392 1069 3452 allem
1112 3398 1327 3458 Geistreichtum
1388 3401 1434 3461 des
1463 3406 1612 3466 Dialoges
1640 3407 1663 3467 in

1701 3404 1756 3464 und
1780 3405 1868 3465 Werk
1888 3408 2060 3468 schlagartig
2084 3410 2233 3470 erhellen:
2252 3413 2346 3473 „Man
2374 3416 2481 3476 könnte
2505 3419 2584 3479 einer
2608 3423 2710 3483 Krone
2734 3428 2892 3488 entgegen¬

460 3425 555 3485 seinen
580 3428 733 3488 Dramen,
753 3431 800 3491 bei
825 3434 896 3494 aller
921 3437 1108 3497 sprachlichen
1137 3441 1300 3501 Schönheit
1324 3442 1381 3502 und
1406 3445 1492 3505 Reife
1521 3447 1544 3507 in
1569 3449 1655 3509 seinen

1696 3449 1854 3509 träumen,
1873 3451 1895 3511 ja
1922 3451 1983 3511 man
2015 3451 2121 3511 könnte
2144 3454 2178 3514 sie
2201 3455 2343 3515 errungen
2374 3457 2462 3517 haben
2494 3462 2547 3522 und
2574 3463 2605 3523 an
2636 3466 2715 3526 einem
2756 3469 2884 3529 späteren

464 3467 608 3527 Novellen
641 3472 673 3532 ist
692 3474 855 3534 Schnitzler
879 3476 924 3536 als
953 3480 1069 3540 Dichter
1092 3479 1152 3539 doch
1185 3482 1241 3542 nur
1265 3486 1427 3546 Exponent
1451 3487 1529 3547 einer
1553 3492 1650 3552 Gesell

1697 3491 1780 3551 Tage
1809 3496 1972 3556 entdecken,
1996 3496 2046 3556 daß
2080 3497 2126 3557 der
2159 3499 2266 3559 reichste
2299 3502 2481 3562 Augenblick
2505 3506 2556 3566 von
2594 3509 2668 3569 allen
2706 3511 2785 3571 einer
2818 3515 2897 3575 war,

461 3511 566 3571 schaft,
581 3511 623 3571 die
648 3514 676 3574 er
701 3514 710 3574 —
753 3516 858 3576 ebenso
882 3520 939 3580 wie
964 3522 1064 3582 Frank
1084 3524 1246 3584 Wedekind
1271 3527 1280 3587 —
1328 3529 1352 3589 in
1376 3529 1457 3589 ihrer
1477 3533 1668 3593 Morbidität

1699 3535 1730 3595 da
1762 3538 1825 3598 man
1857 3540 1884 3600 in
1916 3541 1997 3601 einem
2043 3544 2319 3604 Frühlingsgarten
2351 3547 2414 3607 nach
2442 3552 2718 3612 Schmetterlingen
2750 3558 2872 3618 haschte.

453 3554 606 3614 enthüllt,
631 3556 674 3616 die
704 3559 866 3619 tatsächlich
901 3565 992 3625 nichts
1026 3567 1156 3627 anderes
1185 3569 1276 3629 kennt
1306 3572 1353 3632 als
1388 3575 1575 3635 „Liebelei“,

1695 3577 1739 3637 Er
1764 3581 1817 3641 gab
1847 3584 1886 3644 sich
1915 3584 1964 3644 der
1989 3586 2115 3646 Illusion
2145 3587 2194 3647 der
2219 3589 2409 3649 trügerischen
2439 3596 2639 3656 Wirklichkeit
2659 3601 2727 3661 hin,
2742 3601 2815 3661 statt
2840 3604 2884 3664 die

455 3598 548 3658 darum
598 3604 827 3664 hemmungslos
862 3607 887 3667 in
922 3610 1117 3670 Resignation
1157 3614 1215 3674 und
1245 3619 1471 3679 Verzweiflung
1506 3623 1648 3683 verfallen
1697 3629 1898 3689 Wirklichkeit
1923 3630 1972 3690 der
1997 3634 2188 3694 dichterischen
2223 3634 2350 3694 Illusion
2380 3637 2409 3697 zu
2439 3641 2576 3701 schaffen.

2678 3642 2739 3702 Dr.
2752 3644 2801 3704 Hz.
2814 3646 2858 3706 St.
