3392 4320
1565 86 1717 146 .

2495 106 2576 166 e
2907 101 2917 161 e
2966 101 3011 161 .

723 107 959 167 mackt

1922 129 2026 189 ei
2062 126 2221 186 ran
2250 109 2305 169 dem
2341 109 2375 169 or

1294 130 1419 190 tisches
1449 130 1555 190 Welk,
1580 130 1638 190 das
1663 130 1696 190 er

2177 148 2222 208 ter
2252 150 2277 210 in
2310 151 2360 211 die
2394 148 2547 208 Maschine
2581 146 2743 206 diktierte.
2769 145 2793 205 In
2831 145 2935 205 seinom
2977 145 3022 205 Ar

1901 168 1956 228 der
1999 171 2141 231 Sommer

1300 172 1378 232 gab,
1418 172 1478 232 war
1522 171 1701 231 bekanntie

416 183 741 243 wedlorsprurhaevollen
803 180 1120 240 Vorschrünkungen,
1165 178 1252 238 Rück

2177 192 2397 252 beitszimmer,
2427 189 2484 249 das
2518 190 2551 250 an
2589 186 2643 246 des
2676 186 2817 246 Dichters
2851 186 3021 246 Sehlafziui

1878 213 2013 273 sthenter
2045 213 2134 273 aufge

1301 213 1414 273 lfte“,
1435 215 1489 275 das
1519 211 1544 271 im
1591 215 1745 275 Dotsche

411 228 625 288 bezichungen
687 225 739 285 und
800 222 987 282 Polaritäten
1057 222 1263 282 aukzuspüren

2177 236 2239 296 mer
2264 234 2410 294 grenzte,
2431 233 2539 293 befand
2572 231 2630 291 sich
2668 229 2709 289 ein
2743 229 2855 289 großer
2880 225 3013 285 Schrank

1297 260 1388 320 ft
1440 255 1559 315 wude,
1623 255 1765 315 während

1932 257 2025 317 Cang
2084 257 2137 317 7um

411 271 503 331 deren
541 268 843 328 w'esenschaftlicho
877 264 1077 324 Entdeckung
1136 264 1199 324 sich
1237 264 1270 324 ar

2173 279 2229 339 den
2264 276 2358 336 Artur
2380 277 2552 337 Schnitzler
2574 273 2625 333 für
2647 273 2729 333 seino
2755 271 2961 331 Manuskripte
2988 268 3022 328 an

1841 300 1958 360 hitale
1996 298 2140 358 Premlere

1305 302 1461 362 Weiher",
1479 303 1522 363 die
1549 299 1639 359 letzta
1670 300 1769 360 Wiene

411 312 467 372 den
502 314 614 374 Namen
653 312 816 372 Siegmund
856 307 972 367 Freuds
998 309 1127 369 knüpft.
1154 309 1192 369 Er
1223 308 1274 368 hat

2173 318 2306 378 fertigen
2348 318 2423 378 ließ.
2458 314 2516 374 Der
2554 316 2687 376 Schrank
2733 315 2784 375 hat
2826 314 2892 374 eine
2930 310 3022 370 grobe

1937 342 2014 402 ans
2067 342 2136 402 eine

1818 342 1880 402 an

1340 345 1432 405 im
1497 342 1705 402 Burgtheater

416 354 531 414 bereits
553 356 587 416 zu
613 354 694 414 einer
720 355 797 415 Zeit,
819 354 858 414 wo
884 352 969 412 diere
995 353 1107 413 Lehren
1137 351 1222 411 nochi
1240 349 1274 409 hi.

2175 363 2294 423 Anzahl
2325 363 2380 423 von
2419 363 2521 423 Laden
2556 360 2611 420 und

1337 383 1811 443 nprile
1876 381 1939 441 des
2009 385 2156 445 Dichtors

407 397 537 457 Werden
581 398 728 458 begriffen
768 396 885 456 waren,
934 398 985 458 die
1021 392 1277 452 Psychoanalyse

2213 416 2239 476 in
2269 414 2355 474 jeder
2382 413 2463 473 Lade
2494 410 2536 470 ist
2563 410 2605 470 ein
2640 410 2834 470 Manuskript
2860 407 2984 467 Schnitz

1345 429 1471 489 nmte.

408 443 656 503 dramatisiert.

2458 453 2519 513 lers
2544 452 2762 512 aufbewahrt.

1346 472 1450 532 Seinon
1483 471 1578 531 Plan,
1602 472 1761 532 „Fräulein
1806 472 1888 532 Else"
1939 469 1971 529 zu
2012 473 2162 533 dramati-

451 485 512 545 Und
541 485 573 545 er
598 485 651 545 hat
680 484 700 544 in
734 482 835 542 soinen
865 482 1020 542 Romanen
1053 480 1107 540 und
1136 481 1270 541 Theater

2209 509 2229 569 In
2258 506 2357 566 vielen
2386 505 2489 565 Fällen
2518 503 2571 563 hat
2592 503 2769 563 Schnitzler
2795 503 2868 563 auch
2898 503 2943 563 die
2972 502 3025 562 ver

408 530 537 590 stücken
562 527 612 587 das
638 527 716 587 Wien
742 527 796 587 des
817 527 862 587 Fin
888 526 921 586 de
946 526 1034 586 siscle
1059 522 1418 582 eingefangen!sieren,
1439 514 1493 574 der
1514 514 1560 574 ihm
1602 512 1660 572 von
1689 514 1843 574 nhieten
1877 514 1998 574 Seiten,
2019 514 2144 574 nament

2185 551 2362 611 schiedenen
2391 548 2564 608 Fassungen
2593 547 2694 607 seiner
2719 545 2820 605 Werke
2849 548 3042 608 gesammelt.

406 572 458 632 und
494 574 542 634 für
570 572 693 632 spätere
720 569 942 629 Geschlechter
964 567 1181 627 konserviert;
1204 567 1265 627 eine
1297 562 1358 622 lich
1412 559 1470 619 von
1519 557 1669 617 Elisabeth
1718 557 1873 617 Berguer,
1909 555 1957 615 die
2002 554 2050 614 die
2086 554 2139 614 Lls

411 617 508 677 ganze
539 613 631 673 Stadt
654 613 715 673 mit
742 611 825 671 ihrer
852 610 1027 670 einmaligen
1068 610 1195 670 Kultur,
1217 610 1274 670 mit
1301 604 1420 664 spielen
1455 598 1569 658 wollte,
1592 598 1777 658 nahegelegt
1804 598 1922 658 wurde,
1945 598 1997 658 hat
2020 597 2160 657 Schnitz-
2178 594 2292 654 Einige
2319 592 2530 652 Manuskripte
2553 589 2689 649 befinden
2711 586 2772 646 sich
2799 586 2821 646 im
2861 588 2957 648 Besitz
2984 589 3037 649 von

2179 637 2356 697 Freunden,
2381 634 2473 694 denen
2506 634 2550 694 sie
2579 633 2749 693 Schnitzler
2777 631 2830 691 zum
2875 631 3032 691 Geschenk

1302 645 1349 705 lei
1380 643 1508 703 niemals
1540 642 1780 702 durehgeführt.
1832 644 1866 704 Er
1901 642 1961 702 war
1992 640 2159 700 überhaupt

408 655 465 715 dem
510 656 563 716 von
597 658 641 718 ihr
667 658 834 718 genährten
868 657 921 717 und
954 652 1172 712 entwickelten
1205 652 1266 712 Men

2430 674 2490 734 itzt
2514 676 2675 736 Stefan
2704 673 2870 733 Zwelg,
2889 674 2944 734 dor
2968 673 3037 733 eine

1306 687 1354 747 ein
1389 685 1512 745 Gegner
1548 684 1605 744 von
1645 684 1948 744 „Bearbeitungen“.
1993 685 2032 745 Er
2068 682 2151 742 stand
2191 681 2327 741 machte.
2345 676 2380 736 So

406 700 633 760 schenschlag,
653 700 708 760 wie
737 698 768 758 er
796 700 856 760 sich
888 699 911 759 in
948 697 1031 757 einem
1079 695 1274 755 bestimmter

2470 724 2500 784 ng
2553 716 2614 776 von
2666 718 2901 778 Manuskripten
2981 718 3046 778 hat,

1303 730 1364 790 auf
1386 730 1443 790 dom
1483 730 1698 790 Standpunkt,
1739 728 1795 788 daß
1831 728 1892 788 cine
1928 726 2051 786 Novelle
2086 724 2156 784 oder
2183 724 2280 784 grobe
2333 720 2372 780 S.

412 745 582 805 Zeitpunkt
604 745 658 805 der
685 742 770 802 Reife
798 741 851 801 und
882 739 1039 799 Überreife
1071 739 1227 799 auslobte,
1246 741 1268 801 is

1306 774 1354 834 ein
1403 772 1513 832 Roman
1558 772 1734 832 unbedingt
1770 772 1840 832 jene
1885 772 1959 832 Form
2017 768 2154 828 behalten
2190 766 2384 826 Schnitzlers
2416 765 2494 825 „Der
2526 764 2583 824 Ruf
2637 763 2689 823 des
2743 761 2897 821 Lebens“.
2942 760 3047 820 Dieses

416 789 441 849 in
468 789 559 849 ihnen
590 789 733 849 klingend
769 789 821 849 und
852 784 1013 844 leuchtend
1048 783 1231 843 geworden.

1296 816 1420 876 müsse,
1442 815 1467 875 in
1498 814 1548 874 der
1570 813 1626 873 das
1656 816 1742 876 Werk
1772 815 1947 875 geschaffen
1978 813 2093 873 wurde.
2115 813 2148 873 So
2184 813 2295 873 Drama
2325 811 2376 871 hat
2398 810 2569 870 Schnitzler
2591 807 2668 867 jetzt
2685 806 2732 866 für
2754 804 2817 864 eine
2844 804 3036 864 Vortellung

417 890 489 950 Rein
518 885 821 945 Huuerblümchen
852 882 902 942 ist
917 880 974 940 bel
996 882 1061 942 mir
1083 882 1111 942 zu
1141 879 1249 939 senen

648 917 702 977 Fast
719 915 899 975 unglaublich,
915 910 941 970 es
961 912 1041 972 haben
1064 912 1115 972 sich
1135 912 1173 972 fûr
1189 912 1282 972 meinen

639 944 764 1004 Tanzkura
796 944 866 1004 mehr
894 942 988 1002 Herren
1020 942 1058 1002 als
1086 939 1180 999 Damen
1204 940 1278 1000 einge

1953 957 2020 1017 Ro
2114 962 2237 1022 fr

648 975 758 1035 funden.
791 972 872 1032 Einige
908 969 1001 1029 Tänzer
1037 971 1086 1031 sind
1126 968 1190 1028 ohne
1222 968 1289 1028 Part¬

635 1001 777 1061 nerinnen.
794 1000 912 1060 Kommen
936 998 976 1058 Sie
996 998 1057 1058 bitte
1077 998 1158 1058 melne
1182 998 1290 1058 Damen.

647 1033 697 1093 Der
710 1031 769 1091 Kurs
786 1031 846 1091 daue
863 1029 872 1089 t
882 1028 892 1088 8
909 1028 1008 1088 Monnte
1025 1031 1150 1091 (zwelmal
1160 1028 1289 1088 wöchent-

1651 1037 1889 1097 Aebunhe
1938 1033 2061 1093 rde
2100 1028 2223 1088 Ade

653 1060 719 1120 lich)
741 1060 787 1120 und
819 1058 901 1118 kostet
923 1058 984 1118 doch
1005 1057 1052 1117 nur
1073 1054 1083 1114 S
1104 1048 1182 1108 20*—,
1208 1055 1290 1115 Tanz¬

644 1091 733 1151 schule
762 1091 904 1151 „ELITE“,
921 1089 1162 1149 Mariuhilferstraße
1183 1085 1207 1145 53
1228 1084 1288 1144 (vis¬

1892 1085 2109 1145 ene
2153 1083 2196 1143 1.
2241 1085 2261 1145 G

1074 1118 1128 1178 Tel.
1147 1118 1155 1178 B
1183 1118 1291 1178 22-1-75.

651 1121 724 1181 A-vis
747 1123 902 1183 Gerngrot).

1577 1171 1752 1231 Buner
1812 1179 1953 1239 Ak
2001 1176 2105 1236 uett
2166 1177 2459 1237 Outunde

455 1212 538 1272 »Er
580 1212 739 1272 spielte
790 1211 823 1271 in
873 1210 1039 1270 meinem
1103 1207 1241 1267 Leben

455 1282 551 1342 eine
593 1278 937 1338 entscheidende
979 1277 1234 1337 Rolle..,

1585 1317 1838 1377 egt
1890 1318 1949 1378 de
2083 1318 2173 1378 us
2295 1318 2314 1378 d
2408 1318 2457 1378 fa

667 1330 728 1390 Von
754 1334 878 1394 Gustav
909 1330 1058 1390 Waldau.

460 1390 537 1450 Der
574 1388 692 1448 Vrsch
734 1391 785 1451 und
832 1387 956 1447 Dichter
993 1388 1085 1448 Artur
1117 1390 1297 1450 Schnitzler

1569 1390 2080 1450 anntt,
2438 1398 2794 1458 es

429 1434 538 1494 splelte
565 1434 591 1494 in
623 1433 706 1493 einer
729 1431 985 1491 entscheidenden
1021 1431 1144 1491 Periode
1175 1431 1290 1491 meinen

1609 1460 1693 1520 O.
1737 1463 1917 1523 Sests
1961 1464 2045 1524 ute
2089 1463 2130 1523 de
2153 1460 2280 1520 fude
2302 1461 2418 1521 Dn
2494 1468 2642 1528 Arkat

423 1476 536 1536 Lebens
565 1477 626 1537 eine
650 1476 745 1536 große
769 1476 872 1536 Roile.
887 1473 1062 1533 Schnitzler
1086 1473 1143 1533 war
1162 1473 1214 1533 es,
1233 1474 1299 1534 der,

426 1521 563 1581 nachdem
606 1521 636 1581 er
667 1519 740 1579 mich
771 1518 796 1578 in
826 1518 972 1578 München
1003 1518 1119 1578 spielen
1154 1518 1287 1578 gesehen

1630 1533 1737 1593 Veg
1812 1538 1834 1598 e
1909 1536 2004 1596 wene
2030 1538 2198 1598 dunss
2308 1535 2331 1595 C
2381 1536 2525 1596 kue
2551 1539 2646 1599 an

419 1564 488 1624 hat,
511 1564 566 1624 den
599 1566 773 1626 damaligen
805 1561 1154 1621 Burgtheaterdirektor
1182 1563 1288 1623 Alfred

429 1607 483 1667 von
516 1607 685 1667 Berger
722 1606 919 1666 veranlaßte,
943 1605 1020 1665 mich
1076 1605 1102 1665 im
1167 1606 1299 1666 Birg-

1815 1608 2127 1668 ednt
2220 1602 2624 1662 Gcde

419 1652 606 1712 theater
629 1650 784 1710 gastieren
817 1649 844 1709 zu
872 1649 990 1709 lassen.
1009 1649 1150 1709 Obgleich
1183 1649 1214 1709 es
1237 1649 1296 1709 da¬

1982 1684 2397 1744 Aubelirrr2

419 1695 505 1755 mals
533 1697 564 1757 zu
601 1696 705 1756 keinem
751 1695 969 1755 Engagement
992 1694 1078 1754 kam,
1101 1692 1164 1752 war
1192 1694 1292 1754 dieses

419 1742 584 1802 Gastspiel
607 1740 682 1800 doch
714 1739 763 1799 für
790 1738 884 1798 meine
916 1736 1036 1796 weitere
1072 1736 1286 1796 Entwicklung

415 1786 464 1846 als
494 1784 715 1844 Schauspieler
745 1782 1050 1842 ausschlaggebend,
1080 1781 1163 1841 Auch
1203 1783 1282 1843 jetzt
1312 1781 1365 1841 Die
1390 1780 1483 1840 letzte
1513 1777 1714 1837 Handschrift
1745 1775 1838 1835 Artur
1863 1775 2064 1835 Schnltzlers.
2089 1772 2138 1832 Ein
2179 1769 2365 1829 Ausschnitt
2395 1771 2448 1831 aus
2479 1771 2532 1831 dem
2572 1769 2779 1829 Manuskript;
2818 1769 2901 1829 „Der
2932 1767 3020 1827 Gang

2040 1811 2095 1871 zum
2137 1811 2289 1871 Weiher.“

422 1829 536 1889 spielte
559 1829 731 1889 Schnitzler
754 1828 780 1888 in
811 1827 922 1887 meinem
962 1826 1059 1886 Leben
1091 1825 1201 1885 wieder
1223 1825 1289 1885 eine

432 1873 628 1933 wesentliche
660 1870 760 1930 Rollo.
783 1870 828 1930 Ich
860 1867 938 1927 habe
970 1868 1020 1928 den
1057 1869 1216 1929 Übergang
1248 1870 1293 1930 ins

425 1918 522 1978 Altere
558 1917 638 1977 Fach
678 1915 700 1975 in
741 1915 829 1975 einer
879 1912 1194 1972 Schnitzler-Gestalt
1248 1912 1292 1972 als

2493 1942 2581 2002 Kalne
2602 1940 2680 2000 dangen

420 1962 561 2022 Musiker
585 1960 727 2020 Weyring
765 1960 788 2020 in
822 1960 868 2020 der
897 1957 1067 2017 „Liebelei“
1101 1956 1124 2016 im
1167 1957 1275 2017 Münch

2497 1974 2568 2034 Keine
2591 1975 2695 2035 Waligen

1333 1981 1958 2041 Broadway
2067 1974 2343 2034 Boys

425 2007 480 2067 ner
498 2005 736 2065 Staatstheater
754 2002 932 2062 vollzogen.
951 2002 1010 2062 Und
1042 2002 1083 2062 ich
1111 2000 1184 2060 liebe
1212 2002 1289 2062 diese

425 2049 562 2109 Gestalt,
590 2047 643 2107 wie
674 2046 718 2106 ich
754 2045 928 2105 Schnitzler
960 2046 1066 2106 immer
1098 2043 1187 2103 liebte
1227 2045 1280 2105 vom

1885 2076 2074 2136 Täglich

2372 2090 2578 2150 Café
2665 2086 2959 2146 Sache

420 2095 538 2155 Anatol
562 2091 619 2151 an,
643 2091 695 2151 den
729 2091 771 2151 ich
805 2090 828 2150 ja
862 2088 932 2148 auch
967 2088 1104 2148 gespielt
1129 2088 1223 2148 habe.
1243 2088 1289 2148 Ich

422 2137 499 2197 habe
532 2137 595 2197 eine
623 2136 668 2196 nie
696 2133 893 2193 versiegende
921 2133 1135 2193 Dankbarkeit
1164 2131 1209 2191 für
1237 2132 1282 2192 die

2363 2164 2421 2224 I.,
2447 2160 2711 2220 Opernring
2751 2160 2795 2220 11

1319 2172 1576 2232 5-Uhr-Tee
1612 2171 1626 2231 -
1670 2169 1733 2229 Ab
1770 2169 1877 2229 halb
1913 2166 1963 2226 10
1992 2165 2084 2225 Uhr

424 2182 474 2242 sen
506 2183 621 2243 großen
653 2179 817 2239 Menschen
850 2178 900 2238 und
937 2178 1047 2238 großen
1080 2178 1221 2238 Dichter.

442 2255 2925 2315 OOOOOOooocoooooooooooooo-

1153 2343 1442 2403 Schnitzler
1491 2345 1524 2405 im
1593 2342 1761 2402 Kreise
1810 2339 2005 2399 Wiener
2046 2336 2425 2396 Schriftsteller

830 3965 886 4025 Von
918 3962 995 4022 links
1027 3959 1099 4019 nach
1126 3957 1249 4017 rechte:
1271 3955 1327 4015 Dr.
1343 3950 1732 4010 Beer-Holimann,
1754 3947 1867 4007 Arnold
1899 3947 2054 4007 Zwoig,
2075 3944 2168 4004 Artar
2189 3941 2469 4001 Schnitzler,
2485 3939 2568 3999 Pelix
2595 3938 2760 3998 Salten.
