3344 4352
213 309 338 369 12.

409 312 885 372 Schnitzler
953 325 989 385 s
1057 318 1285 378 Death

800 703 932 763 V

387 700 653 760 DOBS

1038 706 1103 766 R

479 759 505 819 I.
518 759 635 819 österr.
648 762 795 822 behördl.
809 765 1111 825 konzessioniertes

430 801 665 861 Unternehmen
692 804 740 864 für
767 807 1153 867 Zeitungs-Ausschnitte

484 856 627 916 WIEN,
654 864 705 924 I.,
733 868 1014 928 WOLLZEILE
1060 868 1105 928 11

579 914 792 974 TELEPHON
828 918 1006 978 R-23-0-43

379 1055 598 1115 Ausschnitt
627 1056 716 1116 aus:

617 1169 720 1229 nda
739 1168 873 1228 Bumen
898 1157 1074 1217 Auggelar.

379 1279 492 1339 vom:

742 1294 820 1354 23.
850 1291 978 1351 OKT.
1008 1280 1106 1340 1931

397 1501 675 1561 Theater
751 1510 870 1570 und
958 1516 1212 1576 Kunst.

387 1598 486 1658 Artur
519 1604 679 1664 Schnitzler
708 1608 834 1668 plötzlich
868 1614 1039 1674 gestorben.
1062 1617 1105 1677 In
1139 1618 1232 1678 seiner

349 1645 431 1705 Villa
467 1648 490 1708 in
526 1652 662 1712 Döbling
698 1655 733 1715 ist
757 1658 792 1718 am
834 1661 887 1721 21.
911 1663 940 1723 d.
964 1664 1016 1724 M.
1041 1666 1070 1726 im
1112 1667 1159 1727 69.
1183 1667 1235 1727 Le¬

346 1694 517 1754 bensjahre
548 1700 597 1760 der
628 1703 751 1763 Dichter
782 1706 843 1766 Dr.
868 1711 973 1771 Artur
1004 1717 1230 1777 Schnitzler

344 1744 470 1804 plötzlich
508 1747 677 1807 gestorben.
704 1753 777 1813 Sein
814 1756 877 1816 Tod
915 1759 967 1819 kam
1016 1762 1099 1822 selbst
1132 1765 1226 1825 seiner

343 1792 467 1852 nächsten
509 1798 685 1858 Umgebung
723 1804 955 1864 überraschend.
998 1810 1096 1870 Wohl
1133 1815 1231 1875 klagte

344 1840 498 1900 Schnitzler
531 1844 556 1904 in
588 1846 639 1906 den
676 1850 774 1910 letzten
811 1852 883 1912 zwei
915 1858 1028 1918 Jahren
1066 1860 1143 1920 über
1169 1861 1231 1921 Be¬

343 1888 519 1948 schwerden,
544 1894 615 1954 aber
649 1897 677 1957 er
711 1897 773 1957 war
807 1900 883 1960 nicht
917 1905 1007 1965 krank
1036 1907 1060 1967 im
1108 1909 1227 1969 eigent¬

337 1936 425 1996 lichen
460 1940 563 2000 Sinne
598 1941 646 2001 des
681 1944 803 2004 Wortes
843 1948 896 2008 und
936 1952 1039 2012 mußte
1074 1956 1137 2016 auch
1172 1956 1221 2016 nie

340 1985 361 2045 in
393 1985 445 2045 der
472 1988 567 2048 letzten
599 1992 667 2052 Zeit
694 1992 746 2052 das
773 1996 847 2056 Bett
874 2001 984 2061 hüten.
1001 2001 1016 2061 —
1059 2007 1222 2067 Schnitzler

338 2033 417 2093 hatte
459 2037 594 2097 Medizin
640 2043 766 2103 studiert
807 2046 862 2106 und
908 2049 963 2109 auf
999 2055 1220 2115 verschiedenen

340 2083 479 2143 Kliniken
506 2088 697 2148 praktiziert.
718 2091 774 2151 Den
806 2098 1096 2158 militärärztlichen
1122 2103 1230 2163 Dienst

332 2133 437 2193 mußte
473 2133 503 2193 er
544 2136 609 2196 nach
645 2141 937 2201 Veröffentlichung
979 2147 1074 2207 seines
1115 2153 1225 2213 „Leut¬

333 2179 413 2239 nant
444 2181 550 2241 Gustl“
586 2187 758 2247 aufgeben;
784 2192 910 2252 hierauf
941 2195 1082 2255 widmete
1119 2200 1148 2260 er
1179 2203 1224 2263 sich

328 2231 554 2291 ausschließlich
592 2232 643 2292 der
674 2238 855 2298 Literatur.
902 2240 948 2300 Er
980 2246 1114 2306 entnahm
1171 2249 1217 2309 die

332 2276 432 2336 Stoffe
463 2282 558 2342 seiner
590 2285 801 2345 dramatischen
837 2289 943 2349 Werke
974 2294 1100 2354 zumeist
1136 2300 1221 2360 einer

327 2327 514 2387 bestimmten
553 2333 681 2393 Wiener
716 2335 867 2395 Umwelt,
907 2341 1035 2401 nämlich
1075 2347 1123 2407 der
1158 2344 1217 2404 De¬

327 2374 434 2434 kadenz
461 2377 507 2437 des
539 2380 610 2440 „Fin
642 2383 672 2443 de
699 2381 822 2441 siècle";
844 2386 910 2446 dies
937 2392 1081 2452 bezeugen
1118 2395 1220 2455 „Ana¬

326 2422 406 2482 tol",
434 2428 628 2488 „Liebelei",
666 2434 871 2494 „Freiwild",
910 2440 1066 2500 „Reigen“
1116 2445 1147 2505 u.
1186 2447 1217 2507 a.

325 2471 470 2531 Weniger
516 2476 692 2536 umstritten
743 2482 799 2542 sind
839 2486 920 2546 seine
960 2490 1126 2550 Novellen,

324 2521 474 2581 ebenfalls
509 2527 620 2587 großes
656 2530 771 2590 Talent
802 2535 1003 2595 offenbaren.
1049 2541 1209 2601 Schnitzler

325 2571 471 2631 versenkte
502 2572 552 2632 sich
588 2574 643 2634 mit
674 2578 825 2638 Vorliebe
866 2583 896 2643 in
937 2585 987 2645 das
1023 2587 1119 2647 Leben
1160 2589 1210 2649 des

319 2619 485 2679 sorglosen,
516 2622 612 2682 satten
658 2625 743 2685 Wien
790 2628 844 2688 vor
886 2631 941 2691 dem
997 2638 1133 2698 Kriege;

317 2667 503 2727 behandelte
538 2673 606 2733 auch
646 2676 768 2736 schwere
802 2680 973 2740 Probleme
1008 2685 1096 2745 weich
1145 2687 1204 2747 und

321 2716 479 2776 spielerisch
514 2721 567 2781 und
598 2724 666 2784 galt
691 2727 765 2787 ganz
795 2731 1131 2791 unberechtigterweise
1161 2736 1209 2796 als

318 2766 549 2826 ausgesprochen
588 2773 829 2833 österreichischer
863 2779 1001 2839 Dichter.
1026 2783 1104 2843 Man
1143 2785 1206 2845 ver¬

312 2816 387 2876 gaß,
410 2816 468 2876 daß
513 2819 539 2879 in
583 2819 636 2879 den
681 2825 918 2885 Alpenländern
968 2831 1010 2891 ein
1055 2834 1211 2894 kerniges,

319 2864 561 2924 selbstbewußtes
593 2869 756 2929 Geschlecht
789 2873 867 2933 lebt,
905 2877 962 2937 das
1005 2880 1099 2940 nichts
1142 2881 1200 2941 mit

314 2912 401 2972 einer
427 2915 566 2975 gewissen
597 2919 725 2979 Wiener
757 2924 869 2984 Schicht
901 2926 926 2986 zu
963 2927 1008 2987 tun
1045 2929 1117 2989 hat,

315 2957 357 3017 die
396 2961 439 3021 die
477 2965 683 3025 Bezeichnung
721 2972 922 3032 „Edelfäule"
960 2977 1111 3037 vielleicht

310 3010 406 3070 besten
435 3014 577 3074 gutrifft.

807 3193 869 3253 Nr.
886 3195 940 3255 291
964 3195 979 3255 —
1020 3198 1106 3258 Seite
1131 3201 1145 3261 3

183 3786 295 3846 Arthur
323 3791 499 3851 Schnitzler

189 3834 489 3894 dnate

189 3872 307 3932 Wiener
360 3878 505 3938 Dichter,

183 3909 221 3969 ist
251 3912 275 3972 in
319 3914 421 3974 Wien,
451 3915 499 3975 69-

185 3950 296 4010 jährig,
306 3950 340 4010 an
360 3950 412 4010 den
432 3953 500 4013 Fol¬

182 3987 231 4047 gen
264 3989 349 4049 eines
372 3993 502 4053 Schlag-

182 4025 291 4085 anfalls
323 4031 489 4091 gestorben

1518 318 1639 378 box
1709 321 1893 381 42/9

1856 1149 2564 1209 OBSERVER

1945 1198 1967 1258 I.
1981 1200 2099 1260 österr.
2113 1201 2258 1261 behördl.
2272 1201 2567 1261 konzessioniertes

1896 1240 2129 1300 Unternehmen
2159 1240 2205 1300 für
2229 1243 2617 1303 Zeitungs-Ausschnitte

1944 1300 2097 1360 WIEN,
2118 1301 2171 1361 I.,
2198 1306 2479 1366 WOLLZEILE
2527 1306 2573 1366 11

2039 1351 2257 1411 TELEPHON
2290 1353 2465 1413 R-23-0-43

1846 1494 2067 1554 Ausschnitt
2095 1496 2184 1556 aus:

1849 1717 1953 1777 vom:

2401 1730 2421 1790 2
2444 1730 2464 1790 3
2519 1733 2645 1793 OKT.
2669 1734 2763 1794 193.

1892 1802 2017 1862 Artur
2049 1810 2262 1870 Schnitzler
2302 1815 2475 1875 plötzlich
2515 1824 2750 1884 gestorben.

1911 1871 2027 1931 Wien,
2058 1870 2120 1930 22.
2139 1879 2304 1939 Oktober.
2342 1887 2391 1947 In
2440 1888 2550 1948 seiner
2582 1891 2674 1951 Villa
2717 1894 2747 1954 in

1858 1918 2009 1978 Döbling
2044 1924 2083 1984 ist
2107 1926 2224 1986 gestern
2265 1930 2303 1990 um
2350 1934 2411 1994 ¼7
2446 1934 2513 1994 Uhr
2543 1939 2672 1999 abends
2706 1941 2734 2001 im

1856 1968 1915 2028 69.
1959 1971 2196 2031 Lebensjahre
2245 1977 2304 2037 der
2347 1980 2482 2040 Dichter
2531 1987 2600 2047 Dr.
2639 1992 2752 2052 Artur

1861 2018 2040 2078 Schnitzler
2064 2024 2207 2084 plötzlich
2237 2028 2427 2088 gestorben.
2445 2034 2514 2094 Der
2543 2036 2612 2096 Tod
2642 2040 2751 2100 Artur

1858 2067 2056 2127 Schnitzlers
2106 2073 2162 2133 kam
2217 2077 2311 2137 selbst
2339 2081 2443 2141 seiner
2483 2086 2626 2146 nächsten
2666 2088 2754 2148 Um¬

1852 2115 1991 2175 gebung
2020 2122 2281 2182 überraschend.
2305 2130 2409 2190 Wohl
2432 2133 2536 2193 klagte
2566 2138 2751 2198 Schnitzler

1856 2162 1882 2222 in
1911 2162 1965 2222 den
1994 2168 2098 2228 letzten
2132 2171 2215 2231 zwei
2238 2177 2364 2237 Jahren
2392 2180 2475 2240 über
2493 2186 2758 2246 Beschwerden,

1857 2213 1931 2273 aber
1958 2214 1984 2274 er
2011 2216 2084 2276 war
2106 2220 2190 2280 nicht
2211 2222 2301 2282 krank
2322 2226 2348 2286 im
2391 2231 2596 2291 eigentlichen
2629 2237 2744 2297 Sinne

1851 2259 1908 2319 des
1941 2264 2078 2324 Wortes
2110 2270 2173 2330 und
2211 2273 2327 2333 mußte
2354 2276 2422 2336 auch
2455 2278 2507 2338 nie
2534 2282 2565 2342 in
2598 2282 2655 2342 der
2682 2285 2750 2345 letz¬

1850 2310 1900 2370 ten
1935 2313 2007 2373 Zeit
2031 2315 2093 2375 das
2122 2317 2206 2377 Bett
2230 2324 2348 2384 hüten.
2366 2324 2417 2384 Er
2440 2330 2558 2390 mußte
2588 2333 2638 2393 sich
2667 2335 2745 2395 auch

1850 2359 2004 2419 keinerlei
2033 2366 2292 2426 Enthaltungen
2337 2372 2370 2432 in
2415 2375 2519 2435 bezug
2570 2380 2631 2440 auf
2659 2382 2747 2442 seine

1850 2408 2092 2468 Lebensweise
2121 2419 2336 2479 auferlegen.
2360 2423 2490 2483 Gestern
2530 2429 2738 2489 vormittags

1847 2458 2041 2518 unternahm
2106 2467 2289 2527 Schnitzler
2344 2472 2430 2532 einen
2474 2479 2748 2539 Spaziergang,

1851 2506 1911 2566 von
1939 2509 1994 2569 dem
2039 2512 2066 2572 er
2089 2515 2188 2575 gegen
2222 2518 2260 2578 11
2288 2519 2359 2579 Uhr
2382 2521 2448 2581 nach
2482 2524 2593 2584 Hause
2615 2530 2747 2590 zurück¬

1850 2556 1971 2616 kehrte.
2017 2559 2071 2619 Um
2117 2562 2208 2622 ¼12
2247 2568 2315 2628 Uhr
2347 2571 2422 2631 fand
2461 2574 2506 2634 ihn
2553 2577 2636 2637 seine
2668 2574 2743 2634 Se¬

1831 2625 1994 2685 kretärin,
2013 2631 2063 2691 die
2083 2634 2138 2694 zur
2158 2634 2277 2694 Arbeit
2297 2638 2321 2698 in
2354 2640 2409 2700 sein
2442 2644 2730 2704 Arbeitszimmer

1835 2676 2034 2736 eingetreten
2073 2682 2165 2742 war,
2181 2687 2380 2747 bewußtlos
2414 2689 2473 2749 auf
2501 2691 2554 2751 dem
2598 2694 2721 2754 Boden

1831 2724 1984 2784 liegend.
2024 2729 2108 2789 Man
2149 2732 2278 2792 brachte
2307 2735 2364 2795 den
2398 2738 2647 2798 Bewußtlosen
2682 2740 2732 2800 so¬

1835 2774 1898 2834 fort
1922 2774 1950 2834 zu
1985 2777 2083 2837 Bett,
2101 2778 2170 2838 doch
2200 2783 2262 2843 hat
2286 2785 2314 2845 er
2338 2784 2389 2844 die
2413 2788 2517 2848 ganze
2547 2790 2621 2850 Zeit
2645 2791 2725 2851 über

1831 2821 1881 2881 bis
1915 2825 1949 2885 zu
1989 2825 2095 2885 seinem
2147 2831 2242 2891 Tode
2277 2834 2360 2894 nicht
2389 2837 2479 2897 einen
2519 2840 2727 2900 Augenblick

1831 2873 1924 2933 mehr
1953 2873 2013 2933 das
2041 2879 2261 2939 Bewußtsein
2300 2885 2449 2945 erlangt.
2471 2885 2515 2945 Es
2549 2888 2620 2948 war
2654 2891 2725 2951 eine

1826 2921 2114 2981 Gehirnblutung
2149 2929 2374 2989 eingetreten,
2409 2935 2443 2995 so
2484 2935 2553 2995 daß
2599 2936 2633 2996 er
2669 2938 2720 2998 sich

1826 2970 1899 3030 auch
1947 2971 2036 3031 nicht
2084 2974 2173 3034 einen
2232 2980 2401 3040 Moment
2449 2983 2553 3043 seines
2607 2987 2717 3047 nahen

1827 3019 1942 3079 Todes
1971 3021 2115 3081 bewußt
2144 3028 2282 3088 wurde.
2300 3030 2345 3090 Um
2392 3031 2461 3091 ¼7
2490 3034 2559 3094 Uhr
2582 3035 2714 3095 abends

1827 3065 1892 3125 trat
1915 3070 2192 3130 Atemlähmung
2231 3076 2274 3136 ein
2325 3079 2391 3139 und
2436 3082 2524 3142 sanft
2564 3086 2723 3146 umfaßte

1828 3115 1871 3175 ihn
1910 3118 1965 3178 der
1988 3122 2082 3182 Tod.
2099 3124 2149 3184 An
2183 3124 2288 3184 seinem
2332 3129 2559 3189 Sterbelager
2582 3135 2714 3195 weilten

1829 3165 1885 3225 sein
1919 3167 2026 3227 sofort
2049 3171 2229 3231 berufener
2252 3177 2393 3237 Bruder
2422 3180 2551 3240 Hofrat
2574 3183 2726 3243 Univer¬

1820 3215 2102 3275 sitätsprofessor
2179 3222 2390 3282 Primarius
2467 3229 2548 3289 Dr.

2591 3231 2717 3291 Julius

1827 3266 2001 3326 Schnitzler
2036 3270 2103 3330 und
2133 3272 2183 3332 die
2212 3275 2353 3335 übrigen
2387 3276 2415 3336 in
2450 3276 2546 3336 Wien
2580 3282 2727 3342 weilen¬

1823 3312 1873 3372 den
1919 3318 2163 3378 Angehörigen
2209 3321 2265 3381 des
2311 3323 2487 3383 Dichters.
2533 3327 2617 3387 Noch
2663 3331 2702 3391 am

1821 3362 1934 3422 Abend
1994 3367 2113 3427 wurde
2168 3369 2259 3429 durch
2314 3372 2374 3432 den
2428 3374 2617 3434 Amtsarzt
2667 3377 2720 3437 die

1820 3413 2090 3473 Leichenbeschau
2158 3421 2456 3481 vorgenommen.
2523 3425 2711 3485 Vorläusig

1820 3461 1881 3521 sind
1910 3463 2001 3523 keine
2024 3465 2284 3525 Dispositionen
2319 3470 2398 3530 über
2421 3470 2472 3530 die
2495 3474 2716 3534 Leichenfeier

1812 3509 1974 3569 getroffen
2012 3512 2175 3572 worden.
2197 3515 2284 3575 Man
2322 3518 2397 3578 will
2425 3518 2484 3578 das
2517 3521 2706 3581 Eintreffen

1821 3556 1918 3616 eines
1956 3559 2156 3619 bekanntlich
2194 3563 2221 3623 in
2259 3565 2378 3625 Berlin
2411 3568 2573 3628 lebenden
2611 3571 2713 3631 Soh¬

1808 3603 1895 3663 nes,
1935 3607 1989 3667 der
2040 3610 2144 3670 sofort
2178 3613 2238 3673 von
2283 3613 2338 3673 dem
2394 3618 2565 3678 tragischen
2610 3619 2709 3679 Ende

1816 3652 1916 3712 seines
1948 3655 2079 3715 Vaters
2112 3661 2323 3721 verständigt
2355 3665 2492 3725 wurde,
2514 3668 2714 3728 abwarten.
