<?xml version="1.0" encoding="UTF-8" standalone="yes"?>
<PcGts xmlns="http://schema.primaresearch.org/PAGE/gts/pagecontent/2013-07-15" xmlns:xsi="http://www.w3.org/2001/XMLSchema-instance" xsi:schemaLocation="http://schema.primaresearch.org/PAGE/gts/pagecontent/2013-07-15 http://schema.primaresearch.org/PAGE/gts/pagecontent/2013-07-15/pagecontent.xsd">
    <Metadata>
        <Creator>prov=READ-COOP:name=PyLaia@TranskribusPlatform:version=2.12.1:model_id=39995:lm=none:date=09_04_2024_22:50</Creator>
        <Created>2019-10-07T20:38:30.154+02:00</Created>
        <LastChange>2024-04-09T22:50:08.654+02:00</LastChange>
        <TranskribusMetadata docId="224459" pageId="9581634" pageNr="272" tsid="157630108" status="IN_PROGRESS" userId="64420" imgUrl="https://files.transkribus.eu/Get?id=PAZIEEKJLMTKRYLSGYKQHAPY&amp;fileType=view" xmlUrl="https://files.transkribus.eu/Get?id=FDWRGOFETEGICGUITRDQYUVK" imageId="6209020"/>
    </Metadata>
    <Page imageFilename="224459_0272.jpeg" imageWidth="3392" imageHeight="4352">
        <ReadingOrder>
            <OrderedGroup id="ro_1712938118229" caption="Regions reading order">
                <RegionRefIndexed index="0" regionRef="tr_1"/>
            </OrderedGroup>
        </ReadingOrder>
        <TextRegion orientation="0.0" id="tr_1" custom="readingOrder {index:0;}">
            <Coords points="516,114 516,4162 3158,4162 3158,114"/>
            <TextLine id="tr_1_tl_1" custom="readingOrder {index:0;}">
                <Coords points="504,159 1124,157 1274,146 1276,109 506,109"/>
                <Baseline points="516,152 554,152 592,152 630,152 668,152 707,151 745,149 783,149 821,144 859,143 898,143 936,142 974,140 1012,140 1050,140 1089,138 1127,137 1165,136 1203,134 1241,134 1280,137"/>
                <Word id="tr_1_tl_1_w1" custom="readingOrder {index:0;}">
                    <Coords points="522,112 522,172 584,172 584,112"/>
                    <TextEquiv>
                        <Unicode>i</Unicode>
                    </TextEquiv>
                </Word>
                <TextEquiv>
                    <Unicode>i</Unicode>
                </TextEquiv>
            </TextLine>
            <TextLine id="tr_1_tl_2" custom="readingOrder {index:1;}">
                <Coords points="511,200 1335,187 1369,148 511,161"/>
                <Baseline points="522,197 564,194 606,194 649,194 691,194 734,192 776,189 818,188 861,188 903,188 946,186 988,185 1030,185 1073,185 1115,184 1158,182 1200,181 1242,179 1285,179 1327,176 1370,173"/>
                <Word id="tr_1_tl_2_w1" custom="readingOrder {index:0;}">
                    <Coords points="509,155 509,215 589,215 589,155"/>
                    <TextEquiv>
                        <Unicode>Aber</Unicode>
                    </TextEquiv>
                </Word>
                <Word id="tr_1_tl_2_w2" custom="readingOrder {index:1;}">
                    <Coords points="620,153 620,213 772,213 772,153"/>
                    <TextEquiv>
                        <Unicode>niemand</Unicode>
                    </TextEquiv>
                </Word>
                <Word id="tr_1_tl_2_w3" custom="readingOrder {index:2;}">
                    <Coords points="803,148 803,208 847,208 847,148"/>
                    <TextEquiv>
                        <Unicode>sah</Unicode>
                    </TextEquiv>
                </Word>
                <Word id="tr_1_tl_2_w4" custom="readingOrder {index:3;}">
                    <Coords points="884,147 884,207 936,207 936,147"/>
                    <TextEquiv>
                        <Unicode>den</Unicode>
                    </TextEquiv>
                </Word>
                <Word id="tr_1_tl_2_w5" custom="readingOrder {index:4;}">
                    <Coords points="973,145 973,205 1114,205 1114,145"/>
                    <TextEquiv>
                        <Unicode>Dichter,</Unicode>
                    </TextEquiv>
                </Word>
                <Word id="tr_1_tl_2_w6" custom="readingOrder {index:5;}">
                    <Coords points="1142,140 1142,200 1289,200 1289,140"/>
                    <TextEquiv>
                        <Unicode>niemand</Unicode>
                    </TextEquiv>
                </Word>
                <Word id="tr_1_tl_2_w7" custom="readingOrder {index:6;}">
                    <Coords points="1325,134 1325,194 1373,194 1373,134"/>
                    <TextEquiv>
                        <Unicode>er¬</Unicode>
                    </TextEquiv>
                </Word>
                <TextEquiv>
                    <Unicode>Aber niemand sah den Dichter, niemand er¬</Unicode>
                </TextEquiv>
            </TextLine>
            <TextLine id="tr_1_tl_3" custom="readingOrder {index:2;}">
                <Coords points="509,246 1374,226 1374,178 511,198"/>
                <Baseline points="522,238 564,237 607,236 650,235 693,235 736,235 779,233 821,232 864,230 907,229 950,229 993,228 1036,226 1079,226 1121,226 1164,225 1207,223 1250,223 1293,220 1336,217 1379,217"/>
                <Word id="tr_1_tl_3_w1" custom="readingOrder {index:0;}">
                    <Coords points="503,197 503,257 617,257 617,197"/>
                    <TextEquiv>
                        <Unicode>kannte</Unicode>
                    </TextEquiv>
                </Word>
                <Word id="tr_1_tl_3_w2" custom="readingOrder {index:1;}">
                    <Coords points="643,195 643,255 768,255 768,195"/>
                    <TextEquiv>
                        <Unicode>Arthur</Unicode>
                    </TextEquiv>
                </Word>
                <Word id="tr_1_tl_3_w3" custom="readingOrder {index:2;}">
                    <Coords points="793,189 793,249 982,249 982,189"/>
                    <TextEquiv>
                        <Unicode>Schnitzler.</Unicode>
                    </TextEquiv>
                </Word>
                <Word id="tr_1_tl_3_w4" custom="readingOrder {index:3;}">
                    <Coords points="1003,186 1003,246 1063,246 1063,186"/>
                    <TextEquiv>
                        <Unicode>Ich</Unicode>
                    </TextEquiv>
                </Word>
                <Word id="tr_1_tl_3_w5" custom="readingOrder {index:4;}">
                    <Coords points="1093,185 1093,245 1163,245 1163,185"/>
                    <TextEquiv>
                        <Unicode>ging</Unicode>
                    </TextEquiv>
                </Word>
                <Word id="tr_1_tl_3_w6" custom="readingOrder {index:5;}">
                    <Coords points="1198,180 1198,240 1372,240 1372,180"/>
                    <TextEquiv>
                        <Unicode>mebrmals</Unicode>
                    </TextEquiv>
                </Word>
                <TextEquiv>
                    <Unicode>kannte Arthur Schnitzler. Ich ging mebrmals</Unicode>
                </TextEquiv>
            </TextLine>
            <TextLine id="tr_1_tl_4" custom="readingOrder {index:3;}">
                <Coords points="511,285 1300,276 1372,265 1374,224 511,246"/>
                <Baseline points="522,280 564,280 607,280 650,280 692,278 735,277 778,275 820,274 863,274 906,272 949,271 991,271 1034,270 1077,268 1119,267 1162,265 1205,264 1247,262 1290,262 1333,262 1376,259"/>
                <Word id="tr_1_tl_4_w1" custom="readingOrder {index:0;}">
                    <Coords points="510,240 510,300 692,300 692,240"/>
                    <TextEquiv>
                        <Unicode>unbemerkt</Unicode>
                    </TextEquiv>
                </Word>
                <Word id="tr_1_tl_4_w2" custom="readingOrder {index:1;}">
                    <Coords points="721,235 721,295 824,295 824,235"/>
                    <TextEquiv>
                        <Unicode>hinter</Unicode>
                    </TextEquiv>
                </Word>
                <Word id="tr_1_tl_4_w3" custom="readingOrder {index:2;}">
                    <Coords points="853,233 853,293 899,293 899,233"/>
                    <TextEquiv>
                        <Unicode>ihm</Unicode>
                    </TextEquiv>
                </Word>
                <Word id="tr_1_tl_4_w4" custom="readingOrder {index:3;}">
                    <Coords points="942,231 942,291 1002,291 1002,231"/>
                    <TextEquiv>
                        <Unicode>und</Unicode>
                    </TextEquiv>
                </Word>
                <Word id="tr_1_tl_4_w5" custom="readingOrder {index:4;}">
                    <Coords points="1036,228 1036,288 1101,288 1101,228"/>
                    <TextEquiv>
                        <Unicode>sah,</Unicode>
                    </TextEquiv>
                </Word>
                <Word id="tr_1_tl_4_w6" custom="readingOrder {index:5;}">
                    <Coords points="1125,225 1125,285 1186,285 1186,225"/>
                    <TextEquiv>
                        <Unicode>wie</Unicode>
                    </TextEquiv>
                </Word>
                <Word id="tr_1_tl_4_w7" custom="readingOrder {index:6;}">
                    <Coords points="1210,222 1210,282 1308,282 1308,222"/>
                    <TextEquiv>
                        <Unicode>fremd</Unicode>
                    </TextEquiv>
                </Word>
                <Word id="tr_1_tl_4_w8" custom="readingOrder {index:7;}">
                    <Coords points="1337,220 1337,280 1369,280 1369,220"/>
                    <TextEquiv>
                        <Unicode>er</Unicode>
                    </TextEquiv>
                </Word>
                <TextEquiv>
                    <Unicode>unbemerkt hinter ihm und sah, wie fremd er</Unicode>
                </TextEquiv>
            </TextLine>
            <TextLine id="tr_1_tl_5" custom="readingOrder {index:4;}">
                <Coords points="504,330 1376,311 1376,270 1335,263 1048,293 506,287"/>
                <Baseline points="516,319 559,322 602,324 645,323 689,322 732,322 775,321 819,319 862,318 905,315 949,313 992,313 1035,313 1078,312 1122,310 1165,310 1208,307 1252,307 1295,304 1338,304 1382,301"/>
                <Word id="tr_1_tl_5_w1" custom="readingOrder {index:0;}">
                    <Coords points="508,281 508,341 606,341 606,281"/>
                    <TextEquiv>
                        <Unicode>dieser</Unicode>
                    </TextEquiv>
                </Word>
                <Word id="tr_1_tl_5_w2" custom="readingOrder {index:1;}">
                    <Coords points="634,282 634,342 709,342 709,282"/>
                    <TextEquiv>
                        <Unicode>Zeit</Unicode>
                    </TextEquiv>
                </Word>
                <Word id="tr_1_tl_5_w3" custom="readingOrder {index:2;}">
                    <Coords points="733,279 733,339 896,339 896,279"/>
                    <TextEquiv>
                        <Unicode>geworden</Unicode>
                    </TextEquiv>
                </Word>
                <Word id="tr_1_tl_5_w4" custom="readingOrder {index:3;}">
                    <Coords points="935,273 935,333 1018,333 1018,273"/>
                    <TextEquiv>
                        <Unicode>war.</Unicode>
                    </TextEquiv>
                </Word>
                <Word id="tr_1_tl_5_w5" custom="readingOrder {index:4;}">
                    <Coords points="1066,270 1066,330 1225,330 1225,270"/>
                    <TextEquiv>
                        <Unicode>Niemand</Unicode>
                    </TextEquiv>
                </Word>
                <Word id="tr_1_tl_5_w6" custom="readingOrder {index:5;}">
                    <Coords points="1263,264 1263,324 1370,324 1370,264"/>
                    <TextEquiv>
                        <Unicode>machte</Unicode>
                    </TextEquiv>
                </Word>
                <TextEquiv>
                    <Unicode>dieser Zeit geworden war. Niemand machte</Unicode>
                </TextEquiv>
            </TextLine>
            <TextLine id="tr_1_tl_6" custom="readingOrder {index:5;}">
                <Coords points="513,380 1350,370 1376,311 513,330"/>
                <Baseline points="525,367 567,364 610,364 653,364 695,362 738,361 781,361 823,359 866,358 909,358 952,358 994,357 1037,355 1080,354 1122,352 1165,352 1208,351 1250,349 1293,349 1336,346 1379,340"/>
                <Word id="tr_1_tl_6_w1" custom="readingOrder {index:0;}">
                    <Coords points="512,324 512,384 612,384 612,324"/>
                    <TextEquiv>
                        <Unicode>seinen</Unicode>
                    </TextEquiv>
                </Word>
                <Word id="tr_1_tl_6_w2" custom="readingOrder {index:1;}">
                    <Coords points="651,321 651,381 809,381 809,321"/>
                    <TextEquiv>
                        <Unicode>Begleiter</Unicode>
                    </TextEquiv>
                </Word>
                <Word id="tr_1_tl_6_w3" custom="readingOrder {index:2;}">
                    <Coords points="862,318 862,378 919,378 919,318"/>
                    <TextEquiv>
                        <Unicode>auf</Unicode>
                    </TextEquiv>
                </Word>
                <Word id="tr_1_tl_6_w4" custom="readingOrder {index:3;}">
                    <Coords points="949,317 949,377 996,377 996,317"/>
                    <TextEquiv>
                        <Unicode>ihn</Unicode>
                    </TextEquiv>
                </Word>
                <Word id="tr_1_tl_6_w5" custom="readingOrder {index:4;}">
                    <Coords points="1030,312 1030,372 1255,372 1255,312"/>
                    <TextEquiv>
                        <Unicode>aufmerksam,</Unicode>
                    </TextEquiv>
                </Word>
                <Word id="tr_1_tl_6_w6" custom="readingOrder {index:5;}">
                    <Coords points="1304,305 1304,365 1375,365 1375,305"/>
                    <TextEquiv>
                        <Unicode>nie¬</Unicode>
                    </TextEquiv>
                </Word>
                <TextEquiv>
                    <Unicode>seinen Begleiter auf ihn aufmerksam, nie¬</Unicode>
                </TextEquiv>
            </TextLine>
            <TextLine id="tr_1_tl_7" custom="readingOrder {index:6;}">
                <Coords points="506,417 1289,413 1280,350 506,380"/>
                <Baseline points="519,408 557,408 596,408 635,408 674,408 713,408 751,405 790,405 829,405 868,404 907,401 945,399 984,399 1023,399 1062,399 1101,397 1139,396 1178,395 1217,394 1256,394 1295,394"/>
                <Word id="tr_1_tl_7_w1" custom="readingOrder {index:0;}">
                    <Coords points="506,368 506,428 595,428 595,368"/>
                    <TextEquiv>
                        <Unicode>mand</Unicode>
                    </TextEquiv>
                </Word>
                <Word id="tr_1_tl_7_w2" custom="readingOrder {index:1;}">
                    <Coords points="626,368 626,428 741,428 741,368"/>
                    <TextEquiv>
                        <Unicode>grüßte</Unicode>
                    </TextEquiv>
                </Word>
                <Word id="tr_1_tl_7_w3" custom="readingOrder {index:2;}">
                    <Coords points="766,365 766,425 836,425 836,365"/>
                    <TextEquiv>
                        <Unicode>ihn,</Unicode>
                    </TextEquiv>
                </Word>
                <Word id="tr_1_tl_7_w4" custom="readingOrder {index:3;}">
                    <Coords points="861,359 861,419 1011,419 1011,359"/>
                    <TextEquiv>
                        <Unicode>niemand</Unicode>
                    </TextEquiv>
                </Word>
                <Word id="tr_1_tl_7_w5" custom="readingOrder {index:4;}">
                    <Coords points="1042,356 1042,416 1192,416 1192,356"/>
                    <TextEquiv>
                        <Unicode>beachtete</Unicode>
                    </TextEquiv>
                </Word>
                <Word id="tr_1_tl_7_w6" custom="readingOrder {index:5;}">
                    <Coords points="1223,354 1223,414 1292,414 1292,354"/>
                    <TextEquiv>
                        <Unicode>ihn.</Unicode>
                    </TextEquiv>
                </Word>
                <TextEquiv>
                    <Unicode>mand grüßte ihn, niemand beachtete ihn.</Unicode>
                </TextEquiv>
            </TextLine>
            <TextLine id="tr_1_tl_8" custom="readingOrder {index:7;}">
                <Coords points="563,485 1083,456 1237,476 1376,454 1378,404 565,424"/>
                <Baseline points="576,465 616,465 656,465 696,465 737,465 777,465 817,464 858,462 898,461 938,459 979,459 1019,459 1059,457 1099,456 1140,456 1180,454 1220,453 1261,453 1301,452 1341,450 1382,447"/>
                <Word id="tr_1_tl_8_w1" custom="readingOrder {index:0;}">
                    <Coords points="563,425 563,485 615,485 615,425"/>
                    <TextEquiv>
                        <Unicode>Ich</Unicode>
                    </TextEquiv>
                </Word>
                <Word id="tr_1_tl_8_w2" custom="readingOrder {index:1;}">
                    <Coords points="653,425 653,485 727,485 727,425"/>
                    <TextEquiv>
                        <Unicode>weiß</Unicode>
                    </TextEquiv>
                </Word>
                <Word id="tr_1_tl_8_w3" custom="readingOrder {index:2;}">
                    <Coords points="765,424 765,484 860,484 860,424"/>
                    <TextEquiv>
                        <Unicode>nicht,</Unicode>
                    </TextEquiv>
                </Word>
                <Word id="tr_1_tl_8_w4" custom="readingOrder {index:3;}">
                    <Coords points="887,420 887,480 918,480 918,420"/>
                    <TextEquiv>
                        <Unicode>ob</Unicode>
                    </TextEquiv>
                </Word>
                <Word id="tr_1_tl_8_w5" custom="readingOrder {index:4;}">
                    <Coords points="951,419 951,479 1078,479 1078,419"/>
                    <TextEquiv>
                        <Unicode>Arthur</Unicode>
                    </TextEquiv>
                </Word>
                <Word id="tr_1_tl_8_w6" custom="readingOrder {index:5;}">
                    <Coords points="1110,413 1110,473 1296,473 1296,413"/>
                    <TextEquiv>
                        <Unicode>Schnitzler,</Unicode>
                    </TextEquiv>
                </Word>
                <Word id="tr_1_tl_8_w7" custom="readingOrder {index:6;}">
                    <Coords points="1323,409 1323,469 1376,469 1376,409"/>
                    <TextEquiv>
                        <Unicode>der</Unicode>
                    </TextEquiv>
                </Word>
                <TextEquiv>
                    <Unicode>Ich weiß nicht, ob Arthur Schnitzler, der</Unicode>
                </TextEquiv>
            </TextLine>
            <TextLine id="tr_1_tl_9" custom="readingOrder {index:8;}">
                <Coords points="515,520 1372,502 1374,454 1235,478 643,465 598,489 517,463"/>
                <Baseline points="528,516 570,510 612,510 655,510 697,510 740,508 782,507 824,505 867,506 909,505 952,502 994,501 1036,501 1079,500 1121,498 1164,498 1206,497 1248,495 1291,495 1333,492 1376,486"/>
                <Word id="tr_1_tl_9_w1" custom="readingOrder {index:0;}">
                    <Coords points="509,475 509,535 555,535 555,475"/>
                    <TextEquiv>
                        <Unicode>sich</Unicode>
                    </TextEquiv>
                </Word>
                <Word id="tr_1_tl_9_w2" custom="readingOrder {index:1;}">
                    <Coords points="612,470 612,530 729,530 729,470"/>
                    <TextEquiv>
                        <Unicode>immer</Unicode>
                    </TextEquiv>
                </Word>
                <Word id="tr_1_tl_9_w3" custom="readingOrder {index:2;}">
                    <Coords points="758,465 758,525 894,525 894,465"/>
                    <TextEquiv>
                        <Unicode>vornehm</Unicode>
                    </TextEquiv>
                </Word>
                <Word id="tr_1_tl_9_w4" custom="readingOrder {index:3;}">
                    <Coords points="941,461 941,521 1002,521 1002,461"/>
                    <TextEquiv>
                        <Unicode>und</Unicode>
                    </TextEquiv>
                </Word>
                <Word id="tr_1_tl_9_w5" custom="readingOrder {index:4;}">
                    <Coords points="1036,458 1036,518 1199,518 1199,458"/>
                    <TextEquiv>
                        <Unicode>bescheiden</Unicode>
                    </TextEquiv>
                </Word>
                <Word id="tr_1_tl_9_w6" custom="readingOrder {index:5;}">
                    <Coords points="1256,453 1256,513 1373,513 1373,453"/>
                    <TextEquiv>
                        <Unicode>zurück¬</Unicode>
                    </TextEquiv>
                </Word>
                <TextEquiv>
                    <Unicode>sich immer vornehm und bescheiden zurück¬</Unicode>
                </TextEquiv>
            </TextLine>
            <TextLine id="tr_1_tl_10" custom="readingOrder {index:9;}">
                <Coords points="504,565 1374,539 1346,498 506,515"/>
                <Baseline points="516,555 559,557 602,556 645,553 688,552 731,550 774,549 818,549 861,548 904,546 947,546 990,545 1033,543 1076,543 1120,542 1163,540 1206,540 1249,537 1292,534 1335,537 1379,531"/>
                <Word id="tr_1_tl_10_w1" custom="readingOrder {index:0;}">
                    <Coords points="509,516 509,576 604,576 604,516"/>
                    <TextEquiv>
                        <Unicode>hielt,</Unicode>
                    </TextEquiv>
                </Word>
                <Word id="tr_1_tl_10_w2" custom="readingOrder {index:1;}">
                    <Coords points="650,511 650,571 745,571 745,511"/>
                    <TextEquiv>
                        <Unicode>dieses</Unicode>
                    </TextEquiv>
                </Word>
                <Word id="tr_1_tl_10_w3" custom="readingOrder {index:2;}">
                    <Coords points="781,506 781,566 1029,566 1029,506"/>
                    <TextEquiv>
                        <Unicode>Unbekanntsein</Unicode>
                    </TextEquiv>
                </Word>
                <Word id="tr_1_tl_10_w4" custom="readingOrder {index:3;}">
                    <Coords points="1070,500 1070,560 1251,560 1251,500"/>
                    <TextEquiv>
                        <Unicode>schmerzlich</Unicode>
                    </TextEquiv>
                </Word>
                <Word id="tr_1_tl_10_w5" custom="readingOrder {index:4;}">
                    <Coords points="1287,496 1287,556 1372,556 1372,496"/>
                    <TextEquiv>
                        <Unicode>emp¬</Unicode>
                    </TextEquiv>
                </Word>
                <TextEquiv>
                    <Unicode>hielt, dieses Unbekanntsein schmerzlich emp¬</Unicode>
                </TextEquiv>
            </TextLine>
            <TextLine id="tr_1_tl_11" custom="readingOrder {index:10;}">
                <Coords points="506,600 1030,591 1146,624 1204,593 1367,596 1369,537 506,561"/>
                <Baseline points="519,596 561,596 604,599 647,597 689,594 732,593 775,592 817,591 860,591 903,591 946,590 988,587 1031,585 1074,585 1116,585 1159,584 1202,582 1244,582 1287,582 1330,579 1373,579"/>
                <Word id="tr_1_tl_11_w1" custom="readingOrder {index:0;}">
                    <Coords points="511,556 511,616 606,616 606,556"/>
                    <TextEquiv>
                        <Unicode>fand.</Unicode>
                    </TextEquiv>
                </Word>
                <Word id="tr_1_tl_11_w2" custom="readingOrder {index:1;}">
                    <Coords points="621,556 621,616 676,616 676,556"/>
                    <TextEquiv>
                        <Unicode>Ich</Unicode>
                    </TextEquiv>
                </Word>
                <Word id="tr_1_tl_11_w3" custom="readingOrder {index:2;}">
                    <Coords points="707,552 707,612 777,612 777,552"/>
                    <TextEquiv>
                        <Unicode>aber</Unicode>
                    </TextEquiv>
                </Word>
                <Word id="tr_1_tl_11_w4" custom="readingOrder {index:3;}">
                    <Coords points="803,551 803,611 949,611 949,551"/>
                    <TextEquiv>
                        <Unicode>empfand</Unicode>
                    </TextEquiv>
                </Word>
                <Word id="tr_1_tl_11_w5" custom="readingOrder {index:4;}">
                    <Coords points="975,546 975,606 1004,606 1004,546"/>
                    <TextEquiv>
                        <Unicode>es</Unicode>
                    </TextEquiv>
                </Word>
                <Word id="tr_1_tl_11_w6" custom="readingOrder {index:5;}">
                    <Coords points="1030,545 1030,605 1080,605 1080,545"/>
                    <TextEquiv>
                        <Unicode>als</Unicode>
                    </TextEquiv>
                </Word>
                <Word id="tr_1_tl_11_w7" custom="readingOrder {index:6;}">
                    <Coords points="1106,544 1106,604 1201,604 1201,544"/>
                    <TextEquiv>
                        <Unicode>tiefste</Unicode>
                    </TextEquiv>
                </Word>
                <Word id="tr_1_tl_11_w8" custom="readingOrder {index:7;}">
                    <Coords points="1227,541 1227,601 1372,601 1372,541"/>
                    <TextEquiv>
                        <Unicode>Undank¬</Unicode>
                    </TextEquiv>
                </Word>
                <TextEquiv>
                    <Unicode>fand. Ich aber empfand es als tiefste Undank¬</Unicode>
                </TextEquiv>
            </TextLine>
            <TextLine id="tr_1_tl_12" custom="readingOrder {index:11;}">
                <Coords points="511,654 911,643 911,600 511,609"/>
                <Baseline points="522,641 548,641 574,640 600,638 626,638 652,638 678,638 704,638 730,638 756,637 782,635 808,633 834,632 860,632 886,633 913,635"/>
                <Word id="tr_1_tl_12_w1" custom="readingOrder {index:0;}">
                    <Coords points="510,600 510,660 630,660 630,600"/>
                    <TextEquiv>
                        <Unicode>barkeit</Unicode>
                    </TextEquiv>
                </Word>
                <Word id="tr_1_tl_12_w2" custom="readingOrder {index:1;}">
                    <Coords points="659,598 659,658 722,658 722,598"/>
                    <TextEquiv>
                        <Unicode>und</Unicode>
                    </TextEquiv>
                </Word>
                <Word id="tr_1_tl_12_w3" custom="readingOrder {index:2;}">
                    <Coords points="751,592 751,652 910,652 910,592"/>
                    <TextEquiv>
                        <Unicode>trauerte.</Unicode>
                    </TextEquiv>
                </Word>
                <TextEquiv>
                    <Unicode>barkeit und trauerte.</Unicode>
                </TextEquiv>
            </TextLine>
            <TextLine id="tr_1_tl_13" custom="readingOrder {index:12;}">
                <Coords points="559,700 1356,685 1374,615 1287,646 1176,620 559,652"/>
                <Baseline points="570,692 610,689 650,689 690,687 731,686 771,686 811,685 852,682 892,680 932,680 973,680 1013,680 1053,678 1093,677 1134,677 1174,677 1214,676 1255,674 1295,674 1335,674 1376,671"/>
                <Word id="tr_1_tl_13_w1" custom="readingOrder {index:0;}">
                    <Coords points="564,646 564,706 831,706 831,646"/>
                    <TextEquiv>
                        <Unicode>Undankbarkeit?</Unicode>
                    </TextEquiv>
                </Word>
                <Word id="tr_1_tl_13_w2" custom="readingOrder {index:1;}">
                    <Coords points="862,640 862,700 907,700 907,640"/>
                    <TextEquiv>
                        <Unicode>Es</Unicode>
                    </TextEquiv>
                </Word>
                <Word id="tr_1_tl_13_w3" custom="readingOrder {index:2;}">
                    <Coords points="943,640 943,700 1008,700 1008,640"/>
                    <TextEquiv>
                        <Unicode>gibt</Unicode>
                    </TextEquiv>
                </Word>
                <Word id="tr_1_tl_13_w4" custom="readingOrder {index:3;}">
                    <Coords points="1039,637 1039,697 1119,697 1119,637"/>
                    <TextEquiv>
                        <Unicode>keine</Unicode>
                    </TextEquiv>
                </Word>
                <Word id="tr_1_tl_13_w5" custom="readingOrder {index:4;}">
                    <Coords points="1156,634 1156,694 1377,694 1377,634"/>
                    <TextEquiv>
                        <Unicode>Dankbarkeit.</Unicode>
                    </TextEquiv>
                </Word>
                <TextEquiv>
                    <Unicode>Undankbarkeit? Es gibt keine Dankbarkeit.</Unicode>
                </TextEquiv>
            </TextLine>
            <TextLine id="tr_1_tl_14" custom="readingOrder {index:13;}">
                <Coords points="1402,711 3135,691 3122,635 1404,661"/>
                <Baseline points="1414,701 1500,698 1586,701 1673,698 1759,698 1846,697 1932,695 2019,695 2105,692 2192,692 2278,690 2364,689 2451,689 2537,689 2624,688 2710,682 2797,680 2883,680 2970,680 3056,677 3143,674"/>
                <Word id="tr_1_tl_14_w1" custom="readingOrder {index:0;}">
                    <Coords points="1397,660 1397,720 1471,720 1471,660"/>
                    <TextEquiv>
                        <Unicode>Nach</Unicode>
                    </TextEquiv>
                </Word>
                <Word id="tr_1_tl_14_w2" custom="readingOrder {index:1;}">
                    <Coords points="1502,659 1502,719 1592,719 1592,659"/>
                    <TextEquiv>
                        <Unicode>ihnen</Unicode>
                    </TextEquiv>
                </Word>
                <Word id="tr_1_tl_14_w3" custom="readingOrder {index:2;}">
                    <Coords points="1633,658 1633,718 1678,718 1678,658"/>
                    <TextEquiv>
                        <Unicode>kam</Unicode>
                    </TextEquiv>
                </Word>
                <Word id="tr_1_tl_14_w4" custom="readingOrder {index:3;}">
                    <Coords points="1724,657 1724,717 1840,717 1840,657"/>
                    <TextEquiv>
                        <Unicode>Stefan</Unicode>
                    </TextEquiv>
                </Word>
                <Word id="tr_1_tl_14_w5" custom="readingOrder {index:4;}">
                    <Coords points="1876,655 1876,715 2001,715 2001,655"/>
                    <TextEquiv>
                        <Unicode>Zweig,</Unicode>
                    </TextEquiv>
                </Word>
                <Word id="tr_1_tl_14_w6" custom="readingOrder {index:5;}">
                    <Coords points="2022,654 2022,714 2071,714 2071,654"/>
                    <TextEquiv>
                        <Unicode>für</Unicode>
                    </TextEquiv>
                </Word>
                <Word id="tr_1_tl_14_w7" custom="readingOrder {index:6;}">
                    <Coords points="2102,652 2102,712 2157,712 2157,652"/>
                    <TextEquiv>
                        <Unicode>den</Unicode>
                    </TextEquiv>
                </Word>
                <Word id="tr_1_tl_14_w8" custom="readingOrder {index:7;}">
                    <Coords points="2193,651 2193,711 2273,711 2273,651"/>
                    <TextEquiv>
                        <Unicode>das,</Unicode>
                    </TextEquiv>
                </Word>
                <Word id="tr_1_tl_14_w9" custom="readingOrder {index:8;}">
                    <Coords points="2284,649 2284,709 2384,709 2384,649"/>
                    <TextEquiv>
                        <Unicode>bleibt</Unicode>
                    </TextEquiv>
                </Word>
                <Word id="tr_1_tl_14_w10" custom="readingOrder {index:9;}">
                    <Coords points="2410,649 2410,709 2550,709 2550,649"/>
                    <TextEquiv>
                        <Unicode>traurig,</Unicode>
                    </TextEquiv>
                </Word>
                <Word id="tr_1_tl_14_w11" custom="readingOrder {index:10;}">
                    <Coords points="2576,648 2576,708 2626,708 2626,648"/>
                    <TextEquiv>
                        <Unicode>daß</Unicode>
                    </TextEquiv>
                </Word>
                <Word id="tr_1_tl_14_w12" custom="readingOrder {index:11;}">
                    <Coords points="2662,643 2662,703 2707,703 2707,643"/>
                    <TextEquiv>
                        <Unicode>der</Unicode>
                    </TextEquiv>
                </Word>
                <Word id="tr_1_tl_14_w13" custom="readingOrder {index:12;}">
                    <Coords points="2738,640 2738,700 2959,700 2959,640"/>
                    <TextEquiv>
                        <Unicode>Lebensabend</Unicode>
                    </TextEquiv>
                </Word>
                <Word id="tr_1_tl_14_w14" custom="readingOrder {index:13;}">
                    <Coords points="2995,637 2995,697 3075,697 3075,637"/>
                    <TextEquiv>
                        <Unicode>eines</Unicode>
                    </TextEquiv>
                </Word>
                <Word id="tr_1_tl_14_w15" custom="readingOrder {index:14;}">
                    <Coords points="3111,634 3111,694 3135,694 3135,634"/>
                    <TextEquiv>
                        <Unicode>so</Unicode>
                    </TextEquiv>
                </Word>
                <TextEquiv>
                    <Unicode>Nach ihnen kam Stefan Zweig, für den das, bleibt traurig, daß der Lebensabend eines so</Unicode>
                </TextEquiv>
            </TextLine>
            <TextLine id="tr_1_tl_15" custom="readingOrder {index:14;}">
                <Coords points="506,743 1367,724 1352,680 704,711 509,691"/>
                <Baseline points="519,734 561,734 604,734 647,734 689,732 732,731 775,729 817,726 860,725 903,725 946,724 988,722 1031,722 1074,722 1116,722 1159,721 1202,717 1244,719 1287,716 1330,716 1373,719"/>
                <Word id="tr_1_tl_15_w1" custom="readingOrder {index:0;}">
                    <Coords points="505,694 505,754 577,754 577,694"/>
                    <TextEquiv>
                        <Unicode>Und</Unicode>
                    </TextEquiv>
                </Word>
                <Word id="tr_1_tl_15_w2" custom="readingOrder {index:1;}">
                    <Coords points="611,694 611,754 674,754 674,694"/>
                    <TextEquiv>
                        <Unicode>wer</Unicode>
                    </TextEquiv>
                </Word>
                <Word id="tr_1_tl_15_w3" custom="readingOrder {index:2;}">
                    <Coords points="704,690 704,750 761,750 761,690"/>
                    <TextEquiv>
                        <Unicode>auf</Unicode>
                    </TextEquiv>
                </Word>
                <Word id="tr_1_tl_15_w4" custom="readingOrder {index:3;}">
                    <Coords points="786,685 786,745 1004,745 1004,685"/>
                    <TextEquiv>
                        <Unicode>Dankbarkeit</Unicode>
                    </TextEquiv>
                </Word>
                <Word id="tr_1_tl_15_w5" custom="readingOrder {index:4;}">
                    <Coords points="1034,682 1034,742 1169,742 1169,682"/>
                    <TextEquiv>
                        <Unicode>rechnet,</Unicode>
                    </TextEquiv>
                </Word>
                <Word id="tr_1_tl_15_w6" custom="readingOrder {index:5;}">
                    <Coords points="1213,678 1213,738 1271,738 1271,678"/>
                    <TextEquiv>
                        <Unicode>hat</Unicode>
                    </TextEquiv>
                </Word>
                <Word id="tr_1_tl_15_w7" custom="readingOrder {index:6;}">
                    <Coords points="1315,676 1315,736 1353,736 1353,676"/>
                    <TextEquiv>
                        <Unicode>au</Unicode>
                    </TextEquiv>
                </Word>
                <TextEquiv>
                    <Unicode>Und wer auf Dankbarkeit rechnet, hat au</Unicode>
                </TextEquiv>
            </TextLine>
            <TextLine id="tr_1_tl_16" custom="readingOrder {index:15;}">
                <Coords points="2287,750 3143,728 3143,685 3104,680 2287,704"/>
                <Baseline points="2298,737 2340,734 2382,731 2425,731 2467,731 2510,729 2552,728 2594,728 2637,728 2679,726 2722,725 2764,725 2806,726 2849,728 2891,727 2934,724 2976,723 3018,725 3061,722 3103,719 3146,716"/>
                <Word id="tr_1_tl_16_w1" custom="readingOrder {index:0;}">
                    <Coords points="2282,694 2282,754 2393,754 2393,694"/>
                    <TextEquiv>
                        <Unicode>großen</Unicode>
                    </TextEquiv>
                </Word>
                <Word id="tr_1_tl_16_w2" custom="readingOrder {index:1;}">
                    <Coords points="2429,691 2429,751 2489,751 2489,691"/>
                    <TextEquiv>
                        <Unicode>und</Unicode>
                    </TextEquiv>
                </Word>
                <Word id="tr_1_tl_16_w3" custom="readingOrder {index:2;}">
                    <Coords points="2521,688 2521,748 2647,748 2647,688"/>
                    <TextEquiv>
                        <Unicode>gütigen</Unicode>
                    </TextEquiv>
                </Word>
                <Word id="tr_1_tl_16_w4" custom="readingOrder {index:3;}">
                    <Coords points="2683,685 2683,745 2831,745 2831,685"/>
                    <TextEquiv>
                        <Unicode>Dichters</Unicode>
                    </TextEquiv>
                </Word>
                <Word id="tr_1_tl_16_w5" custom="readingOrder {index:4;}">
                    <Coords points="2862,684 2862,744 3004,744 3004,684"/>
                    <TextEquiv>
                        <Unicode>zerquält</Unicode>
                    </TextEquiv>
                </Word>
                <Word id="tr_1_tl_16_w6" custom="readingOrder {index:5;}">
                    <Coords points="3035,680 3035,740 3136,740 3136,680"/>
                    <TextEquiv>
                        <Unicode>wurde</Unicode>
                    </TextEquiv>
                </Word>
                <TextEquiv>
                    <Unicode>großen und gütigen Dichters zerquält wurde</Unicode>
                </TextEquiv>
            </TextLine>
            <TextLine id="tr_1_tl_17" custom="readingOrder {index:16;}">
                <Coords points="1396,761 2252,743 2252,700 2193,693 1396,713"/>
                <Baseline points="1408,749 1450,746 1492,746 1535,746 1577,746 1620,744 1662,741 1704,740 1747,740 1789,742 1832,741 1874,740 1916,739 1959,737 2001,737 2044,737 2086,737 2128,737 2171,737 2213,734 2256,734"/>
                <Word id="tr_1_tl_17_w1" custom="readingOrder {index:0;}">
                    <Coords points="1396,706 1396,766 1506,766 1506,706"/>
                    <TextEquiv>
                        <Unicode>gleiche</Unicode>
                    </TextEquiv>
                </Word>
                <Word id="tr_1_tl_17_w2" custom="readingOrder {index:1;}">
                    <Coords points="1539,706 1539,766 1613,766 1613,706"/>
                    <TextEquiv>
                        <Unicode>gilt,</Unicode>
                    </TextEquiv>
                </Word>
                <Word id="tr_1_tl_17_w3" custom="readingOrder {index:2;}">
                    <Coords points="1634,700 1634,760 1692,760 1692,700"/>
                    <TextEquiv>
                        <Unicode>und</Unicode>
                    </TextEquiv>
                </Word>
                <Word id="tr_1_tl_17_w4" custom="readingOrder {index:3;}">
                    <Coords points="1720,701 1720,761 1825,761 1825,701"/>
                    <TextEquiv>
                        <Unicode>Franz</Unicode>
                    </TextEquiv>
                </Word>
                <Word id="tr_1_tl_17_w5" custom="readingOrder {index:4;}">
                    <Coords points="1842,699 1842,759 1974,759 1974,699"/>
                    <TextEquiv>
                        <Unicode>Werfel,</Unicode>
                    </TextEquiv>
                </Word>
                <Word id="tr_1_tl_17_w6" custom="readingOrder {index:5;}">
                    <Coords points="1995,697 1995,757 2043,757 2043,697"/>
                    <TextEquiv>
                        <Unicode>der</Unicode>
                    </TextEquiv>
                </Word>
                <Word id="tr_1_tl_17_w7" custom="readingOrder {index:6;}">
                    <Coords points="2075,697 2075,757 2122,757 2122,697"/>
                    <TextEquiv>
                        <Unicode>als</Unicode>
                    </TextEquiv>
                </Word>
                <Word id="tr_1_tl_17_w8" custom="readingOrder {index:7;}">
                    <Coords points="2150,694 2150,754 2255,754 2255,694"/>
                    <TextEquiv>
                        <Unicode>Erster</Unicode>
                    </TextEquiv>
                </Word>
                <TextEquiv>
                    <Unicode>gleiche gilt, und Franz Werfel, der als Erster</Unicode>
                </TextEquiv>
            </TextLine>
            <TextLine id="tr_1_tl_18" custom="readingOrder {index:17;}">
                <Coords points="506,783 1367,770 1367,730 1317,720 506,741"/>
                <Baseline points="519,776 561,776 604,776 647,776 689,776 732,774 775,773 817,771 860,770 903,770 946,769 988,767 1031,767 1074,767 1116,766 1159,764 1202,763 1244,761 1287,761 1330,758 1373,758"/>
                <Word id="tr_1_tl_18_w1" custom="readingOrder {index:0;}">
                    <Coords points="510,736 510,796 608,796 608,736"/>
                    <TextEquiv>
                        <Unicode>Sand</Unicode>
                    </TextEquiv>
                </Word>
                <Word id="tr_1_tl_18_w2" custom="readingOrder {index:1;}">
                    <Coords points="638,735 638,795 765,795 765,735"/>
                    <TextEquiv>
                        <Unicode>gebaut.</Unicode>
                    </TextEquiv>
                </Word>
                <Word id="tr_1_tl_18_w3" custom="readingOrder {index:2;}">
                    <Coords points="791,730 791,790 888,790 888,730"/>
                    <TextEquiv>
                        <Unicode>Wenn</Unicode>
                    </TextEquiv>
                </Word>
                <Word id="tr_1_tl_18_w4" custom="readingOrder {index:3;}">
                    <Coords points="923,729 923,789 953,789 953,729"/>
                    <TextEquiv>
                        <Unicode>es</Unicode>
                    </TextEquiv>
                </Word>
                <Word id="tr_1_tl_18_w5" custom="readingOrder {index:4;}">
                    <Coords points="983,727 983,787 1051,787 1051,727"/>
                    <TextEquiv>
                        <Unicode>auch</Unicode>
                    </TextEquiv>
                </Word>
                <Word id="tr_1_tl_18_w6" custom="readingOrder {index:5;}">
                    <Coords points="1086,723 1086,783 1238,783 1238,723"/>
                    <TextEquiv>
                        <Unicode>vielleicht</Unicode>
                    </TextEquiv>
                </Word>
                <Word id="tr_1_tl_18_w7" custom="readingOrder {index:6;}">
                    <Coords points="1263,721 1263,781 1292,781 1292,721"/>
                    <TextEquiv>
                        <Unicode>in</Unicode>
                    </TextEquiv>
                </Word>
                <Word id="tr_1_tl_18_w8" custom="readingOrder {index:7;}">
                    <Coords points="1327,718 1327,778 1370,778 1370,718"/>
                    <TextEquiv>
                        <Unicode>der</Unicode>
                    </TextEquiv>
                </Word>
                <TextEquiv>
                    <Unicode>Sand gebaut. Wenn es auch vielleicht in der</Unicode>
                </TextEquiv>
            </TextLine>
            <TextLine id="tr_1_tl_19" custom="readingOrder {index:18;}">
                <Coords points="1400,793 3143,772 3143,728 3030,724 1400,761"/>
                <Baseline points="1411,785 1497,785 1584,786 1671,785 1758,785 1845,785 1932,780 2019,782 2106,781 2193,779 2280,778 2366,776 2453,776 2540,773 2627,772 2714,770 2801,770 2888,767 2975,767 3062,764 3149,764"/>
                <Word id="tr_1_tl_19_w1" custom="readingOrder {index:0;}">
                    <Coords points="1394,745 1394,805 1453,805 1453,745"/>
                    <TextEquiv>
                        <Unicode>aus</Unicode>
                    </TextEquiv>
                </Word>
                <Word id="tr_1_tl_19_w2" custom="readingOrder {index:1;}">
                    <Coords points="1483,745 1483,805 1576,805 1576,745"/>
                    <TextEquiv>
                        <Unicode>diesem</Unicode>
                    </TextEquiv>
                </Word>
                <Word id="tr_1_tl_19_w3" custom="readingOrder {index:2;}">
                    <Coords points="1621,745 1621,805 1733,805 1733,745"/>
                    <TextEquiv>
                        <Unicode>Milien</Unicode>
                    </TextEquiv>
                </Word>
                <Word id="tr_1_tl_19_w4" custom="readingOrder {index:3;}">
                    <Coords points="1768,745 1768,805 1861,805 1861,745"/>
                    <TextEquiv>
                        <Unicode>Fren</Unicode>
                    </TextEquiv>
                </Word>
                <Word id="tr_1_tl_19_w5" custom="readingOrder {index:4;}">
                    <Coords points="1921,741 1921,801 2053,801 2053,741"/>
                    <TextEquiv>
                        <Unicode>machte,</Unicode>
                    </TextEquiv>
                </Word>
                <Word id="tr_1_tl_19_w6" custom="readingOrder {index:5;}">
                    <Coords points="2093,740 2093,800 2142,800 2142,740"/>
                    <TextEquiv>
                        <Unicode>sich</Unicode>
                    </TextEquiv>
                </Word>
                <Word id="tr_1_tl_19_w7" custom="readingOrder {index:6;}">
                    <Coords points="2197,738 2197,798 2250,798 2250,738"/>
                    <TextEquiv>
                        <Unicode>zur</Unicode>
                    </TextEquiv>
                </Word>
                <Word id="tr_1_tl_19_w8" custom="readingOrder {index:7;}">
                    <Coords points="2281,737 2281,797 2339,797 2339,737"/>
                    <TextEquiv>
                        <Unicode>von</Unicode>
                    </TextEquiv>
                </Word>
                <Word id="tr_1_tl_19_w9" custom="readingOrder {index:8;}">
                    <Coords points="2369,736 2369,796 2418,796 2418,736"/>
                    <TextEquiv>
                        <Unicode>dem</Unicode>
                    </TextEquiv>
                </Word>
                <Word id="tr_1_tl_19_w10" custom="readingOrder {index:9;}">
                    <Coords points="2458,731 2458,791 2856,791 2856,731"/>
                    <TextEquiv>
                        <Unicode>Danebenstehenmüssen,</Unicode>
                    </TextEquiv>
                </Word>
                <Word id="tr_1_tl_19_w11" custom="readingOrder {index:10;}">
                    <Coords points="2876,727 2876,787 2925,787 2925,727"/>
                    <TextEquiv>
                        <Unicode>von</Unicode>
                    </TextEquiv>
                </Word>
                <Word id="tr_1_tl_19_w12" custom="readingOrder {index:11;}">
                    <Coords points="2960,726 2960,786 3009,786 3009,726"/>
                    <TextEquiv>
                        <Unicode>der</Unicode>
                    </TextEquiv>
                </Word>
                <Word id="tr_1_tl_19_w13" custom="readingOrder {index:12;}">
                    <Coords points="3029,724 3029,784 3137,784 3137,724"/>
                    <TextEquiv>
                        <Unicode>immer</Unicode>
                    </TextEquiv>
                </Word>
                <TextEquiv>
                    <Unicode>aus diesem Milien Fren machte, sich zur von dem Danebenstehenmüssen, von der immer</Unicode>
                </TextEquiv>
            </TextLine>
            <TextLine id="tr_1_tl_20" custom="readingOrder {index:19;}">
                <Coords points="506,839 1369,820 1372,765 1341,761 509,791"/>
                <Baseline points="519,820 561,820 604,820 647,818 690,817 733,817 776,815 818,812 861,811 904,811 947,811 990,811 1033,810 1076,808 1118,808 1161,807 1204,805 1247,805 1290,802 1333,802 1376,799"/>
                <Word id="tr_1_tl_20_w1" custom="readingOrder {index:0;}">
                    <Coords points="506,779 506,839 724,839 724,779"/>
                    <TextEquiv>
                        <Unicode>Entwicklung</Unicode>
                    </TextEquiv>
                </Word>
                <Word id="tr_1_tl_20_w2" custom="readingOrder {index:1;}">
                    <Coords points="761,774 761,834 818,834 818,774"/>
                    <TextEquiv>
                        <Unicode>kein</Unicode>
                    </TextEquiv>
                </Word>
                <Word id="tr_1_tl_20_w3" custom="readingOrder {index:2;}">
                    <Coords points="855,771 855,831 1031,831 1031,771"/>
                    <TextEquiv>
                        <Unicode>Vorwärts</Unicode>
                    </TextEquiv>
                </Word>
                <Word id="tr_1_tl_20_w4" custom="readingOrder {index:3;}">
                    <Coords points="1063,768 1063,828 1146,828 1146,768"/>
                    <TextEquiv>
                        <Unicode>gibt,</Unicode>
                    </TextEquiv>
                </Word>
                <Word id="tr_1_tl_20_w5" custom="readingOrder {index:4;}">
                    <Coords points="1178,765 1178,825 1219,825 1219,765"/>
                    <TextEquiv>
                        <Unicode>ein</Unicode>
                    </TextEquiv>
                </Word>
                <Word id="tr_1_tl_20_w6" custom="readingOrder {index:5;}">
                    <Coords points="1256,762 1256,822 1375,822 1375,762"/>
                    <TextEquiv>
                        <Unicode>Zurüch</Unicode>
                    </TextEquiv>
                </Word>
                <TextEquiv>
                    <Unicode>Entwicklung kein Vorwärts gibt, ein Zurüch</Unicode>
                </TextEquiv>
            </TextLine>
            <TextLine id="tr_1_tl_21" custom="readingOrder {index:20;}">
                <Coords points="1402,839 3143,817 3143,774 3017,767 1404,796"/>
                <Baseline points="1414,829 1500,829 1587,829 1674,826 1761,826 1847,824 1934,823 2021,821 2108,823 2194,820 2281,822 2368,819 2455,818 2541,814 2628,814 2715,811 2802,811 2888,808 2975,808 3062,805 3149,802"/>
                <Word id="tr_1_tl_21_w1" custom="readingOrder {index:0;}">
                    <Coords points="1401,789 1401,849 1587,849 1587,789"/>
                    <TextEquiv>
                        <Unicode>Revolution</Unicode>
                    </TextEquiv>
                </Word>
                <Word id="tr_1_tl_21_w2" custom="readingOrder {index:1;}">
                    <Coords points="1620,786 1620,846 1788,846 1788,786"/>
                    <TextEquiv>
                        <Unicode>bekannte,</Unicode>
                    </TextEquiv>
                </Word>
                <Word id="tr_1_tl_21_w3" custom="readingOrder {index:2;}">
                    <Coords points="1802,784 1802,844 1816,844 1816,784"/>
                    <TextEquiv>
                        <Unicode>a</Unicode>
                    </TextEquiv>
                </Word>
                <Word id="tr_1_tl_21_w4" custom="readingOrder {index:3;}">
                    <Coords points="1858,783 1858,843 1895,843 1895,783"/>
                    <TextEquiv>
                        <Unicode>r,</Unicode>
                    </TextEquiv>
                </Word>
                <Word id="tr_1_tl_21_w5" custom="readingOrder {index:4;}">
                    <Coords points="1919,782 1919,842 1974,842 1974,782"/>
                    <TextEquiv>
                        <Unicode>wie</Unicode>
                    </TextEquiv>
                </Word>
                <Word id="tr_1_tl_21_w6" custom="readingOrder {index:5;}">
                    <Coords points="2022,781 2022,841 2082,841 2082,781"/>
                    <TextEquiv>
                        <Unicode>aus</Unicode>
                    </TextEquiv>
                </Word>
                <Word id="tr_1_tl_21_w7" custom="readingOrder {index:6;}">
                    <Coords points="2134,780 2134,840 2231,840 2231,780"/>
                    <TextEquiv>
                        <Unicode>seinem</Unicode>
                    </TextEquiv>
                </Word>
                <Word id="tr_1_tl_21_w8" custom="readingOrder {index:7;}">
                    <Coords points="2283,779 2283,839 2432,839 2432,779"/>
                    <TextEquiv>
                        <Unicode>geringer</Unicode>
                    </TextEquiv>
                </Word>
                <Word id="tr_1_tl_21_w9" custom="readingOrder {index:8;}">
                    <Coords points="2461,774 2461,834 2638,834 2638,774"/>
                    <TextEquiv>
                        <Unicode>werdenden</Unicode>
                    </TextEquiv>
                </Word>
                <Word id="tr_1_tl_21_w10" custom="readingOrder {index:9;}">
                    <Coords points="2671,771 2671,831 2853,831 2853,771"/>
                    <TextEquiv>
                        <Unicode>Resonanz,</Unicode>
                    </TextEquiv>
                </Word>
                <Word id="tr_1_tl_21_w11" custom="readingOrder {index:10;}">
                    <Coords points="2872,768 2872,828 2927,828 2927,768"/>
                    <TextEquiv>
                        <Unicode>von</Unicode>
                    </TextEquiv>
                </Word>
                <Word id="tr_1_tl_21_w12" custom="readingOrder {index:11;}">
                    <Coords points="2956,767 2956,827 3007,827 3007,767"/>
                    <TextEquiv>
                        <Unicode>der</Unicode>
                    </TextEquiv>
                </Word>
                <Word id="tr_1_tl_21_w13" custom="readingOrder {index:12;}">
                    <Coords points="3035,764 3035,824 3137,824 3137,764"/>
                    <TextEquiv>
                        <Unicode>Sorge</Unicode>
                    </TextEquiv>
                </Word>
                <TextEquiv>
                    <Unicode>Revolution bekannte, a r, wie aus seinem geringer werdenden Resonanz, von der Sorge</Unicode>
                </TextEquiv>
            </TextLine>
            <TextLine id="tr_1_tl_22" custom="readingOrder {index:21;}">
                <Coords points="2287,870 3143,852 3143,817 3087,809 2287,835"/>
                <Baseline points="2298,859 2340,862 2383,859 2425,859 2468,859 2510,859 2553,859 2595,857 2638,856 2680,856 2723,855 2766,853 2808,853 2851,852 2893,850 2936,850 2978,850 3021,850 3063,847 3106,847 3149,841"/>
                <Word id="tr_1_tl_22_w1" custom="readingOrder {index:0;}">
                    <Coords points="2287,819 2287,879 2321,879 2321,819"/>
                    <TextEquiv>
                        <Unicode>um</Unicode>
                    </TextEquiv>
                </Word>
                <Word id="tr_1_tl_22_w2" custom="readingOrder {index:1;}">
                    <Coords points="2368,819 2368,879 2412,879 2412,819"/>
                    <TextEquiv>
                        <Unicode>die</Unicode>
                    </TextEquiv>
                </Word>
                <Word id="tr_1_tl_22_w3" custom="readingOrder {index:2;}">
                    <Coords points="2443,819 2443,879 2615,879 2615,819"/>
                    <TextEquiv>
                        <Unicode>materielle</Unicode>
                    </TextEquiv>
                </Word>
                <Word id="tr_1_tl_22_w4" custom="readingOrder {index:3;}">
                    <Coords points="2641,815 2641,875 2782,875 2782,815"/>
                    <TextEquiv>
                        <Unicode>Existenz</Unicode>
                    </TextEquiv>
                </Word>
                <Word id="tr_1_tl_22_w5" custom="readingOrder {index:4;}">
                    <Coords points="2813,812 2813,872 2873,872 2873,812"/>
                    <TextEquiv>
                        <Unicode>und</Unicode>
                    </TextEquiv>
                </Word>
                <Word id="tr_1_tl_22_w6" custom="readingOrder {index:5;}">
                    <Coords points="2904,810 2904,870 2984,870 2984,810"/>
                    <TextEquiv>
                        <Unicode>durch</Unicode>
                    </TextEquiv>
                </Word>
                <Word id="tr_1_tl_22_w7" custom="readingOrder {index:6;}">
                    <Coords points="3015,807 3015,867 3141,867 3141,807"/>
                    <TextEquiv>
                        <Unicode>persön¬</Unicode>
                    </TextEquiv>
                </Word>
                <TextEquiv>
                    <Unicode>um die materielle Existenz und durch persön¬</Unicode>
                </TextEquiv>
            </TextLine>
            <TextLine id="tr_1_tl_23" custom="readingOrder {index:22;}">
                <Coords points="511,887 541,893 578,870 735,880 756,863 950,874 1000,865 1002,820 511,837"/>
                <Baseline points="522,871 547,867 572,865 598,865 623,864 649,862 674,862 699,862 725,860 750,859 776,859 801,858 827,856 852,856 877,856 903,856 928,855 954,853 979,854 1005,856"/>
                <Word id="tr_1_tl_23_w1" custom="readingOrder {index:0;}">
                    <Coords points="516,826 516,886 586,886 586,826"/>
                    <TextEquiv>
                        <Unicode>gibt</Unicode>
                    </TextEquiv>
                </Word>
                <Word id="tr_1_tl_23_w2" custom="readingOrder {index:1;}">
                    <Coords points="607,824 607,884 636,884 636,824"/>
                    <TextEquiv>
                        <Unicode>es</Unicode>
                    </TextEquiv>
                </Word>
                <Word id="tr_1_tl_23_w3" custom="readingOrder {index:2;}">
                    <Coords points="667,821 667,881 732,881 732,821"/>
                    <TextEquiv>
                        <Unicode>noch</Unicode>
                    </TextEquiv>
                </Word>
                <Word id="tr_1_tl_23_w4" custom="readingOrder {index:3;}">
                    <Coords points="763,818 763,878 823,878 823,818"/>
                    <TextEquiv>
                        <Unicode>viel</Unicode>
                    </TextEquiv>
                </Word>
                <Word id="tr_1_tl_23_w5" custom="readingOrder {index:4;}">
                    <Coords points="849,815 849,875 1000,875 1000,815"/>
                    <TextEquiv>
                        <Unicode>weniger.</Unicode>
                    </TextEquiv>
                </Word>
                <TextEquiv>
                    <Unicode>gibt es noch viel weniger.</Unicode>
                </TextEquiv>
            </TextLine>
            <TextLine id="tr_1_tl_24" custom="readingOrder {index:23;}">
                <Coords points="1402,878 2239,870 2239,824 1402,837"/>
                <Baseline points="1414,874 1455,873 1497,871 1538,871 1580,871 1621,871 1663,871 1704,871 1746,868 1787,868 1829,868 1870,868 1912,868 1953,867 1995,865 2036,865 2078,865 2119,864 2161,862 2202,865 2244,862"/>
                <Word id="tr_1_tl_24_w1" custom="readingOrder {index:0;}">
                    <Coords points="1402,833 1402,893 1502,893 1502,833"/>
                    <TextEquiv>
                        <Unicode>letzten</Unicode>
                    </TextEquiv>
                </Word>
                <Word id="tr_1_tl_24_w2" custom="readingOrder {index:1;}">
                    <Coords points="1537,831 1537,891 1643,891 1643,831"/>
                    <TextEquiv>
                        <Unicode>Werk:</Unicode>
                    </TextEquiv>
                </Word>
                <Word id="tr_1_tl_24_w3" custom="readingOrder {index:2;}">
                    <Coords points="1673,830 1673,890 1758,890 1758,830"/>
                    <TextEquiv>
                        <Unicode>„Die</Unicode>
                    </TextEquiv>
                </Word>
                <Word id="tr_1_tl_24_w4" custom="readingOrder {index:3;}">
                    <Coords points="1789,828 1789,888 1985,888 1985,828"/>
                    <TextEquiv>
                        <Unicode>Geschwister</Unicode>
                    </TextEquiv>
                </Word>
                <Word id="tr_1_tl_24_w5" custom="readingOrder {index:4;}">
                    <Coords points="2021,825 2021,885 2076,885 2076,825"/>
                    <TextEquiv>
                        <Unicode>von</Unicode>
                    </TextEquiv>
                </Word>
                <Word id="tr_1_tl_24_w6" custom="readingOrder {index:5;}">
                    <Coords points="2117,823 2117,883 2237,883 2237,823"/>
                    <TextEquiv>
                        <Unicode>Neapel</Unicode>
                    </TextEquiv>
                </Word>
                <TextEquiv>
                    <Unicode>letzten Werk: „Die Geschwister von Neapel</Unicode>
                </TextEquiv>
            </TextLine>
            <TextLine id="tr_1_tl_25" custom="readingOrder {index:24;}">
                <Coords points="561,924 1367,904 1367,848 1302,865 1254,835 1148,837 1083,878 1048,854 563,876"/>
                <Baseline points="573,910 613,913 653,913 693,911 733,910 773,910 813,908 853,907 893,907 933,906 973,904 1013,904 1053,904 1093,904 1133,902 1173,899 1213,899 1253,900 1293,897 1333,895 1373,892"/>
                <Word id="tr_1_tl_25_w1" custom="readingOrder {index:0;}">
                    <Coords points="561,872 561,932 651,932 651,872"/>
                    <TextEquiv>
                        <Unicode>Wäre</Unicode>
                    </TextEquiv>
                </Word>
                <Word id="tr_1_tl_25_w2" custom="readingOrder {index:1;}">
                    <Coords points="678,870 678,930 800,930 800,870"/>
                    <TextEquiv>
                        <Unicode>Arthur</Unicode>
                    </TextEquiv>
                </Word>
                <Word id="tr_1_tl_25_w3" custom="readingOrder {index:2;}">
                    <Coords points="827,866 827,926 997,926 997,866"/>
                    <TextEquiv>
                        <Unicode>Schnitzler</Unicode>
                    </TextEquiv>
                </Word>
                <Word id="tr_1_tl_25_w4" custom="readingOrder {index:3;}">
                    <Coords points="1025,864 1025,924 1066,924 1066,864"/>
                    <TextEquiv>
                        <Unicode>ein</Unicode>
                    </TextEquiv>
                </Word>
                <Word id="tr_1_tl_25_w5" custom="readingOrder {index:4;}">
                    <Coords points="1099,859 1099,919 1226,919 1226,859"/>
                    <TextEquiv>
                        <Unicode>Dichter</Unicode>
                    </TextEquiv>
                </Word>
                <Word id="tr_1_tl_25_w6" custom="readingOrder {index:5;}">
                    <Coords points="1254,856 1254,916 1359,916 1359,856"/>
                    <TextEquiv>
                        <Unicode>Frank</Unicode>
                    </TextEquiv>
                </Word>
                <TextEquiv>
                    <Unicode>Wäre Arthur Schnitzler ein Dichter Frank</Unicode>
                </TextEquiv>
            </TextLine>
            <TextLine id="tr_1_tl_26" custom="readingOrder {index:25;}">
                <Coords points="1402,933 3143,911 3143,852 3050,848 1404,880"/>
                <Baseline points="1414,919 1500,916 1587,916 1674,913 1761,913 1847,913 1934,911 2021,911 2108,907 2194,907 2281,906 2368,901 2455,901 2541,901 2628,901 2715,898 2802,897 2888,895 2975,895 3062,892 3149,889"/>
                <Word id="tr_1_tl_26_w1" custom="readingOrder {index:0;}">
                    <Coords points="1402,876 1402,936 1607,936 1607,876"/>
                    <TextEquiv>
                        <Unicode>hervorgeht,</Unicode>
                    </TextEquiv>
                </Word>
                <Word id="tr_1_tl_26_w2" custom="readingOrder {index:1;}">
                    <Coords points="1628,873 1628,933 1865,933 1865,873"/>
                    <TextEquiv>
                        <Unicode>heimgefunden</Unicode>
                    </TextEquiv>
                </Word>
                <Word id="tr_1_tl_26_w3" custom="readingOrder {index:2;}">
                    <Coords points="1901,871 1901,931 1968,931 1968,871"/>
                    <TextEquiv>
                        <Unicode>hat.</Unicode>
                    </TextEquiv>
                </Word>
                <Word id="tr_1_tl_26_w4" custom="readingOrder {index:3;}">
                    <Coords points="1994,870 1994,930 2050,930 2050,870"/>
                    <TextEquiv>
                        <Unicode>(In</Unicode>
                    </TextEquiv>
                </Word>
                <Word id="tr_1_tl_26_w5" custom="readingOrder {index:4;}">
                    <Coords points="2087,867 2087,927 2261,927 2261,867"/>
                    <TextEquiv>
                        <Unicode>Gegensatz</Unicode>
                    </TextEquiv>
                </Word>
                <Word id="tr_1_tl_26_w6" custom="readingOrder {index:5;}">
                    <Coords points="2287,862 2287,922 2405,922 2405,862"/>
                    <TextEquiv>
                        <Unicode>lichstes</Unicode>
                    </TextEquiv>
                </Word>
                <Word id="tr_1_tl_26_w7" custom="readingOrder {index:6;}">
                    <Coords points="2437,861 2437,921 2508,921 2508,861"/>
                    <TextEquiv>
                        <Unicode>Leid</Unicode>
                    </TextEquiv>
                </Word>
                <Word id="tr_1_tl_26_w8" custom="readingOrder {index:7;}">
                    <Coords points="2535,861 2535,921 2570,921 2570,861"/>
                    <TextEquiv>
                        <Unicode>um</Unicode>
                    </TextEquiv>
                </Word>
                <Word id="tr_1_tl_26_w9" custom="readingOrder {index:8;}">
                    <Coords points="2617,858 2617,918 2786,918 2786,858"/>
                    <TextEquiv>
                        <Unicode>Tragödien</Unicode>
                    </TextEquiv>
                </Word>
                <Word id="tr_1_tl_26_w10" custom="readingOrder {index:9;}">
                    <Coords points="2823,856 2823,916 2848,916 2848,856"/>
                    <TextEquiv>
                        <Unicode>im</Unicode>
                    </TextEquiv>
                </Word>
                <Word id="tr_1_tl_26_w11" custom="readingOrder {index:10;}">
                    <Coords points="2895,855 2895,915 3013,915 3013,855"/>
                    <TextEquiv>
                        <Unicode>engsten</Unicode>
                    </TextEquiv>
                </Word>
                <Word id="tr_1_tl_26_w12" custom="readingOrder {index:11;}">
                    <Coords points="3044,851 3044,911 3136,911 3136,851"/>
                    <TextEquiv>
                        <Unicode>Kreis</Unicode>
                    </TextEquiv>
                </Word>
                <TextEquiv>
                    <Unicode>hervorgeht, heimgefunden hat. (In Gegensatz lichstes Leid um Tragödien im engsten Kreis</Unicode>
                </TextEquiv>
            </TextLine>
            <TextLine id="tr_1_tl_27" custom="readingOrder {index:26;}">
                <Coords points="2287,969 2315,974 2354,946 2380,961 2409,950 2435,950 2445,961 2465,952 2519,954 2519,911 2465,906 2448,915 2432,906 2406,915 2380,906 2361,919 2287,913"/>
                <Baseline points="2298,946 2323,946 2348,946 2373,944 2398,944 2424,945 2449,945 2474,943 2499,944 2525,946"/>
                <Word id="tr_1_tl_27_w1" custom="readingOrder {index:0;}">
                    <Coords points="2287,906 2287,966 2337,966 2337,906"/>
                    <TextEquiv>
                        <Unicode>der</Unicode>
                    </TextEquiv>
                </Word>
                <Word id="tr_1_tl_27_w2" custom="readingOrder {index:1;}">
                    <Coords points="2369,905 2369,965 2522,965 2522,905"/>
                    <TextEquiv>
                        <Unicode>Familie.</Unicode>
                    </TextEquiv>
                </Word>
                <TextEquiv>
                    <Unicode>der Familie.</Unicode>
                </TextEquiv>
            </TextLine>
            <TextLine id="tr_1_tl_28" custom="readingOrder {index:27;}">
                <Coords points="506,961 1365,954 1352,904 509,915"/>
                <Baseline points="519,958 561,958 604,958 647,958 689,956 732,955 775,955 817,953 860,952 903,950 946,949 988,949 1031,949 1074,948 1116,946 1159,945 1202,942 1244,940 1287,940 1330,940 1373,943"/>
                <Word id="tr_1_tl_28_w1" custom="readingOrder {index:0;}">
                    <Coords points="510,918 510,978 625,978 625,918"/>
                    <TextEquiv>
                        <Unicode>reichs,</Unicode>
                    </TextEquiv>
                </Word>
                <Word id="tr_1_tl_28_w2" custom="readingOrder {index:1;}">
                    <Coords points="645,917 645,977 678,977 678,917"/>
                    <TextEquiv>
                        <Unicode>an</Unicode>
                    </TextEquiv>
                </Word>
                <Word id="tr_1_tl_28_w3" custom="readingOrder {index:2;}">
                    <Coords points="713,915 713,975 809,975 809,915"/>
                    <TextEquiv>
                        <Unicode>seiner</Unicode>
                    </TextEquiv>
                </Word>
                <Word id="tr_1_tl_28_w4" custom="readingOrder {index:3;}">
                    <Coords points="839,909 839,969 1056,969 1056,909"/>
                    <TextEquiv>
                        <Unicode>Totenbahre,</Unicode>
                    </TextEquiv>
                </Word>
                <Word id="tr_1_tl_28_w5" custom="readingOrder {index:4;}">
                    <Coords points="1076,907 1076,967 1109,967 1109,907"/>
                    <TextEquiv>
                        <Unicode>an</Unicode>
                    </TextEquiv>
                </Word>
                <Word id="tr_1_tl_28_w6" custom="readingOrder {index:5;}">
                    <Coords points="1144,902 1144,962 1240,962 1240,902"/>
                    <TextEquiv>
                        <Unicode>seinem</Unicode>
                    </TextEquiv>
                </Word>
                <Word id="tr_1_tl_28_w7" custom="readingOrder {index:6;}">
                    <Coords points="1279,900 1279,960 1361,960 1361,900"/>
                    <TextEquiv>
                        <Unicode>Sarg</Unicode>
                    </TextEquiv>
                </Word>
                <TextEquiv>
                    <Unicode>reichs, an seiner Totenbahre, an seinem Sarg</Unicode>
                </TextEquiv>
            </TextLine>
            <TextLine id="tr_1_tl_29" custom="readingOrder {index:28;}">
                <Coords points="1402,972 2256,959 2256,919 2085,906 1404,933"/>
                <Baseline points="1417,964 1459,961 1501,964 1543,961 1586,961 1628,958 1670,958 1712,956 1755,955 1797,955 1839,955 1881,955 1924,955 1966,954 2008,952 2050,952 2093,952 2135,952 2177,952 2219,952 2262,949"/>
                <Word id="tr_1_tl_29_w1" custom="readingOrder {index:0;}">
                    <Coords points="1402,922 1402,982 1469,982 1469,922"/>
                    <TextEquiv>
                        <Unicode>etwa</Unicode>
                    </TextEquiv>
                </Word>
                <Word id="tr_1_tl_29_w2" custom="readingOrder {index:1;}">
                    <Coords points="1511,922 1511,982 1537,982 1537,922"/>
                    <TextEquiv>
                        <Unicode>zu</Unicode>
                    </TextEquiv>
                </Word>
                <Word id="tr_1_tl_29_w3" custom="readingOrder {index:2;}">
                    <Coords points="1574,918 1574,978 1677,978 1677,918"/>
                    <TextEquiv>
                        <Unicode>Jakob</Unicode>
                    </TextEquiv>
                </Word>
                <Word id="tr_1_tl_29_w4" custom="readingOrder {index:3;}">
                    <Coords points="1714,915 1714,975 1953,975 1953,915"/>
                    <TextEquiv>
                        <Unicode>Wassermann,</Unicode>
                    </TextEquiv>
                </Word>
                <Word id="tr_1_tl_29_w5" custom="readingOrder {index:4;}">
                    <Coords points="1979,912 1979,972 2031,972 2031,912"/>
                    <TextEquiv>
                        <Unicode>der</Unicode>
                    </TextEquiv>
                </Word>
                <Word id="tr_1_tl_29_w6" custom="readingOrder {index:5;}">
                    <Coords points="2063,912 2063,972 2171,972 2171,912"/>
                    <TextEquiv>
                        <Unicode>ehrlich</Unicode>
                    </TextEquiv>
                </Word>
                <Word id="tr_1_tl_29_w7" custom="readingOrder {index:6;}">
                    <Coords points="2208,911 2208,971 2254,971 2254,911"/>
                    <TextEquiv>
                        <Unicode>be¬</Unicode>
                    </TextEquiv>
                </Word>
                <TextEquiv>
                    <Unicode>etwa zu Jakob Wassermann, der ehrlich be¬</Unicode>
                </TextEquiv>
            </TextLine>
            <TextLine id="tr_1_tl_30" custom="readingOrder {index:29;}">
                <Coords points="2326,996 3143,985 3143,933 2761,911 2539,959 2326,952"/>
                <Baseline points="2337,985 2377,988 2418,988 2458,988 2499,988 2540,987 2580,985 2621,985 2661,985 2702,985 2743,982 2783,982 2824,982 2864,982 2905,982 2946,981 2986,979 3027,979 3067,978 3108,976 3149,973"/>
                <Word id="tr_1_tl_30_w1" custom="readingOrder {index:0;}">
                    <Coords points="2331,948 2331,1008 2426,1008 2426,948"/>
                    <TextEquiv>
                        <Unicode>Welch</Unicode>
                    </TextEquiv>
                </Word>
                <Word id="tr_1_tl_30_w2" custom="readingOrder {index:1;}">
                    <Coords points="2463,946 2463,1006 2643,1006 2643,946"/>
                    <TextEquiv>
                        <Unicode>ungeheure</Unicode>
                    </TextEquiv>
                </Word>
                <Word id="tr_1_tl_30_w3" custom="readingOrder {index:2;}">
                    <Coords points="2675,942 2675,1002 2876,1002 2876,942"/>
                    <TextEquiv>
                        <Unicode>Resignation</Unicode>
                    </TextEquiv>
                </Word>
                <Word id="tr_1_tl_30_w4" custom="readingOrder {index:3;}">
                    <Coords points="2919,940 2919,1000 2993,1000 2993,940"/>
                    <TextEquiv>
                        <Unicode>liegt</Unicode>
                    </TextEquiv>
                </Word>
                <Word id="tr_1_tl_30_w5" custom="readingOrder {index:4;}">
                    <Coords points="3025,938 3025,998 3046,998 3046,938"/>
                    <TextEquiv>
                        <Unicode>in</Unicode>
                    </TextEquiv>
                </Word>
                <Word id="tr_1_tl_30_w6" custom="readingOrder {index:5;}">
                    <Coords points="3088,935 3088,995 3135,995 3135,935"/>
                    <TextEquiv>
                        <Unicode>bes</Unicode>
                    </TextEquiv>
                </Word>
                <TextEquiv>
                    <Unicode>Welch ungeheure Resignation liegt in bes</Unicode>
                </TextEquiv>
            </TextLine>
            <TextLine id="tr_1_tl_31" custom="readingOrder {index:30;}">
                <Coords points="506,1004 1374,989 1376,954 1309,943 509,967"/>
                <Baseline points="519,1002 562,1002 605,1000 648,999 691,999 734,997 777,996 821,995 864,993 907,993 950,993 993,992 1036,990 1079,990 1123,988 1166,987 1209,985 1252,985 1295,985 1338,982 1382,982"/>
                <Word id="tr_1_tl_31_w1" custom="readingOrder {index:0;}">
                    <Coords points="511,961 511,1021 623,1021 623,961"/>
                    <TextEquiv>
                        <Unicode>würde</Unicode>
                    </TextEquiv>
                </Word>
                <Word id="tr_1_tl_31_w2" custom="readingOrder {index:1;}">
                    <Coords points="650,959 650,1019 697,1019 697,959"/>
                    <TextEquiv>
                        <Unicode>sich</Unicode>
                    </TextEquiv>
                </Word>
                <Word id="tr_1_tl_31_w3" custom="readingOrder {index:2;}">
                    <Coords points="724,955 724,1015 851,1015 851,955"/>
                    <TextEquiv>
                        <Unicode>spontan</Unicode>
                    </TextEquiv>
                </Word>
                <Word id="tr_1_tl_31_w4" custom="readingOrder {index:3;}">
                    <Coords points="885,953 885,1013 932,1013 932,953"/>
                    <TextEquiv>
                        <Unicode>die</Unicode>
                    </TextEquiv>
                </Word>
                <Word id="tr_1_tl_31_w5" custom="readingOrder {index:4;}">
                    <Coords points="959,951 959,1011 1033,1011 1033,951"/>
                    <TextEquiv>
                        <Unicode>beste</Unicode>
                    </TextEquiv>
                </Word>
                <Word id="tr_1_tl_31_w6" custom="readingOrder {index:5;}">
                    <Coords points="1060,947 1060,1007 1187,1007 1187,947"/>
                    <TextEquiv>
                        <Unicode>Jugend</Unicode>
                    </TextEquiv>
                </Word>
                <Word id="tr_1_tl_31_w7" custom="readingOrder {index:6;}">
                    <Coords points="1220,945 1220,1005 1268,1005 1268,945"/>
                    <TextEquiv>
                        <Unicode>des</Unicode>
                    </TextEquiv>
                </Word>
                <Word id="tr_1_tl_31_w8" custom="readingOrder {index:7;}">
                    <Coords points="1295,942 1295,1002 1379,1002 1379,942"/>
                    <TextEquiv>
                        <Unicode>Lan¬</Unicode>
                    </TextEquiv>
                </Word>
                <TextEquiv>
                    <Unicode>würde sich spontan die beste Jugend des Lan¬</Unicode>
                </TextEquiv>
            </TextLine>
            <TextLine id="tr_1_tl_32" custom="readingOrder {index:31;}">
                <Coords points="1402,1011 2261,1000 2261,956 1404,972"/>
                <Baseline points="1414,1002 1456,1002 1499,1005 1541,1005 1584,1003 1626,1000 1669,999 1711,999 1754,999 1796,999 1839,999 1882,999 1924,998 1967,997 2009,998 2052,997 2094,999 2137,998 2179,993 2222,993 2265,990"/>
                <Word id="tr_1_tl_32_w1" custom="readingOrder {index:0;}">
                    <Coords points="1407,962 1407,1022 1494,1022 1494,962"/>
                    <TextEquiv>
                        <Unicode>müht</Unicode>
                    </TextEquiv>
                </Word>
                <Word id="tr_1_tl_32_w2" custom="readingOrder {index:1;}">
                    <Coords points="1520,964 1520,1024 1571,1024 1571,964"/>
                    <TextEquiv>
                        <Unicode>ist,</Unicode>
                    </TextEquiv>
                </Word>
                <Word id="tr_1_tl_32_w3" custom="readingOrder {index:2;}">
                    <Coords points="1593,960 1593,1020 1639,1020 1639,960"/>
                    <TextEquiv>
                        <Unicode>den</Unicode>
                    </TextEquiv>
                </Word>
                <Word id="tr_1_tl_32_w4" custom="readingOrder {index:3;}">
                    <Coords points="1676,959 1676,1019 1763,1019 1763,959"/>
                    <TextEquiv>
                        <Unicode>Geist</Unicode>
                    </TextEquiv>
                </Word>
                <Word id="tr_1_tl_32_w5" custom="readingOrder {index:4;}">
                    <Coords points="1789,959 1789,1019 1836,1019 1836,959"/>
                    <TextEquiv>
                        <Unicode>der</Unicode>
                    </TextEquiv>
                </Word>
                <Word id="tr_1_tl_32_w6" custom="readingOrder {index:5;}">
                    <Coords points="1883,957 1883,1017 1975,1017 1975,957"/>
                    <TextEquiv>
                        <Unicode>neuen</Unicode>
                    </TextEquiv>
                </Word>
                <Word id="tr_1_tl_32_w7" custom="readingOrder {index:6;}">
                    <Coords points="2011,957 2011,1017 2084,1017 2084,957"/>
                    <TextEquiv>
                        <Unicode>Zeit</Unicode>
                    </TextEquiv>
                </Word>
                <Word id="tr_1_tl_32_w8" custom="readingOrder {index:7;}">
                    <Coords points="2126,957 2126,1017 2156,1017 2156,957"/>
                    <TextEquiv>
                        <Unicode>zu</Unicode>
                    </TextEquiv>
                </Word>
                <Word id="tr_1_tl_32_w9" custom="readingOrder {index:8;}">
                    <Coords points="2213,952 2213,1012 2259,1012 2259,952"/>
                    <TextEquiv>
                        <Unicode>er¬</Unicode>
                    </TextEquiv>
                </Word>
                <TextEquiv>
                    <Unicode>müht ist, den Geist der neuen Zeit zu er¬</Unicode>
                </TextEquiv>
            </TextLine>
            <TextLine id="tr_1_tl_33" custom="readingOrder {index:32;}">
                <Coords points="2289,1041 3089,1035 3148,1026 3150,987 2289,996"/>
                <Baseline points="2301,1035 2343,1032 2386,1032 2428,1032 2471,1032 2513,1030 2556,1027 2598,1026 2641,1028 2683,1027 2726,1026 2769,1026 2811,1025 2854,1023 2896,1023 2939,1022 2981,1020 3024,1020 3066,1020 3109,1017 3152,1017"/>
                <Word id="tr_1_tl_33_w1" custom="readingOrder {index:0;}">
                    <Coords points="2289,993 2289,1053 2368,1053 2368,993"/>
                    <TextEquiv>
                        <Unicode>toten</Unicode>
                    </TextEquiv>
                </Word>
                <Word id="tr_1_tl_33_w2" custom="readingOrder {index:1;}">
                    <Coords points="2401,991 2401,1051 2550,1051 2550,991"/>
                    <TextEquiv>
                        <Unicode>Meisters</Unicode>
                    </TextEquiv>
                </Word>
                <Word id="tr_1_tl_33_w3" custom="readingOrder {index:2;}">
                    <Coords points="2583,987 2583,1047 2731,1047 2731,987"/>
                    <TextEquiv>
                        <Unicode>Wunsch,</Unicode>
                    </TextEquiv>
                </Word>
                <Word id="tr_1_tl_33_w4" custom="readingOrder {index:3;}">
                    <Coords points="2753,985 2753,1045 2796,1045 2796,985"/>
                    <TextEquiv>
                        <Unicode>ein</Unicode>
                    </TextEquiv>
                </Word>
                <Word id="tr_1_tl_33_w5" custom="readingOrder {index:4;}">
                    <Coords points="2834,982 2834,1042 3019,1042 3019,982"/>
                    <TextEquiv>
                        <Unicode>Begräbnis</Unicode>
                    </TextEquiv>
                </Word>
                <Word id="tr_1_tl_33_w6" custom="readingOrder {index:5;}">
                    <Coords points="3047,977 3047,1037 3148,1037 3148,977"/>
                    <TextEquiv>
                        <Unicode>letzter</Unicode>
                    </TextEquiv>
                </Word>
                <TextEquiv>
                    <Unicode>toten Meisters Wunsch, ein Begräbnis letzter</Unicode>
                </TextEquiv>
            </TextLine>
            <TextLine id="tr_1_tl_34" custom="readingOrder {index:33;}">
                <Coords points="511,1054 1374,1037 1352,985 511,1006"/>
                <Baseline points="522,1047 564,1044 607,1042 650,1041 693,1041 736,1039 779,1038 821,1038 864,1038 907,1037 950,1035 993,1035 1036,1034 1079,1032 1121,1031 1164,1028 1207,1026 1250,1026 1293,1028 1336,1023 1379,1020"/>
                <Word id="tr_1_tl_34_w1" custom="readingOrder {index:0;}">
                    <Coords points="516,1005 516,1065 565,1065 565,1005"/>
                    <TextEquiv>
                        <Unicode>des</Unicode>
                    </TextEquiv>
                </Word>
                <Word id="tr_1_tl_34_w2" custom="readingOrder {index:1;}">
                    <Coords points="596,1000 596,1060 802,1060 802,1000"/>
                    <TextEquiv>
                        <Unicode>versammelt</Unicode>
                    </TextEquiv>
                </Word>
                <Word id="tr_1_tl_34_w3" custom="readingOrder {index:2;}">
                    <Coords points="823,997 823,1057 939,1057 939,997"/>
                    <TextEquiv>
                        <Unicode>haben,</Unicode>
                    </TextEquiv>
                </Word>
                <Word id="tr_1_tl_34_w4" custom="readingOrder {index:3;}">
                    <Coords points="959,995 959,1055 999,1055 999,995"/>
                    <TextEquiv>
                        <Unicode>sie</Unicode>
                    </TextEquiv>
                </Word>
                <Word id="tr_1_tl_34_w5" custom="readingOrder {index:4;}">
                    <Coords points="1025,992 1025,1052 1131,1052 1131,992"/>
                    <TextEquiv>
                        <Unicode>würde</Unicode>
                    </TextEquiv>
                </Word>
                <Word id="tr_1_tl_34_w6" custom="readingOrder {index:5;}">
                    <Coords points="1161,987 1161,1047 1191,1047 1191,987"/>
                    <TextEquiv>
                        <Unicode>es</Unicode>
                    </TextEquiv>
                </Word>
                <Word id="tr_1_tl_34_w7" custom="readingOrder {index:6;}">
                    <Coords points="1222,986 1222,1046 1267,1046 1267,986"/>
                    <TextEquiv>
                        <Unicode>sich</Unicode>
                    </TextEquiv>
                </Word>
                <Word id="tr_1_tl_34_w8" custom="readingOrder {index:7;}">
                    <Coords points="1298,982 1298,1042 1377,1042 1377,982"/>
                    <TextEquiv>
                        <Unicode>nicht</Unicode>
                    </TextEquiv>
                </Word>
                <TextEquiv>
                    <Unicode>des versammelt haben, sie würde es sich nicht</Unicode>
                </TextEquiv>
            </TextLine>
            <TextLine id="tr_1_tl_35" custom="readingOrder {index:34;}">
                <Coords points="1402,1052 2254,1048 2254,1002 2204,991 2156,1017 1402,1011"/>
                <Baseline points="1414,1047 1456,1047 1498,1047 1540,1047 1583,1047 1625,1044 1667,1042 1709,1043 1752,1042 1794,1041 1836,1041 1878,1041 1921,1041 1963,1040 2005,1038 2047,1038 2090,1037 2132,1035 2174,1035 2216,1035 2259,1032"/>
                <Word id="tr_1_tl_35_w1" custom="readingOrder {index:0;}">
                    <Coords points="1407,1007 1407,1067 1542,1067 1542,1007"/>
                    <TextEquiv>
                        <Unicode>kämpfen</Unicode>
                    </TextEquiv>
                </Word>
                <Word id="tr_1_tl_35_w2" custom="readingOrder {index:1;}">
                    <Coords points="1578,1005 1578,1065 1637,1065 1637,1005"/>
                    <TextEquiv>
                        <Unicode>und</Unicode>
                    </TextEquiv>
                </Word>
                <Word id="tr_1_tl_35_w3" custom="readingOrder {index:2;}">
                    <Coords points="1673,1002 1673,1062 1698,1062 1698,1002"/>
                    <TextEquiv>
                        <Unicode>in</Unicode>
                    </TextEquiv>
                </Word>
                <Word id="tr_1_tl_35_w4" custom="readingOrder {index:3;}">
                    <Coords points="1734,1001 1734,1061 1778,1061 1778,1001"/>
                    <TextEquiv>
                        <Unicode>sich</Unicode>
                    </TextEquiv>
                </Word>
                <Word id="tr_1_tl_35_w5" custom="readingOrder {index:4;}">
                    <Coords points="1814,1000 1814,1060 2061,1060 2061,1000"/>
                    <TextEquiv>
                        <Unicode>aufzunehmen,</Unicode>
                    </TextEquiv>
                </Word>
                <Word id="tr_1_tl_35_w6" custom="readingOrder {index:5;}">
                    <Coords points="2087,995 2087,1055 2136,1055 2136,995"/>
                    <TextEquiv>
                        <Unicode>der</Unicode>
                    </TextEquiv>
                </Word>
                <Word id="tr_1_tl_35_w7" custom="readingOrder {index:6;}">
                    <Coords points="2167,995 2167,1055 2242,1055 2242,995"/>
                    <TextEquiv>
                        <Unicode>aller</Unicode>
                    </TextEquiv>
                </Word>
                <TextEquiv>
                    <Unicode>kämpfen und in sich aufzunehmen, der aller</Unicode>
                </TextEquiv>
            </TextLine>
            <TextLine id="tr_1_tl_36" custom="readingOrder {index:35;}">
                <Coords points="1404,1096 3024,1083 3143,1069 3145,1028 1404,1054"/>
                <Baseline points="1417,1086 1503,1089 1590,1089 1676,1087 1763,1086 1850,1084 1936,1084 2023,1082 2109,1080 2196,1079 2283,1077 2369,1074 2456,1072 2542,1071 2629,1071 2716,1068 2802,1066 2889,1065 2975,1065 3062,1062 3149,1056"/>
                <Word id="tr_1_tl_36_w1" custom="readingOrder {index:0;}">
                    <Coords points="1404,1047 1404,1107 1493,1107 1493,1047"/>
                    <TextEquiv>
                        <Unicode>dings</Unicode>
                    </TextEquiv>
                </Word>
                <Word id="tr_1_tl_36_w2" custom="readingOrder {index:1;}">
                    <Coords points="1524,1049 1524,1109 1594,1109 1594,1049"/>
                    <TextEquiv>
                        <Unicode>aber</Unicode>
                    </TextEquiv>
                </Word>
                <Word id="tr_1_tl_36_w3" custom="readingOrder {index:2;}">
                    <Coords points="1619,1047 1619,1107 1690,1107 1690,1047"/>
                    <TextEquiv>
                        <Unicode>auch</Unicode>
                    </TextEquiv>
                </Word>
                <Word id="tr_1_tl_36_w4" custom="readingOrder {index:3;}">
                    <Coords points="1735,1045 1735,1105 1795,1105 1795,1045"/>
                    <TextEquiv>
                        <Unicode>aus</Unicode>
                    </TextEquiv>
                </Word>
                <Word id="tr_1_tl_36_w5" custom="readingOrder {index:4;}">
                    <Coords points="1841,1044 1841,1104 1916,1104 1916,1044"/>
                    <TextEquiv>
                        <Unicode>ganz</Unicode>
                    </TextEquiv>
                </Word>
                <Word id="tr_1_tl_36_w6" custom="readingOrder {index:5;}">
                    <Coords points="1962,1041 1962,1101 2097,1101 2097,1041"/>
                    <TextEquiv>
                        <Unicode>anderem</Unicode>
                    </TextEquiv>
                </Word>
                <Word id="tr_1_tl_36_w7" custom="readingOrder {index:6;}">
                    <Coords points="2143,1038 2143,1098 2253,1098 2253,1038"/>
                    <TextEquiv>
                        <Unicode>Milieu</Unicode>
                    </TextEquiv>
                </Word>
                <Word id="tr_1_tl_36_w8" custom="readingOrder {index:7;}">
                    <Coords points="2294,1034 2294,1094 2399,1094 2399,1034"/>
                    <TextEquiv>
                        <Unicode>Klasse</Unicode>
                    </TextEquiv>
                </Word>
                <Word id="tr_1_tl_36_w9" custom="readingOrder {index:8;}">
                    <Coords points="2430,1032 2430,1092 2454,1092 2454,1032"/>
                    <TextEquiv>
                        <Unicode>zu</Unicode>
                    </TextEquiv>
                </Word>
                <Word id="tr_1_tl_36_w10" custom="readingOrder {index:9;}">
                    <Coords points="2490,1031 2490,1091 2645,1091 2645,1031"/>
                    <TextEquiv>
                        <Unicode>erhalten.</Unicode>
                    </TextEquiv>
                </Word>
                <Word id="tr_1_tl_36_w11" custom="readingOrder {index:10;}">
                    <Coords points="2686,1027 2686,1087 2766,1087 2766,1027"/>
                    <TextEquiv>
                        <Unicode>Sein</Unicode>
                    </TextEquiv>
                </Word>
                <Word id="tr_1_tl_36_w12" custom="readingOrder {index:11;}">
                    <Coords points="2802,1025 2802,1085 2932,1085 2932,1025"/>
                    <TextEquiv>
                        <Unicode>Freund</Unicode>
                    </TextEquiv>
                </Word>
                <Word id="tr_1_tl_36_w13" custom="readingOrder {index:12;}">
                    <Coords points="2963,1023 2963,1083 3053,1083 3053,1023"/>
                    <TextEquiv>
                        <Unicode>Hugo</Unicode>
                    </TextEquiv>
                </Word>
                <Word id="tr_1_tl_36_w14" custom="readingOrder {index:13;}">
                    <Coords points="3084,1018 3084,1078 3138,1078 3138,1018"/>
                    <TextEquiv>
                        <Unicode>von</Unicode>
                    </TextEquiv>
                </Word>
                <TextEquiv>
                    <Unicode>dings aber auch aus ganz anderem Milieu Klasse zu erhalten. Sein Freund Hugo von</Unicode>
                </TextEquiv>
            </TextLine>
            <TextLine id="tr_1_tl_37" custom="readingOrder {index:36;}">
                <Coords points="511,1091 1350,1080 1376,1037 511,1052"/>
                <Baseline points="522,1089 564,1086 607,1086 650,1086 693,1084 736,1083 779,1083 821,1081 864,1078 907,1077 950,1077 993,1077 1036,1077 1079,1076 1121,1073 1164,1071 1207,1071 1250,1071 1293,1071 1336,1068 1379,1065"/>
                <Word id="tr_1_tl_37_w1" custom="readingOrder {index:0;}">
                    <Coords points="516,1046 516,1106 644,1106 644,1046"/>
                    <TextEquiv>
                        <Unicode>nehmen</Unicode>
                    </TextEquiv>
                </Word>
                <Word id="tr_1_tl_37_w2" custom="readingOrder {index:1;}">
                    <Coords points="682,1043 682,1103 794,1103 794,1043"/>
                    <TextEquiv>
                        <Unicode>lassen,</Unicode>
                    </TextEquiv>
                </Word>
                <Word id="tr_1_tl_37_w3" custom="readingOrder {index:2;}">
                    <Coords points="841,1037 841,1097 893,1097 893,1037"/>
                    <TextEquiv>
                        <Unicode>den</Unicode>
                    </TextEquiv>
                </Word>
                <Word id="tr_1_tl_37_w4" custom="readingOrder {index:3;}">
                    <Coords points="930,1037 930,1097 1059,1097 1059,1037"/>
                    <TextEquiv>
                        <Unicode>Dichter</Unicode>
                    </TextEquiv>
                </Word>
                <Word id="tr_1_tl_37_w5" custom="readingOrder {index:4;}">
                    <Coords points="1090,1033 1090,1093 1141,1093 1141,1033"/>
                    <TextEquiv>
                        <Unicode>der</Unicode>
                    </TextEquiv>
                </Word>
                <Word id="tr_1_tl_37_w6" custom="readingOrder {index:5;}">
                    <Coords points="1173,1031 1173,1091 1281,1091 1281,1031"/>
                    <TextEquiv>
                        <Unicode>Liebe,</Unicode>
                    </TextEquiv>
                </Word>
                <Word id="tr_1_tl_37_w7" custom="readingOrder {index:6;}">
                    <Coords points="1323,1027 1323,1087 1374,1087 1374,1027"/>
                    <TextEquiv>
                        <Unicode>der</Unicode>
                    </TextEquiv>
                </Word>
                <TextEquiv>
                    <Unicode>nehmen lassen, den Dichter der Liebe, der</Unicode>
                </TextEquiv>
            </TextLine>
            <TextLine id="tr_1_tl_38" custom="readingOrder {index:37;}">
                <Coords points="2287,1122 3143,1111 3122,1063 3030,1087 2793,1065 2289,1085"/>
                <Baseline points="2298,1113 2340,1119 2382,1116 2425,1116 2467,1116 2510,1114 2552,1113 2594,1113 2637,1111 2679,1110 2722,1110 2764,1109 2806,1108 2849,1109 2891,1107 2934,1107 2976,1108 3018,1110 3061,1106 3103,1101 3146,1098"/>
                <Word id="tr_1_tl_38_w1" custom="readingOrder {index:0;}">
                    <Coords points="2287,1076 2287,1136 2543,1136 2543,1076"/>
                    <TextEquiv>
                        <Unicode>Hofmannsthal</Unicode>
                    </TextEquiv>
                </Word>
                <Word id="tr_1_tl_38_w2" custom="readingOrder {index:1;}">
                    <Coords points="2579,1071 2579,1131 2684,1131 2684,1071"/>
                    <TextEquiv>
                        <Unicode>wurde</Unicode>
                    </TextEquiv>
                </Word>
                <Word id="tr_1_tl_38_w3" custom="readingOrder {index:2;}">
                    <Coords points="2715,1069 2715,1129 2745,1129 2745,1069"/>
                    <TextEquiv>
                        <Unicode>in</Unicode>
                    </TextEquiv>
                </Word>
                <Word id="tr_1_tl_38_w4" custom="readingOrder {index:3;}">
                    <Coords points="2786,1068 2786,1128 2836,1128 2836,1068"/>
                    <TextEquiv>
                        <Unicode>der</Unicode>
                    </TextEquiv>
                </Word>
                <Word id="tr_1_tl_38_w5" custom="readingOrder {index:4;}">
                    <Coords points="2871,1067 2871,1127 3002,1127 3002,1067"/>
                    <TextEquiv>
                        <Unicode>härenen</Unicode>
                    </TextEquiv>
                </Word>
                <Word id="tr_1_tl_38_w6" custom="readingOrder {index:5;}">
                    <Coords points="3043,1062 3043,1122 3138,1122 3138,1062"/>
                    <TextEquiv>
                        <Unicode>Kutte</Unicode>
                    </TextEquiv>
                </Word>
                <TextEquiv>
                    <Unicode>Hofmannsthal wurde in der härenen Kutte</Unicode>
                </TextEquiv>
            </TextLine>
            <TextLine id="tr_1_tl_39" custom="readingOrder {index:38;}">
                <Coords points="506,1135 1304,1130 1374,1113 1376,1076 506,1093"/>
                <Baseline points="519,1128 561,1130 604,1131 647,1129 690,1128 733,1126 776,1125 818,1123 861,1122 904,1122 947,1121 990,1120 1033,1121 1076,1118 1118,1116 1161,1115 1204,1113 1247,1113 1290,1113 1333,1110 1376,1107"/>
                <Word id="tr_1_tl_39_w1" custom="readingOrder {index:0;}">
                    <Coords points="511,1090 511,1150 691,1150 691,1090"/>
                    <TextEquiv>
                        <Unicode>Sehnsucht</Unicode>
                    </TextEquiv>
                </Word>
                <Word id="tr_1_tl_39_w2" custom="readingOrder {index:1;}">
                    <Coords points="718,1085 718,1145 774,1145 774,1085"/>
                    <TextEquiv>
                        <Unicode>und</Unicode>
                    </TextEquiv>
                </Word>
                <Word id="tr_1_tl_39_w3" custom="readingOrder {index:2;}">
                    <Coords points="806,1082 806,1142 851,1142 851,1082"/>
                    <TextEquiv>
                        <Unicode>des</Unicode>
                    </TextEquiv>
                </Word>
                <Word id="tr_1_tl_39_w4" custom="readingOrder {index:3;}">
                    <Coords points="883,1081 883,1141 986,1141 986,1081"/>
                    <TextEquiv>
                        <Unicode>Leides</Unicode>
                    </TextEquiv>
                </Word>
                <Word id="tr_1_tl_39_w5" custom="readingOrder {index:4;}">
                    <Coords points="1018,1080 1018,1140 1069,1140 1069,1080"/>
                    <TextEquiv>
                        <Unicode>zur</Unicode>
                    </TextEquiv>
                </Word>
                <Word id="tr_1_tl_39_w6" custom="readingOrder {index:5;}">
                    <Coords points="1096,1075 1096,1135 1188,1135 1188,1075"/>
                    <TextEquiv>
                        <Unicode>letzten</Unicode>
                    </TextEquiv>
                </Word>
                <Word id="tr_1_tl_39_w7" custom="readingOrder {index:6;}">
                    <Coords points="1225,1073 1225,1133 1312,1133 1312,1073"/>
                    <TextEquiv>
                        <Unicode>Ruhe</Unicode>
                    </TextEquiv>
                </Word>
                <Word id="tr_1_tl_39_w8" custom="readingOrder {index:7;}">
                    <Coords points="1338,1068 1338,1128 1364,1128 1364,1068"/>
                    <TextEquiv>
                        <Unicode>zu</Unicode>
                    </TextEquiv>
                </Word>
                <TextEquiv>
                    <Unicode>Sehnsucht und des Leides zur letzten Ruhe zu</Unicode>
                </TextEquiv>
            </TextLine>
            <TextLine id="tr_1_tl_40" custom="readingOrder {index:39;}">
                <Coords points="1402,1154 1419,1154 1433,1141 1446,1139 1493,1139 1522,1148 1532,1141 1546,1141 1548,1098 1528,1100 1519,1093 1504,1102 1469,1106 1454,1098 1404,1096"/>
                <Baseline points="1414,1137 1441,1134 1469,1131 1496,1131 1524,1131 1552,1131"/>
                <Word id="tr_1_tl_40_w1" custom="readingOrder {index:0;}">
                    <Coords points="1401,1091 1401,1151 1551,1151 1551,1091"/>
                    <TextEquiv>
                        <Unicode>stammt.</Unicode>
                    </TextEquiv>
                </Word>
                <TextEquiv>
                    <Unicode>stammt.</Unicode>
                </TextEquiv>
            </TextLine>
            <TextLine id="tr_1_tl_41" custom="readingOrder {index:40;}">
                <Coords points="2289,1165 3148,1161 3148,1109 2289,1124"/>
                <Baseline points="2301,1158 2343,1158 2386,1158 2428,1158 2471,1158 2513,1158 2556,1156 2598,1155 2641,1153 2683,1152 2726,1152 2769,1152 2811,1152 2854,1151 2896,1149 2939,1148 2981,1147 3024,1149 3066,1149 3109,1146 3152,1143"/>
                <Word id="tr_1_tl_41_w1" custom="readingOrder {index:0;}">
                    <Coords points="2289,1118 2289,1178 2331,1178 2331,1118"/>
                    <TextEquiv>
                        <Unicode>der</Unicode>
                    </TextEquiv>
                </Word>
                <Word id="tr_1_tl_41_w2" custom="readingOrder {index:1;}">
                    <Coords points="2364,1118 2364,1178 2544,1178 2544,1118"/>
                    <TextEquiv>
                        <Unicode>Kapuziner</Unicode>
                    </TextEquiv>
                </Word>
                <Word id="tr_1_tl_41_w3" custom="readingOrder {index:2;}">
                    <Coords points="2577,1112 2577,1172 2741,1172 2741,1112"/>
                    <TextEquiv>
                        <Unicode>beigesetzt.</Unicode>
                    </TextEquiv>
                </Word>
                <Word id="tr_1_tl_41_w4" custom="readingOrder {index:3;}">
                    <Coords points="2763,1112 2763,1172 2810,1172 2810,1112"/>
                    <TextEquiv>
                        <Unicode>In</Unicode>
                    </TextEquiv>
                </Word>
                <Word id="tr_1_tl_41_w5" custom="readingOrder {index:4;}">
                    <Coords points="2848,1109 2848,1169 2938,1169 2938,1109"/>
                    <TextEquiv>
                        <Unicode>dieser</Unicode>
                    </TextEquiv>
                </Word>
                <Word id="tr_1_tl_41_w6" custom="readingOrder {index:5;}">
                    <Coords points="2971,1108 2971,1168 3060,1168 3060,1108"/>
                    <TextEquiv>
                        <Unicode>Geste</Unicode>
                    </TextEquiv>
                </Word>
                <Word id="tr_1_tl_41_w7" custom="readingOrder {index:6;}">
                    <Coords points="3088,1105 3088,1165 3135,1165 3135,1105"/>
                    <TextEquiv>
                        <Unicode>lag</Unicode>
                    </TextEquiv>
                </Word>
                <TextEquiv>
                    <Unicode>der Kapuziner beigesetzt. In dieser Geste lag</Unicode>
                </TextEquiv>
            </TextLine>
            <TextLine id="tr_1_tl_42" custom="readingOrder {index:41;}">
                <Coords points="506,1178 1372,1161 1372,1133 1269,1117 652,1156 509,1137"/>
                <Baseline points="519,1176 561,1173 604,1173 647,1171 690,1170 733,1168 776,1167 818,1165 861,1164 904,1164 947,1163 990,1161 1033,1161 1076,1161 1118,1160 1161,1158 1204,1158 1247,1158 1290,1155 1333,1152 1376,1149"/>
                <Word id="tr_1_tl_42_w1" custom="readingOrder {index:0;}">
                    <Coords points="510,1133 510,1193 638,1193 638,1133"/>
                    <TextEquiv>
                        <Unicode>tragen,</Unicode>
                    </TextEquiv>
                </Word>
                <Word id="tr_1_tl_42_w2" custom="readingOrder {index:1;}">
                    <Coords points="664,1129 664,1189 727,1189 727,1129"/>
                    <TextEquiv>
                        <Unicode>auch</Unicode>
                    </TextEquiv>
                </Word>
                <Word id="tr_1_tl_42_w3" custom="readingOrder {index:2;}">
                    <Coords points="762,1125 762,1185 851,1185 851,1125"/>
                    <TextEquiv>
                        <Unicode>wenn</Unicode>
                    </TextEquiv>
                </Word>
                <Word id="tr_1_tl_42_w4" custom="readingOrder {index:3;}">
                    <Coords points="886,1124 886,1184 915,1184 915,1124"/>
                    <TextEquiv>
                        <Unicode>er</Unicode>
                    </TextEquiv>
                </Word>
                <Word id="tr_1_tl_42_w5" custom="readingOrder {index:4;}">
                    <Coords points="946,1121 946,1181 1029,1181 1029,1121"/>
                    <TextEquiv>
                        <Unicode>nicht</Unicode>
                    </TextEquiv>
                </Word>
                <Word id="tr_1_tl_42_w6" custom="readingOrder {index:5;}">
                    <Coords points="1054,1120 1054,1180 1143,1180 1143,1120"/>
                    <TextEquiv>
                        <Unicode>mehr</Unicode>
                    </TextEquiv>
                </Word>
                <Word id="tr_1_tl_42_w7" custom="readingOrder {index:6;}">
                    <Coords points="1168,1118 1168,1178 1282,1178 1282,1118"/>
                    <TextEquiv>
                        <Unicode>Herold</Unicode>
                    </TextEquiv>
                </Word>
                <Word id="tr_1_tl_42_w8" custom="readingOrder {index:7;}">
                    <Coords points="1312,1111 1312,1171 1370,1171 1370,1111"/>
                    <TextEquiv>
                        <Unicode>und</Unicode>
                    </TextEquiv>
                </Word>
                <TextEquiv>
                    <Unicode>tragen, auch wenn er nicht mehr Herold und</Unicode>
                </TextEquiv>
            </TextLine>
            <TextLine id="tr_1_tl_43" custom="readingOrder {index:42;}">
                <Coords points="1450,1180 2243,1174 2259,1098 2195,1126 2100,1104 1998,1148 1854,1143 1796,1111 1539,1154 1450,1139"/>
                <Baseline points="1462,1173 1502,1173 1542,1176 1582,1178 1622,1177 1662,1174 1702,1172 1742,1170 1782,1170 1822,1170 1862,1170 1902,1170 1942,1167 1982,1167 2022,1167 2062,1167 2102,1167 2142,1166 2182,1164 2222,1164 2262,1161"/>
                <Word id="tr_1_tl_43_w1" custom="readingOrder {index:0;}">
                    <Coords points="1445,1133 1445,1193 1511,1193 1511,1133"/>
                    <TextEquiv>
                        <Unicode>Wie</Unicode>
                    </TextEquiv>
                </Word>
                <Word id="tr_1_tl_43_w2" custom="readingOrder {index:1;}">
                    <Coords points="1545,1136 1545,1196 1719,1196 1719,1136"/>
                    <TextEquiv>
                        <Unicode>begreiflich</Unicode>
                    </TextEquiv>
                </Word>
                <Word id="tr_1_tl_43_w3" custom="readingOrder {index:2;}">
                    <Coords points="1758,1130 1758,1190 1820,1190 1820,1130"/>
                    <TextEquiv>
                        <Unicode>also</Unicode>
                    </TextEquiv>
                </Word>
                <Word id="tr_1_tl_43_w4" custom="readingOrder {index:3;}">
                    <Coords points="1876,1130 1876,1190 1915,1190 1915,1130"/>
                    <TextEquiv>
                        <Unicode>ist</Unicode>
                    </TextEquiv>
                </Word>
                <Word id="tr_1_tl_43_w5" custom="readingOrder {index:4;}">
                    <Coords points="1943,1127 1943,1187 1993,1187 1993,1127"/>
                    <TextEquiv>
                        <Unicode>es,</Unicode>
                    </TextEquiv>
                </Word>
                <Word id="tr_1_tl_43_w6" custom="readingOrder {index:5;}">
                    <Coords points="2039,1127 2039,1187 2099,1187 2099,1127"/>
                    <TextEquiv>
                        <Unicode>daß</Unicode>
                    </TextEquiv>
                </Word>
                <Word id="tr_1_tl_43_w7" custom="readingOrder {index:6;}">
                    <Coords points="2139,1124 2139,1184 2262,1184 2262,1124"/>
                    <TextEquiv>
                        <Unicode>Arthur</Unicode>
                    </TextEquiv>
                </Word>
                <TextEquiv>
                    <Unicode>Wie begreiflich also ist es, daß Arthur</Unicode>
                </TextEquiv>
            </TextLine>
            <TextLine id="tr_1_tl_44" custom="readingOrder {index:43;}">
                <Coords points="1402,1224 3143,1202 3113,1152 1404,1178"/>
                <Baseline points="1414,1217 1500,1217 1587,1217 1674,1215 1761,1214 1847,1211 1934,1211 2021,1211 2108,1205 2194,1205 2281,1202 2368,1200 2455,1199 2541,1198 2628,1196 2715,1195 2802,1193 2888,1192 2975,1190 3062,1190 3149,1182"/>
                <Word id="tr_1_tl_44_w1" custom="readingOrder {index:0;}">
                    <Coords points="1408,1177 1408,1237 1595,1237 1595,1177"/>
                    <TextEquiv>
                        <Unicode>Schnitzler,</Unicode>
                    </TextEquiv>
                </Word>
                <Word id="tr_1_tl_44_w2" custom="readingOrder {index:1;}">
                    <Coords points="1618,1175 1618,1235 1665,1235 1665,1175"/>
                    <TextEquiv>
                        <Unicode>der</Unicode>
                    </TextEquiv>
                </Word>
                <Word id="tr_1_tl_44_w3" custom="readingOrder {index:2;}">
                    <Coords points="1693,1174 1693,1234 1816,1234 1816,1174"/>
                    <TextEquiv>
                        <Unicode>Dichter</Unicode>
                    </TextEquiv>
                </Word>
                <Word id="tr_1_tl_44_w4" custom="readingOrder {index:3;}">
                    <Coords points="1844,1171 1844,1231 1892,1231 1892,1171"/>
                    <TextEquiv>
                        <Unicode>des</Unicode>
                    </TextEquiv>
                </Word>
                <Word id="tr_1_tl_44_w5" custom="readingOrder {index:4;}">
                    <Coords points="1925,1171 1925,1231 2048,1231 2048,1171"/>
                    <TextEquiv>
                        <Unicode>Leides,</Unicode>
                    </TextEquiv>
                </Word>
                <Word id="tr_1_tl_44_w6" custom="readingOrder {index:5;}">
                    <Coords points="2070,1165 2070,1225 2118,1225 2118,1165"/>
                    <TextEquiv>
                        <Unicode>des</Unicode>
                    </TextEquiv>
                </Word>
                <Word id="tr_1_tl_44_w7" custom="readingOrder {index:6;}">
                    <Coords points="2151,1164 2151,1224 2252,1224 2252,1164"/>
                    <TextEquiv>
                        <Unicode>Leides</Unicode>
                    </TextEquiv>
                </Word>
                <Word id="tr_1_tl_44_w8" custom="readingOrder {index:7;}">
                    <Coords points="2291,1161 2291,1221 2344,1221 2344,1161"/>
                    <TextEquiv>
                        <Unicode>das</Unicode>
                    </TextEquiv>
                </Word>
                <Word id="tr_1_tl_44_w9" custom="readingOrder {index:8;}">
                    <Coords points="2372,1159 2372,1219 2489,1219 2489,1159"/>
                    <TextEquiv>
                        <Unicode>Pathos</Unicode>
                    </TextEquiv>
                </Word>
                <Word id="tr_1_tl_44_w10" custom="readingOrder {index:9;}">
                    <Coords points="2512,1157 2512,1217 2603,1217 2603,1157"/>
                    <TextEquiv>
                        <Unicode>seiner</Unicode>
                    </TextEquiv>
                </Word>
                <Word id="tr_1_tl_44_w11" custom="readingOrder {index:10;}">
                    <Coords points="2619,1155 2619,1215 2791,1215 2791,1155"/>
                    <TextEquiv>
                        <Unicode>Dichtung.</Unicode>
                    </TextEquiv>
                </Word>
                <Word id="tr_1_tl_44_w12" custom="readingOrder {index:11;}">
                    <Coords points="2802,1152 2802,1212 2845,1212 2845,1152"/>
                    <TextEquiv>
                        <Unicode>In</Unicode>
                    </TextEquiv>
                </Word>
                <Word id="tr_1_tl_44_w13" custom="readingOrder {index:12;}">
                    <Coords points="2872,1151 2872,1211 2990,1211 2990,1151"/>
                    <TextEquiv>
                        <Unicode>Arthur</Unicode>
                    </TextEquiv>
                </Word>
                <Word id="tr_1_tl_44_w14" custom="readingOrder {index:13;}">
                    <Coords points="3007,1149 3007,1209 3136,1209 3136,1149"/>
                    <TextEquiv>
                        <Unicode>Schnitz¬</Unicode>
                    </TextEquiv>
                </Word>
                <TextEquiv>
                    <Unicode>Schnitzler, der Dichter des Leides, des Leides das Pathos seiner Dichtung. In Arthur Schnitz¬</Unicode>
                </TextEquiv>
            </TextLine>
            <TextLine id="tr_1_tl_45" custom="readingOrder {index:44;}">
                <Coords points="506,1230 1024,1222 1072,1215 1074,1180 930,1165 796,1187 506,1180"/>
                <Baseline points="519,1214 546,1217 574,1215 602,1214 630,1214 658,1214 686,1213 714,1211 742,1211 770,1211 798,1209 825,1207 853,1205 881,1207 909,1207 937,1205 965,1205 993,1205 1021,1205 1049,1205 1077,1205"/>
                <Word id="tr_1_tl_45_w1" custom="readingOrder {index:0;}">
                    <Coords points="511,1174 511,1234 671,1234 671,1174"/>
                    <TextEquiv>
                        <Unicode>Sprecher</Unicode>
                    </TextEquiv>
                </Word>
                <Word id="tr_1_tl_45_w2" custom="readingOrder {index:1;}">
                    <Coords points="699,1171 699,1231 783,1231 783,1171"/>
                    <TextEquiv>
                        <Unicode>ihrer</Unicode>
                    </TextEquiv>
                </Word>
                <Word id="tr_1_tl_45_w3" custom="readingOrder {index:2;}">
                    <Coords points="811,1166 811,1226 943,1226 943,1166"/>
                    <TextEquiv>
                        <Unicode>Gefühle</Unicode>
                    </TextEquiv>
                </Word>
                <Word id="tr_1_tl_45_w4" custom="readingOrder {index:3;}">
                    <Coords points="971,1165 971,1225 1072,1225 1072,1165"/>
                    <TextEquiv>
                        <Unicode>ware.</Unicode>
                    </TextEquiv>
                </Word>
                <TextEquiv>
                    <Unicode>Sprecher ihrer Gefühle ware.</Unicode>
                </TextEquiv>
            </TextLine>
            <TextLine id="tr_1_tl_46" custom="readingOrder {index:45;}">
                <Coords points="1406,1269 3150,1241 3150,1193 1409,1224"/>
                <Baseline points="1420,1259 1506,1262 1593,1262 1680,1259 1767,1257 1853,1253 1940,1254 2027,1251 2114,1250 2200,1249 2287,1246 2374,1244 2461,1242 2547,1241 2634,1241 2721,1238 2808,1235 2894,1234 2981,1232 3068,1232 3155,1226"/>
                <Word id="tr_1_tl_46_w1" custom="readingOrder {index:0;}">
                    <Coords points="1406,1219 1406,1279 1457,1279 1457,1219"/>
                    <TextEquiv>
                        <Unicode>der</Unicode>
                    </TextEquiv>
                </Word>
                <Word id="tr_1_tl_46_w2" custom="readingOrder {index:1;}">
                    <Coords points="1488,1221 1488,1281 1699,1281 1699,1221"/>
                    <TextEquiv>
                        <Unicode>Einsamkeit,</Unicode>
                    </TextEquiv>
                </Word>
                <Word id="tr_1_tl_46_w3" custom="readingOrder {index:2;}">
                    <Coords points="1746,1215 1746,1275 1833,1275 1833,1215"/>
                    <TextEquiv>
                        <Unicode>selbst</Unicode>
                    </TextEquiv>
                </Word>
                <Word id="tr_1_tl_46_w4" custom="readingOrder {index:3;}">
                    <Coords points="1865,1213 1865,1273 1977,1273 1977,1213"/>
                    <TextEquiv>
                        <Unicode>immer</Unicode>
                    </TextEquiv>
                </Word>
                <Word id="tr_1_tl_46_w5" custom="readingOrder {index:4;}">
                    <Coords points="2014,1210 2014,1270 2101,1270 2101,1210"/>
                    <TextEquiv>
                        <Unicode>mehr</Unicode>
                    </TextEquiv>
                </Word>
                <Word id="tr_1_tl_46_w6" custom="readingOrder {index:5;}">
                    <Coords points="2138,1209 2138,1269 2256,1269 2256,1209"/>
                    <TextEquiv>
                        <Unicode>verein=</Unicode>
                    </TextEquiv>
                </Word>
                <Word id="tr_1_tl_46_w7" custom="readingOrder {index:6;}">
                    <Coords points="2288,1205 2288,1265 2354,1265 2354,1205"/>
                    <TextEquiv>
                        <Unicode>lers</Unicode>
                    </TextEquiv>
                </Word>
                <Word id="tr_1_tl_46_w8" custom="readingOrder {index:7;}">
                    <Coords points="2381,1202 2381,1262 2504,1262 2504,1202"/>
                    <TextEquiv>
                        <Unicode>Wunsch</Unicode>
                    </TextEquiv>
                </Word>
                <Word id="tr_1_tl_46_w9" custom="readingOrder {index:8;}">
                    <Coords points="2535,1201 2535,1261 2705,1261 2705,1201"/>
                    <TextEquiv>
                        <Unicode>verkörpert</Unicode>
                    </TextEquiv>
                </Word>
                <Word id="tr_1_tl_46_w10" custom="readingOrder {index:9;}">
                    <Coords points="2726,1197 2726,1257 2772,1257 2772,1197"/>
                    <TextEquiv>
                        <Unicode>sich</Unicode>
                    </TextEquiv>
                </Word>
                <Word id="tr_1_tl_46_w11" custom="readingOrder {index:10;}">
                    <Coords points="2798,1194 2798,1254 2875,1254 2875,1194"/>
                    <TextEquiv>
                        <Unicode>seine</Unicode>
                    </TextEquiv>
                </Word>
                <Word id="tr_1_tl_46_w12" custom="readingOrder {index:11;}">
                    <Coords points="2896,1192 2896,1252 3143,1252 3143,1192"/>
                    <TextEquiv>
                        <Unicode>Bescheidenheit</Unicode>
                    </TextEquiv>
                </Word>
                <TextEquiv>
                    <Unicode>der Einsamkeit, selbst immer mehr verein= lers Wunsch verkörpert sich seine Bescheidenheit</Unicode>
                </TextEquiv>
            </TextLine>
            <TextLine id="tr_1_tl_47" custom="readingOrder {index:46;}">
                <Coords points="554,1274 1337,1263 1372,1256 1374,1200 1246,1196 1209,1228 1169,1202 554,1228"/>
                <Baseline points="567,1262 607,1265 647,1265 688,1265 728,1263 769,1262 809,1261 850,1259 890,1259 931,1259 971,1256 1011,1256 1052,1256 1092,1256 1133,1254 1173,1252 1214,1250 1254,1250 1295,1249 1335,1247 1376,1244"/>
                <Word id="tr_1_tl_47_w1" custom="readingOrder {index:0;}">
                    <Coords points="554,1224 554,1284 649,1284 649,1224"/>
                    <TextEquiv>
                        <Unicode>Wäre</Unicode>
                    </TextEquiv>
                </Word>
                <Word id="tr_1_tl_47_w2" custom="readingOrder {index:1;}">
                    <Coords points="681,1222 681,1282 808,1282 808,1222"/>
                    <TextEquiv>
                        <Unicode>Arthur</Unicode>
                    </TextEquiv>
                </Word>
                <Word id="tr_1_tl_47_w3" custom="readingOrder {index:2;}">
                    <Coords points="841,1218 841,1278 1032,1278 1032,1218"/>
                    <TextEquiv>
                        <Unicode>Schnitzlers</Unicode>
                    </TextEquiv>
                </Word>
                <Word id="tr_1_tl_47_w4" custom="readingOrder {index:3;}">
                    <Coords points="1085,1213 1085,1273 1186,1273 1186,1213"/>
                    <TextEquiv>
                        <Unicode>letztes</Unicode>
                    </TextEquiv>
                </Word>
                <Word id="tr_1_tl_47_w5" custom="readingOrder {index:4;}">
                    <Coords points="1240,1208 1240,1268 1377,1268 1377,1208"/>
                    <TextEquiv>
                        <Unicode>Lebens¬</Unicode>
                    </TextEquiv>
                </Word>
                <TextEquiv>
                    <Unicode>Wäre Arthur Schnitzlers letztes Lebens¬</Unicode>
                </TextEquiv>
            </TextLine>
            <TextLine id="tr_1_tl_48" custom="readingOrder {index:47;}">
                <Coords points="1415,1322 3126,1287 3143,1239 1415,1269"/>
                <Baseline points="1426,1307 1512,1307 1598,1304 1684,1301 1770,1301 1856,1298 1942,1298 2028,1298 2114,1293 2200,1292 2286,1290 2372,1288 2458,1286 2544,1284 2630,1283 2716,1282 2802,1279 2888,1277 2974,1277 3060,1274 3146,1274"/>
                <Word id="tr_1_tl_48_w1" custom="readingOrder {index:0;}">
                    <Coords points="1409,1267 1409,1327 1502,1327 1502,1267"/>
                    <TextEquiv>
                        <Unicode>samte</Unicode>
                    </TextEquiv>
                </Word>
                <Word id="tr_1_tl_48_w2" custom="readingOrder {index:1;}">
                    <Coords points="1537,1265 1537,1325 1595,1325 1595,1265"/>
                    <TextEquiv>
                        <Unicode>und</Unicode>
                    </TextEquiv>
                </Word>
                <Word id="tr_1_tl_48_w3" custom="readingOrder {index:2;}">
                    <Coords points="1630,1261 1630,1321 1742,1321 1742,1261"/>
                    <TextEquiv>
                        <Unicode>immer</Unicode>
                    </TextEquiv>
                </Word>
                <Word id="tr_1_tl_48_w4" custom="readingOrder {index:3;}">
                    <Coords points="1772,1259 1772,1319 1854,1319 1854,1259"/>
                    <TextEquiv>
                        <Unicode>mehr</Unicode>
                    </TextEquiv>
                </Word>
                <Word id="tr_1_tl_48_w5" custom="readingOrder {index:4;}">
                    <Coords points="1884,1258 1884,1318 2026,1318 2026,1258"/>
                    <TextEquiv>
                        <Unicode>verlassen</Unicode>
                    </TextEquiv>
                </Word>
                <Word id="tr_1_tl_48_w6" custom="readingOrder {index:5;}">
                    <Coords points="2065,1252 2065,1312 2187,1312 2187,1252"/>
                    <TextEquiv>
                        <Unicode>wurde.</Unicode>
                    </TextEquiv>
                </Word>
                <Word id="tr_1_tl_48_w7" custom="readingOrder {index:6;}">
                    <Coords points="2207,1251 2207,1311 2256,1311 2256,1251"/>
                    <TextEquiv>
                        <Unicode>Er</Unicode>
                    </TextEquiv>
                </Word>
                <Word id="tr_1_tl_48_w8" custom="readingOrder {index:7;}">
                    <Coords points="2295,1249 2295,1309 2353,1309 2353,1249"/>
                    <TextEquiv>
                        <Unicode>und</Unicode>
                    </TextEquiv>
                </Word>
                <Word id="tr_1_tl_48_w9" custom="readingOrder {index:8;}">
                    <Coords points="2383,1246 2383,1306 2461,1306 2461,1246"/>
                    <TextEquiv>
                        <Unicode>seine</Unicode>
                    </TextEquiv>
                </Word>
                <Word id="tr_1_tl_48_w10" custom="readingOrder {index:9;}">
                    <Coords points="2486,1244 2486,1304 2588,1304 2588,1244"/>
                    <TextEquiv>
                        <Unicode>Güte,</Unicode>
                    </TextEquiv>
                </Word>
                <Word id="tr_1_tl_48_w11" custom="readingOrder {index:10;}">
                    <Coords points="2609,1242 2609,1302 2681,1302 2681,1242"/>
                    <TextEquiv>
                        <Unicode>denn</Unicode>
                    </TextEquiv>
                </Word>
                <Word id="tr_1_tl_48_w12" custom="readingOrder {index:11;}">
                    <Coords points="2716,1241 2716,1301 2765,1301 2765,1241"/>
                    <TextEquiv>
                        <Unicode>er,</Unicode>
                    </TextEquiv>
                </Word>
                <Word id="tr_1_tl_48_w13" custom="readingOrder {index:12;}">
                    <Coords points="2785,1238 2785,1298 2833,1298 2833,1238"/>
                    <TextEquiv>
                        <Unicode>der</Unicode>
                    </TextEquiv>
                </Word>
                <Word id="tr_1_tl_48_w14" custom="readingOrder {index:13;}">
                    <Coords points="2863,1235 2863,1295 3146,1295 3146,1235"/>
                    <TextEquiv>
                        <Unicode>Armgewordene,</Unicode>
                    </TextEquiv>
                </Word>
                <TextEquiv>
                    <Unicode>samte und immer mehr verlassen wurde. Er und seine Güte, denn er, der Armgewordene,</Unicode>
                </TextEquiv>
            </TextLine>
            <TextLine id="tr_1_tl_49" custom="readingOrder {index:48;}">
                <Coords points="506,1322 1385,1300 1367,1254 770,1283 578,1278 506,1243"/>
                <Baseline points="519,1307 562,1311 605,1310 649,1310 692,1308 736,1307 779,1305 822,1304 866,1302 909,1301 953,1301 996,1301 1039,1301 1083,1300 1126,1298 1170,1297 1213,1295 1256,1294 1300,1292 1343,1290 1387,1292"/>
                <Word id="tr_1_tl_49_w1" custom="readingOrder {index:0;}">
                    <Coords points="511,1270 511,1330 626,1330 626,1270"/>
                    <TextEquiv>
                        <Unicode>drittel</Unicode>
                    </TextEquiv>
                </Word>
                <Word id="tr_1_tl_49_w2" custom="readingOrder {index:1;}">
                    <Coords points="677,1267 677,1327 757,1327 757,1267"/>
                    <TextEquiv>
                        <Unicode>nicht</Unicode>
                    </TextEquiv>
                </Word>
                <Word id="tr_1_tl_49_w3" custom="readingOrder {index:2;}">
                    <Coords points="814,1263 814,1323 838,1323 838,1263"/>
                    <TextEquiv>
                        <Unicode>in</Unicode>
                    </TextEquiv>
                </Word>
                <Word id="tr_1_tl_49_w4" custom="readingOrder {index:3;}">
                    <Coords points="879,1261 879,1321 934,1321 934,1261"/>
                    <TextEquiv>
                        <Unicode>das</Unicode>
                    </TextEquiv>
                </Word>
                <Word id="tr_1_tl_49_w5" custom="readingOrder {index:4;}">
                    <Coords points="970,1258 970,1318 1262,1318 1262,1258"/>
                    <TextEquiv>
                        <Unicode>Katastrophentief</Unicode>
                    </TextEquiv>
                </Word>
                <Word id="tr_1_tl_49_w6" custom="readingOrder {index:5;}">
                    <Coords points="1313,1250 1313,1310 1368,1310 1368,1250"/>
                    <TextEquiv>
                        <Unicode>von</Unicode>
                    </TextEquiv>
                </Word>
                <TextEquiv>
                    <Unicode>drittel nicht in das Katastrophentief von</Unicode>
                </TextEquiv>
            </TextLine>
            <TextLine id="tr_1_tl_50" custom="readingOrder {index:49;}">
                <Coords points="2289,1337 3150,1319 3150,1287 3061,1278 2289,1296"/>
                <Baseline points="2301,1328 2343,1331 2386,1331 2429,1331 2471,1329 2514,1326 2557,1327 2599,1328 2642,1326 2685,1325 2728,1324 2770,1322 2813,1322 2856,1323 2898,1324 2941,1322 2984,1322 3026,1322 3069,1319 3112,1316 3155,1313"/>
                <Word id="tr_1_tl_50_w1" custom="readingOrder {index:0;}">
                    <Coords points="2294,1291 2294,1351 2453,1351 2453,1291"/>
                    <TextEquiv>
                        <Unicode>verfügte,</Unicode>
                    </TextEquiv>
                </Word>
                <Word id="tr_1_tl_50_w2" custom="readingOrder {index:1;}">
                    <Coords points="2500,1286 2500,1346 2551,1346 2551,1286"/>
                    <TextEquiv>
                        <Unicode>daß</Unicode>
                    </TextEquiv>
                </Word>
                <Word id="tr_1_tl_50_w3" custom="readingOrder {index:2;}">
                    <Coords points="2593,1287 2593,1347 2638,1347 2638,1287"/>
                    <TextEquiv>
                        <Unicode>die</Unicode>
                    </TextEquiv>
                </Word>
                <Word id="tr_1_tl_50_w4" custom="readingOrder {index:3;}">
                    <Coords points="2670,1283 2670,1343 2798,1343 2798,1283"/>
                    <TextEquiv>
                        <Unicode>dadurch</Unicode>
                    </TextEquiv>
                </Word>
                <Word id="tr_1_tl_50_w5" custom="readingOrder {index:4;}">
                    <Coords points="2835,1283 2835,1343 2988,1343 2988,1283"/>
                    <TextEquiv>
                        <Unicode>ersparten</Unicode>
                    </TextEquiv>
                </Word>
                <Word id="tr_1_tl_50_w6" custom="readingOrder {index:5;}">
                    <Coords points="3030,1277 3030,1337 3143,1337 3143,1277"/>
                    <TextEquiv>
                        <Unicode>Mehr¬</Unicode>
                    </TextEquiv>
                </Word>
                <TextEquiv>
                    <Unicode>verfügte, daß die dadurch ersparten Mehr¬</Unicode>
                </TextEquiv>
            </TextLine>
            <TextLine id="tr_1_tl_51" custom="readingOrder {index:50;}">
                <Coords points="1402,1354 2259,1341 2259,1300 2211,1291 1402,1319"/>
                <Baseline points="1414,1349 1456,1349 1499,1349 1541,1349 1584,1349 1626,1347 1669,1346 1711,1346 1754,1344 1796,1343 1839,1343 1882,1343 1924,1342 1967,1340 2009,1341 2052,1342 2094,1339 2137,1337 2179,1337 2222,1334 2265,1334"/>
                <Word id="tr_1_tl_51_w1" custom="readingOrder {index:0;}">
                    <Coords points="1407,1309 1407,1369 1511,1369 1511,1309"/>
                    <TextEquiv>
                        <Unicode>wuchs</Unicode>
                    </TextEquiv>
                </Word>
                <Word id="tr_1_tl_51_w2" custom="readingOrder {index:1;}">
                    <Coords points="1542,1309 1542,1369 1597,1369 1597,1309"/>
                    <TextEquiv>
                        <Unicode>aus</Unicode>
                    </TextEquiv>
                </Word>
                <Word id="tr_1_tl_51_w3" custom="readingOrder {index:2;}">
                    <Coords points="1623,1306 1623,1366 1673,1366 1673,1306"/>
                    <TextEquiv>
                        <Unicode>der</Unicode>
                    </TextEquiv>
                </Word>
                <Word id="tr_1_tl_51_w4" custom="readingOrder {index:3;}">
                    <Coords points="1699,1303 1699,1363 1900,1363 1900,1303"/>
                    <TextEquiv>
                        <Unicode>Konsequenz</Unicode>
                    </TextEquiv>
                </Word>
                <Word id="tr_1_tl_51_w5" custom="readingOrder {index:4;}">
                    <Coords points="1920,1300 1920,1360 2015,1360 2015,1300"/>
                    <TextEquiv>
                        <Unicode>seiner</Unicode>
                    </TextEquiv>
                </Word>
                <Word id="tr_1_tl_51_w6" custom="readingOrder {index:5;}">
                    <Coords points="2041,1300 2041,1360 2116,1360 2116,1300"/>
                    <TextEquiv>
                        <Unicode>Zeit</Unicode>
                    </TextEquiv>
                </Word>
                <Word id="tr_1_tl_51_w7" custom="readingOrder {index:6;}">
                    <Coords points="2142,1297 2142,1357 2167,1357 2167,1297"/>
                    <TextEquiv>
                        <Unicode>in</Unicode>
                    </TextEquiv>
                </Word>
                <Word id="tr_1_tl_51_w8" custom="readingOrder {index:7;}">
                    <Coords points="2198,1294 2198,1354 2257,1354 2257,1294"/>
                    <TextEquiv>
                        <Unicode>eine</Unicode>
                    </TextEquiv>
                </Word>
                <TextEquiv>
                    <Unicode>wuchs aus der Konsequenz seiner Zeit in eine</Unicode>
                </TextEquiv>
            </TextLine>
            <TextLine id="tr_1_tl_52" custom="readingOrder {index:51;}">
                <Coords points="511,1359 1296,1354 1372,1339 1374,1300 513,1319"/>
                <Baseline points="522,1355 564,1354 607,1355 650,1355 693,1353 736,1350 779,1349 821,1349 864,1347 907,1346 950,1346 993,1346 1036,1345 1079,1343 1121,1342 1164,1339 1207,1337 1250,1337 1293,1337 1336,1334 1379,1328"/>
                <Word id="tr_1_tl_52_w1" custom="readingOrder {index:0;}">
                    <Coords points="516,1314 516,1374 613,1374 613,1314"/>
                    <TextEquiv>
                        <Unicode>Krieg</Unicode>
                    </TextEquiv>
                </Word>
                <Word id="tr_1_tl_52_w2" custom="readingOrder {index:1;}">
                    <Coords points="645,1313 645,1373 701,1373 701,1313"/>
                    <TextEquiv>
                        <Unicode>und</Unicode>
                    </TextEquiv>
                </Word>
                <Word id="tr_1_tl_52_w3" custom="readingOrder {index:2;}">
                    <Coords points="728,1309 728,1369 913,1369 913,1309"/>
                    <TextEquiv>
                        <Unicode>Nachkrieg,</Unicode>
                    </TextEquiv>
                </Word>
                <Word id="tr_1_tl_52_w4" custom="readingOrder {index:3;}">
                    <Coords points="929,1306 929,1366 985,1366 985,1306"/>
                    <TextEquiv>
                        <Unicode>von</Unicode>
                    </TextEquiv>
                </Word>
                <Word id="tr_1_tl_52_w5" custom="readingOrder {index:4;}">
                    <Coords points="1016,1302 1016,1362 1160,1362 1160,1302"/>
                    <TextEquiv>
                        <Unicode>Umsturz</Unicode>
                    </TextEquiv>
                </Word>
                <Word id="tr_1_tl_52_w6" custom="readingOrder {index:5;}">
                    <Coords points="1187,1297 1187,1357 1248,1357 1248,1297"/>
                    <TextEquiv>
                        <Unicode>und</Unicode>
                    </TextEquiv>
                </Word>
                <Word id="tr_1_tl_52_w7" custom="readingOrder {index:6;}">
                    <Coords points="1274,1294 1274,1354 1377,1354 1377,1294"/>
                    <TextEquiv>
                        <Unicode>Revo¬</Unicode>
                    </TextEquiv>
                </Word>
                <TextEquiv>
                    <Unicode>Krieg und Nachkrieg, von Umsturz und Revo¬</Unicode>
                </TextEquiv>
            </TextLine>
            <TextLine id="tr_1_tl_53" custom="readingOrder {index:52;}">
                <Coords points="1417,1411 3067,1378 3150,1365 3152,1319 1417,1356"/>
                <Baseline points="1429,1396 1515,1393 1601,1390 1687,1387 1774,1387 1860,1387 1946,1385 2033,1382 2119,1380 2205,1377 2292,1376 2378,1376 2464,1373 2550,1370 2637,1370 2723,1367 2809,1367 2896,1364 2982,1364 3068,1361 3155,1352"/>
                <Word id="tr_1_tl_53_w1" custom="readingOrder {index:0;}">
                    <Coords points="1417,1355 1417,1415 1481,1415 1481,1355"/>
                    <TextEquiv>
                        <Unicode>Zeit</Unicode>
                    </TextEquiv>
                </Word>
                <Word id="tr_1_tl_53_w2" custom="readingOrder {index:1;}">
                    <Coords points="1514,1350 1514,1410 1638,1410 1638,1350"/>
                    <TextEquiv>
                        <Unicode>hinein,</Unicode>
                    </TextEquiv>
                </Word>
                <Word id="tr_1_tl_53_w3" custom="readingOrder {index:2;}">
                    <Coords points="1665,1347 1665,1407 1713,1407 1713,1347"/>
                    <TextEquiv>
                        <Unicode>die</Unicode>
                    </TextEquiv>
                </Word>
                <Word id="tr_1_tl_53_w4" custom="readingOrder {index:3;}">
                    <Coords points="1741,1347 1741,1407 1859,1407 1859,1347"/>
                    <TextEquiv>
                        <Unicode>rascher</Unicode>
                    </TextEquiv>
                </Word>
                <Word id="tr_1_tl_53_w5" custom="readingOrder {index:4;}">
                    <Coords points="1887,1344 1887,1404 2059,1404 2059,1344"/>
                    <TextEquiv>
                        <Unicode>gekommen</Unicode>
                    </TextEquiv>
                </Word>
                <Word id="tr_1_tl_53_w6" custom="readingOrder {index:5;}">
                    <Coords points="2097,1339 2097,1399 2183,1399 2183,1339"/>
                    <TextEquiv>
                        <Unicode>war,</Unicode>
                    </TextEquiv>
                </Word>
                <Word id="tr_1_tl_53_w7" custom="readingOrder {index:6;}">
                    <Coords points="2211,1336 2211,1396 2253,1396 2253,1336"/>
                    <TextEquiv>
                        <Unicode>als</Unicode>
                    </TextEquiv>
                </Word>
                <Word id="tr_1_tl_53_w8" custom="readingOrder {index:7;}">
                    <Coords points="2292,1336 2292,1396 2383,1396 2383,1336"/>
                    <TextEquiv>
                        <Unicode>kosten</Unicode>
                    </TextEquiv>
                </Word>
                <Word id="tr_1_tl_53_w9" custom="readingOrder {index:8;}">
                    <Coords points="2426,1332 2426,1392 2507,1392 2507,1332"/>
                    <TextEquiv>
                        <Unicode>eines</Unicode>
                    </TextEquiv>
                </Word>
                <Word id="tr_1_tl_53_w10" custom="readingOrder {index:9;}">
                    <Coords points="2551,1327 2551,1387 2875,1387 2875,1327"/>
                    <TextEquiv>
                        <Unicode>Prunkbegräbnisses</Unicode>
                    </TextEquiv>
                </Word>
                <Word id="tr_1_tl_53_w11" custom="readingOrder {index:10;}">
                    <Coords points="2913,1324 2913,1384 2961,1384 2961,1324"/>
                    <TextEquiv>
                        <Unicode>für</Unicode>
                    </TextEquiv>
                </Word>
                <Word id="tr_1_tl_53_w12" custom="readingOrder {index:11;}">
                    <Coords points="2999,1320 2999,1380 3144,1380 3144,1320"/>
                    <TextEquiv>
                        <Unicode>Spitals¬</Unicode>
                    </TextEquiv>
                </Word>
                <TextEquiv>
                    <Unicode>Zeit hinein, die rascher gekommen war, als kosten eines Prunkbegräbnisses für Spitals¬</Unicode>
                </TextEquiv>
            </TextLine>
            <TextLine id="tr_1_tl_54" custom="readingOrder {index:53;}">
                <Coords points="511,1404 1376,1391 1363,1337 513,1361"/>
                <Baseline points="522,1396 565,1398 608,1397 651,1396 694,1394 737,1393 780,1393 823,1391 866,1390 909,1390 952,1389 995,1387 1038,1387 1081,1386 1124,1384 1167,1384 1210,1382 1253,1382 1296,1382 1339,1379 1382,1376"/>
                <Word id="tr_1_tl_54_w1" custom="readingOrder {index:0;}">
                    <Coords points="516,1357 516,1417 616,1417 616,1357"/>
                    <TextEquiv>
                        <Unicode>lattion</Unicode>
                    </TextEquiv>
                </Word>
                <Word id="tr_1_tl_54_w2" custom="readingOrder {index:1;}">
                    <Coords points="652,1355 652,1415 682,1415 682,1355"/>
                    <TextEquiv>
                        <Unicode>in</Unicode>
                    </TextEquiv>
                </Word>
                <Word id="tr_1_tl_54_w3" custom="readingOrder {index:2;}">
                    <Coords points="718,1353 718,1413 793,1413 793,1353"/>
                    <TextEquiv>
                        <Unicode>allem</Unicode>
                    </TextEquiv>
                </Word>
                <Word id="tr_1_tl_54_w4" custom="readingOrder {index:3;}">
                    <Coords points="839,1349 839,1409 990,1409 990,1349"/>
                    <TextEquiv>
                        <Unicode>gefallen,</Unicode>
                    </TextEquiv>
                </Word>
                <Word id="tr_1_tl_54_w5" custom="readingOrder {index:4;}">
                    <Coords points="1016,1347 1016,1407 1046,1407 1046,1347"/>
                    <TextEquiv>
                        <Unicode>er</Unicode>
                    </TextEquiv>
                </Word>
                <Word id="tr_1_tl_54_w6" custom="readingOrder {index:5;}">
                    <Coords points="1077,1344 1077,1404 1162,1404 1162,1344"/>
                    <TextEquiv>
                        <Unicode>wäre</Unicode>
                    </TextEquiv>
                </Word>
                <Word id="tr_1_tl_54_w7" custom="readingOrder {index:6;}">
                    <Coords points="1193,1342 1193,1402 1279,1402 1279,1342"/>
                    <TextEquiv>
                        <Unicode>wohl</Unicode>
                    </TextEquiv>
                </Word>
                <Word id="tr_1_tl_54_w8" custom="readingOrder {index:7;}">
                    <Coords points="1309,1338 1309,1398 1374,1398 1374,1338"/>
                    <TextEquiv>
                        <Unicode>noch</Unicode>
                    </TextEquiv>
                </Word>
                <TextEquiv>
                    <Unicode>lattion in allem gefallen, er wäre wohl noch</Unicode>
                </TextEquiv>
            </TextLine>
            <TextLine id="tr_1_tl_55" custom="readingOrder {index:54;}">
                <Coords points="2287,1435 3087,1411 3154,1433 3156,1365 2287,1387"/>
                <Baseline points="2298,1423 2341,1418 2384,1417 2427,1417 2470,1415 2513,1414 2556,1414 2599,1414 2642,1413 2685,1411 2728,1411 2771,1411 2814,1410 2857,1408 2900,1408 2943,1407 2986,1405 3029,1405 3072,1405 3115,1402 3158,1399"/>
                <Word id="tr_1_tl_55_w1" custom="readingOrder {index:0;}">
                    <Coords points="2287,1378 2287,1438 2388,1438 2388,1378"/>
                    <TextEquiv>
                        <Unicode>zwecke</Unicode>
                    </TextEquiv>
                </Word>
                <Word id="tr_1_tl_55_w2" custom="readingOrder {index:1;}">
                    <Coords points="2420,1374 2420,1434 2602,1434 2602,1374"/>
                    <TextEquiv>
                        <Unicode>verwendet</Unicode>
                    </TextEquiv>
                </Word>
                <Word id="tr_1_tl_55_w3" custom="readingOrder {index:2;}">
                    <Coords points="2635,1371 2635,1431 2779,1431 2779,1371"/>
                    <TextEquiv>
                        <Unicode>werden,</Unicode>
                    </TextEquiv>
                </Word>
                <Word id="tr_1_tl_55_w4" custom="readingOrder {index:3;}">
                    <Coords points="2806,1369 2806,1429 2859,1429 2859,1369"/>
                    <TextEquiv>
                        <Unicode>den</Unicode>
                    </TextEquiv>
                </Word>
                <Word id="tr_1_tl_55_w5" custom="readingOrder {index:4;}">
                    <Coords points="2903,1365 2903,1425 3042,1425 3042,1365"/>
                    <TextEquiv>
                        <Unicode>Armsten</Unicode>
                    </TextEquiv>
                </Word>
                <Word id="tr_1_tl_55_w6" custom="readingOrder {index:5;}">
                    <Coords points="3080,1362 3080,1422 3138,1422 3138,1362"/>
                    <TextEquiv>
                        <Unicode>also</Unicode>
                    </TextEquiv>
                </Word>
                <TextEquiv>
                    <Unicode>zwecke verwendet werden, den Armsten also</Unicode>
                </TextEquiv>
            </TextLine>
            <TextLine id="tr_1_tl_56" custom="readingOrder {index:55;}">
                <Coords points="1406,1448 2256,1428 2256,1380 2206,1376 1409,1402"/>
                <Baseline points="1420,1438 1462,1438 1504,1435 1546,1435 1588,1435 1630,1432 1672,1432 1714,1432 1756,1432 1798,1430 1841,1429 1883,1429 1925,1429 1967,1429 2009,1428 2051,1426 2093,1425 2135,1423 2177,1423 2219,1420 2262,1417"/>
                <Word id="tr_1_tl_56_w1" custom="readingOrder {index:0;}">
                    <Coords points="1411,1398 1411,1458 1458,1458 1458,1398"/>
                    <TextEquiv>
                        <Unicode>der</Unicode>
                    </TextEquiv>
                </Word>
                <Word id="tr_1_tl_56_w2" custom="readingOrder {index:1;}">
                    <Coords points="1490,1395 1490,1455 1637,1455 1637,1395"/>
                    <TextEquiv>
                        <Unicode>Stunden</Unicode>
                    </TextEquiv>
                </Word>
                <Word id="tr_1_tl_56_w3" custom="readingOrder {index:2;}">
                    <Coords points="1669,1392 1669,1452 1764,1452 1764,1392"/>
                    <TextEquiv>
                        <Unicode>Folge</Unicode>
                    </TextEquiv>
                </Word>
                <Word id="tr_1_tl_56_w4" custom="readingOrder {index:3;}">
                    <Coords points="1796,1389 1796,1449 1974,1449 1974,1389"/>
                    <TextEquiv>
                        <Unicode>entspricht,</Unicode>
                    </TextEquiv>
                </Word>
                <Word id="tr_1_tl_56_w5" custom="readingOrder {index:4;}">
                    <Coords points="1996,1387 1996,1447 2053,1447 2053,1387"/>
                    <TextEquiv>
                        <Unicode>und</Unicode>
                    </TextEquiv>
                </Word>
                <Word id="tr_1_tl_56_w6" custom="readingOrder {index:5;}">
                    <Coords points="2086,1383 2086,1443 2159,1443 2159,1383"/>
                    <TextEquiv>
                        <Unicode>diese</Unicode>
                    </TextEquiv>
                </Word>
                <Word id="tr_1_tl_56_w7" custom="readingOrder {index:6;}">
                    <Coords points="2186,1380 2186,1440 2248,1440 2248,1380"/>
                    <TextEquiv>
                        <Unicode>Zei</Unicode>
                    </TextEquiv>
                </Word>
                <TextEquiv>
                    <Unicode>der Stunden Folge entspricht, und diese Zei</Unicode>
                </TextEquiv>
            </TextLine>
            <TextLine id="tr_1_tl_57" custom="readingOrder {index:56;}">
                <Coords points="506,1450 1352,1435 1378,1393 506,1400"/>
                <Baseline points="519,1438 562,1440 605,1441 648,1439 691,1438 734,1436 777,1435 821,1434 864,1432 907,1432 950,1432 993,1432 1036,1431 1079,1429 1123,1428 1166,1426 1209,1426 1252,1423 1295,1423 1338,1423 1382,1420"/>
                <Word id="tr_1_tl_57_w1" custom="readingOrder {index:0;}">
                    <Coords points="510,1398 510,1458 569,1458 569,1398"/>
                    <TextEquiv>
                        <Unicode>der</Unicode>
                    </TextEquiv>
                </Word>
                <Word id="tr_1_tl_57_w2" custom="readingOrder {index:1;}">
                    <Coords points="594,1398 594,1458 721,1458 721,1398"/>
                    <TextEquiv>
                        <Unicode>Dichter</Unicode>
                    </TextEquiv>
                </Word>
                <Word id="tr_1_tl_57_w3" custom="readingOrder {index:2;}">
                    <Coords points="747,1394 747,1454 815,1454 815,1394"/>
                    <TextEquiv>
                        <Unicode>auch</Unicode>
                    </TextEquiv>
                </Word>
                <Word id="tr_1_tl_57_w4" custom="readingOrder {index:3;}">
                    <Coords points="850,1392 850,1452 899,1452 899,1392"/>
                    <TextEquiv>
                        <Unicode>der</Unicode>
                    </TextEquiv>
                </Word>
                <Word id="tr_1_tl_57_w5" custom="readingOrder {index:4;}">
                    <Coords points="929,1392 929,1452 1022,1452 1022,1392"/>
                    <TextEquiv>
                        <Unicode>neuen</Unicode>
                    </TextEquiv>
                </Word>
                <Word id="tr_1_tl_57_w6" custom="readingOrder {index:5;}">
                    <Coords points="1057,1386 1057,1446 1273,1446 1273,1386"/>
                    <TextEquiv>
                        <Unicode>Generation.</Unicode>
                    </TextEquiv>
                </Word>
                <Word id="tr_1_tl_57_w7" custom="readingOrder {index:6;}">
                    <Coords points="1293,1383 1293,1443 1371,1443 1371,1383"/>
                    <TextEquiv>
                        <Unicode>Aber</Unicode>
                    </TextEquiv>
                </Word>
                <TextEquiv>
                    <Unicode>der Dichter auch der neuen Generation. Aber</Unicode>
                </TextEquiv>
            </TextLine>
            <TextLine id="tr_1_tl_58" custom="readingOrder {index:57;}">
                <Coords points="2287,1480 2309,1487 2354,1467 2404,1476 2430,1461 2478,1476 2593,1456 2617,1472 2717,1459 2717,1424 2643,1415 2289,1437"/>
                <Baseline points="2301,1468 2327,1461 2353,1460 2379,1459 2406,1459 2432,1459 2458,1459 2485,1457 2511,1456 2537,1456 2564,1456 2590,1456 2616,1456 2643,1455 2669,1454 2695,1453 2722,1453"/>
                <Word id="tr_1_tl_58_w1" custom="readingOrder {index:0;}">
                    <Coords points="2291,1420 2291,1480 2406,1480 2406,1420"/>
                    <TextEquiv>
                        <Unicode>zugute</Unicode>
                    </TextEquiv>
                </Word>
                <Word id="tr_1_tl_58_w2" custom="readingOrder {index:1;}">
                    <Coords points="2436,1416 2436,1476 2575,1476 2575,1416"/>
                    <TextEquiv>
                        <Unicode>kommen</Unicode>
                    </TextEquiv>
                </Word>
                <Word id="tr_1_tl_58_w3" custom="readingOrder {index:2;}">
                    <Coords points="2606,1414 2606,1474 2715,1474 2715,1414"/>
                    <TextEquiv>
                        <Unicode>sollen.</Unicode>
                    </TextEquiv>
                </Word>
                <TextEquiv>
                    <Unicode>zugute kommen sollen.</Unicode>
                </TextEquiv>
            </TextLine>
            <TextLine id="tr_1_tl_59" custom="readingOrder {index:58;}">
                <Coords points="1411,1489 2256,1474 2256,1430 2182,1424 1411,1450"/>
                <Baseline points="1423,1483 1464,1480 1506,1480 1548,1480 1590,1480 1632,1477 1673,1477 1715,1474 1757,1474 1799,1474 1841,1474 1882,1472 1924,1471 1966,1470 2008,1468 2050,1468 2091,1468 2133,1467 2175,1462 2217,1465 2259,1465"/>
                <Word id="tr_1_tl_59_w1" custom="readingOrder {index:0;}">
                    <Coords points="1411,1440 1411,1500 1568,1500 1568,1440"/>
                    <TextEquiv>
                        <Unicode>entwuchs</Unicode>
                    </TextEquiv>
                </Word>
                <Word id="tr_1_tl_59_w2" custom="readingOrder {index:1;}">
                    <Coords points="1599,1437 1599,1497 1679,1497 1679,1437"/>
                    <TextEquiv>
                        <Unicode>ihm,</Unicode>
                    </TextEquiv>
                </Word>
                <Word id="tr_1_tl_59_w3" custom="readingOrder {index:2;}">
                    <Coords points="1701,1434 1701,1494 1801,1494 1801,1434"/>
                    <TextEquiv>
                        <Unicode>fremd</Unicode>
                    </TextEquiv>
                </Word>
                <Word id="tr_1_tl_59_w4" custom="readingOrder {index:3;}">
                    <Coords points="1833,1433 1833,1493 1888,1493 1888,1433"/>
                    <TextEquiv>
                        <Unicode>und</Unicode>
                    </TextEquiv>
                </Word>
                <Word id="tr_1_tl_59_w5" custom="readingOrder {index:4;}">
                    <Coords points="1919,1428 1919,1488 2112,1488 2112,1428"/>
                    <TextEquiv>
                        <Unicode>unberührt,</Unicode>
                    </TextEquiv>
                </Word>
                <Word id="tr_1_tl_59_w6" custom="readingOrder {index:5;}">
                    <Coords points="2133,1425 2133,1485 2158,1485 2158,1425"/>
                    <TextEquiv>
                        <Unicode>so</Unicode>
                    </TextEquiv>
                </Word>
                <Word id="tr_1_tl_59_w7" custom="readingOrder {index:6;}">
                    <Coords points="2189,1425 2189,1485 2254,1485 2254,1425"/>
                    <TextEquiv>
                        <Unicode>sehr</Unicode>
                    </TextEquiv>
                </Word>
                <TextEquiv>
                    <Unicode>entwuchs ihm, fremd und unberührt, so sehr</Unicode>
                </TextEquiv>
            </TextLine>
            <TextLine id="tr_1_tl_60" custom="readingOrder {index:59;}">
                <Coords points="509,1496 1374,1469 1374,1428 1059,1435 1030,1461 511,1450"/>
                <Baseline points="522,1486 564,1486 607,1486 650,1484 693,1483 736,1481 779,1480 821,1480 864,1478 907,1477 950,1477 993,1476 1036,1474 1079,1473 1121,1471 1164,1470 1207,1468 1250,1468 1293,1468 1336,1465 1379,1462"/>
                <Word id="tr_1_tl_60_w1" custom="readingOrder {index:0;}">
                    <Coords points="514,1446 514,1506 567,1506 567,1446"/>
                    <TextEquiv>
                        <Unicode>die</Unicode>
                    </TextEquiv>
                </Word>
                <Word id="tr_1_tl_60_w2" custom="readingOrder {index:1;}">
                    <Coords points="588,1445 588,1505 662,1505 662,1445"/>
                    <TextEquiv>
                        <Unicode>Zeit</Unicode>
                    </TextEquiv>
                </Word>
                <Word id="tr_1_tl_60_w3" custom="readingOrder {index:2;}">
                    <Coords points="684,1441 684,1501 784,1501 784,1441"/>
                    <TextEquiv>
                        <Unicode>schlug</Unicode>
                    </TextEquiv>
                </Word>
                <Word id="tr_1_tl_60_w4" custom="readingOrder {index:3;}">
                    <Coords points="816,1439 816,1499 852,1499 852,1439"/>
                    <TextEquiv>
                        <Unicode>-in</Unicode>
                    </TextEquiv>
                </Word>
                <Word id="tr_1_tl_60_w5" custom="readingOrder {index:4;}">
                    <Coords points="885,1437 885,1497 1001,1497 1001,1437"/>
                    <TextEquiv>
                        <Unicode>neues,</Unicode>
                    </TextEquiv>
                </Word>
                <Word id="tr_1_tl_60_w6" custom="readingOrder {index:5;}">
                    <Coords points="1039,1433 1039,1493 1086,1493 1086,1433"/>
                    <TextEquiv>
                        <Unicode>ein</Unicode>
                    </TextEquiv>
                </Word>
                <Word id="tr_1_tl_60_w7" custom="readingOrder {index:6;}">
                    <Coords points="1118,1428 1118,1488 1372,1488 1372,1428"/>
                    <TextEquiv>
                        <Unicode>überstürzendes</Unicode>
                    </TextEquiv>
                </Word>
                <TextEquiv>
                    <Unicode>die Zeit schlug -in neues, ein überstürzendes</Unicode>
                </TextEquiv>
            </TextLine>
            <TextLine id="tr_1_tl_61" custom="readingOrder {index:60;}">
                <Coords points="2332,1506 3143,1502 3143,1446 3106,1419 2674,1472 2335,1461"/>
                <Baseline points="2346,1504 2386,1501 2426,1504 2466,1502 2506,1501 2546,1501 2586,1501 2627,1500 2667,1498 2707,1498 2747,1495 2787,1495 2827,1495 2867,1493 2908,1492 2948,1492 2988,1492 3028,1492 3068,1491 3108,1489 3149,1486"/>
                <Word id="tr_1_tl_61_w1" custom="readingOrder {index:0;}">
                    <Coords points="2333,1463 2333,1523 2380,1523 2380,1463"/>
                    <TextEquiv>
                        <Unicode>Es</Unicode>
                    </TextEquiv>
                </Word>
                <Word id="tr_1_tl_61_w2" custom="readingOrder {index:1;}">
                    <Coords points="2416,1463 2416,1523 2457,1523 2457,1463"/>
                    <TextEquiv>
                        <Unicode>ist</Unicode>
                    </TextEquiv>
                </Word>
                <Word id="tr_1_tl_61_w3" custom="readingOrder {index:2;}">
                    <Coords points="2482,1461 2482,1521 2623,1521 2623,1461"/>
                    <TextEquiv>
                        <Unicode>trauvig,</Unicode>
                    </TextEquiv>
                </Word>
                <Word id="tr_1_tl_61_w4" custom="readingOrder {index:3;}">
                    <Coords points="2648,1458 2648,1518 2700,1518 2700,1458"/>
                    <TextEquiv>
                        <Unicode>daß</Unicode>
                    </TextEquiv>
                </Word>
                <Word id="tr_1_tl_61_w5" custom="readingOrder {index:4;}">
                    <Coords points="2737,1455 2737,1515 2860,1515 2860,1455"/>
                    <TextEquiv>
                        <Unicode>Anatol</Unicode>
                    </TextEquiv>
                </Word>
                <Word id="tr_1_tl_61_w6" custom="readingOrder {index:5;}">
                    <Coords points="2891,1452 2891,1512 2950,1512 2950,1452"/>
                    <TextEquiv>
                        <Unicode>und</Unicode>
                    </TextEquiv>
                </Word>
                <Word id="tr_1_tl_61_w7" custom="readingOrder {index:6;}">
                    <Coords points="2986,1452 2986,1512 3039,1512 3039,1452"/>
                    <TextEquiv>
                        <Unicode>das</Unicode>
                    </TextEquiv>
                </Word>
                <Word id="tr_1_tl_61_w8" custom="readingOrder {index:7;}">
                    <Coords points="3075,1448 3075,1508 3145,1508 3145,1448"/>
                    <TextEquiv>
                        <Unicode>süße</Unicode>
                    </TextEquiv>
                </Word>
                <TextEquiv>
                    <Unicode>Es ist trauvig, daß Anatol und das süße</Unicode>
                </TextEquiv>
            </TextLine>
            <TextLine id="tr_1_tl_62" custom="readingOrder {index:61;}">
                <Coords points="1411,1535 2200,1543 2263,1537 2265,1476 1411,1489"/>
                <Baseline points="1423,1528 1465,1525 1507,1525 1549,1525 1592,1522 1634,1522 1676,1520 1718,1519 1761,1517 1803,1516 1845,1516 1887,1516 1930,1516 1972,1516 2014,1516 2056,1515 2099,1512 2141,1510 2183,1510 2225,1507 2268,1507"/>
                <Word id="tr_1_tl_62_w1" custom="readingOrder {index:0;}">
                    <Coords points="1411,1487 1411,1547 1459,1547 1459,1487"/>
                    <TextEquiv>
                        <Unicode>daß</Unicode>
                    </TextEquiv>
                </Word>
                <Word id="tr_1_tl_62_w2" custom="readingOrder {index:1;}">
                    <Coords points="1493,1485 1493,1545 1530,1545 1530,1485"/>
                    <TextEquiv>
                        <Unicode>sie</Unicode>
                    </TextEquiv>
                </Word>
                <Word id="tr_1_tl_62_w3" custom="readingOrder {index:2;}">
                    <Coords points="1552,1482 1552,1542 1627,1542 1627,1482"/>
                    <TextEquiv>
                        <Unicode>seine</Unicode>
                    </TextEquiv>
                </Word>
                <Word id="tr_1_tl_62_w4" custom="readingOrder {index:3;}">
                    <Coords points="1655,1477 1655,1537 1845,1537 1845,1477"/>
                    <TextEquiv>
                        <Unicode>Tapferkeit,</Unicode>
                    </TextEquiv>
                </Word>
                <Word id="tr_1_tl_62_w5" custom="readingOrder {index:4;}">
                    <Coords points="1862,1476 1862,1536 1953,1536 1953,1476"/>
                    <TextEquiv>
                        <Unicode>seinen</Unicode>
                    </TextEquiv>
                </Word>
                <Word id="tr_1_tl_62_w6" custom="readingOrder {index:5;}">
                    <Coords points="1981,1474 1981,1534 2154,1534 2154,1474"/>
                    <TextEquiv>
                        <Unicode>aufrechten</Unicode>
                    </TextEquiv>
                </Word>
                <Word id="tr_1_tl_62_w7" custom="readingOrder {index:6;}">
                    <Coords points="2187,1467 2187,1527 2262,1527 2262,1467"/>
                    <TextEquiv>
                        <Unicode>Mut</Unicode>
                    </TextEquiv>
                </Word>
                <TextEquiv>
                    <Unicode>daß sie seine Tapferkeit, seinen aufrechten Mut</Unicode>
                </TextEquiv>
            </TextLine>
            <TextLine id="tr_1_tl_63" custom="readingOrder {index:62;}">
                <Coords points="506,1541 1378,1519 1378,1469 506,1496"/>
                <Baseline points="519,1528 562,1528 605,1528 648,1526 692,1525 735,1525 778,1524 821,1522 865,1521 908,1519 951,1519 994,1518 1038,1516 1081,1516 1124,1516 1167,1516 1211,1513 1254,1513 1297,1513 1340,1510 1384,1510"/>
                <Word id="tr_1_tl_63_w1" custom="readingOrder {index:0;}">
                    <Coords points="511,1488 511,1548 635,1548 635,1488"/>
                    <TextEquiv>
                        <Unicode>Tempo</Unicode>
                    </TextEquiv>
                </Word>
                <Word id="tr_1_tl_63_w2" custom="readingOrder {index:1;}">
                    <Coords points="666,1485 666,1545 707,1545 707,1485"/>
                    <TextEquiv>
                        <Unicode>ein</Unicode>
                    </TextEquiv>
                </Word>
                <Word id="tr_1_tl_63_w3" custom="readingOrder {index:2;}">
                    <Coords points="765,1483 765,1543 826,1543 826,1483"/>
                    <TextEquiv>
                        <Unicode>und</Unicode>
                    </TextEquiv>
                </Word>
                <Word id="tr_1_tl_63_w4" custom="readingOrder {index:3;}">
                    <Coords points="858,1480 858,1540 904,1540 904,1480"/>
                    <TextEquiv>
                        <Unicode>die</Unicode>
                    </TextEquiv>
                </Word>
                <Word id="tr_1_tl_63_w5" custom="readingOrder {index:4;}">
                    <Coords points="930,1476 930,1536 1148,1536 1148,1476"/>
                    <TextEquiv>
                        <Unicode>Entfesselung</Unicode>
                    </TextEquiv>
                </Word>
                <Word id="tr_1_tl_63_w6" custom="readingOrder {index:5;}">
                    <Coords points="1200,1473 1200,1533 1272,1533 1272,1473"/>
                    <TextEquiv>
                        <Unicode>fand</Unicode>
                    </TextEquiv>
                </Word>
                <Word id="tr_1_tl_63_w7" custom="readingOrder {index:6;}">
                    <Coords points="1304,1470 1304,1530 1371,1530 1371,1470"/>
                    <TextEquiv>
                        <Unicode>noch</Unicode>
                    </TextEquiv>
                </Word>
                <TextEquiv>
                    <Unicode>Tempo ein und die Entfesselung fand noch</Unicode>
                </TextEquiv>
            </TextLine>
            <TextLine id="tr_1_tl_64" custom="readingOrder {index:63;}">
                <Coords points="2291,1556 2993,1537 3141,1582 3143,1502 2291,1506"/>
                <Baseline points="2304,1546 2346,1546 2388,1546 2430,1546 2473,1546 2515,1546 2557,1544 2599,1543 2642,1541 2684,1540 2726,1538 2768,1538 2811,1540 2853,1539 2895,1537 2937,1537 2980,1537 3022,1536 3064,1534 3106,1534 3149,1531"/>
                <Word id="tr_1_tl_64_w1" custom="readingOrder {index:0;}">
                    <Coords points="2297,1506 2297,1566 2404,1566 2404,1506"/>
                    <TextEquiv>
                        <Unicode>Mädel</Unicode>
                    </TextEquiv>
                </Word>
                <Word id="tr_1_tl_64_w2" custom="readingOrder {index:1;}">
                    <Coords points="2433,1506 2433,1566 2512,1566 2512,1506"/>
                    <TextEquiv>
                        <Unicode>ihren</Unicode>
                    </TextEquiv>
                </Word>
                <Word id="tr_1_tl_64_w3" custom="readingOrder {index:2;}">
                    <Coords points="2546,1502 2546,1562 2670,1562 2670,1502"/>
                    <TextEquiv>
                        <Unicode>Dichter</Unicode>
                    </TextEquiv>
                </Word>
                <Word id="tr_1_tl_64_w4" custom="readingOrder {index:3;}">
                    <Coords points="2699,1498 2699,1558 2783,1558 2783,1498"/>
                    <TextEquiv>
                        <Unicode>nicht</Unicode>
                    </TextEquiv>
                </Word>
                <Word id="tr_1_tl_64_w5" custom="readingOrder {index:4;}">
                    <Coords points="2807,1499 2807,1559 2829,1559 2829,1499"/>
                    <TextEquiv>
                        <Unicode>zu</Unicode>
                    </TextEquiv>
                </Word>
                <Word id="tr_1_tl_64_w6" custom="readingOrder {index:5;}">
                    <Coords points="2863,1497 2863,1557 2970,1557 2970,1497"/>
                    <TextEquiv>
                        <Unicode>Grabe</Unicode>
                    </TextEquiv>
                </Word>
                <Word id="tr_1_tl_64_w7" custom="readingOrder {index:6;}">
                    <Coords points="2994,1494 2994,1554 3134,1554 3134,1494"/>
                    <TextEquiv>
                        <Unicode>gerragen</Unicode>
                    </TextEquiv>
                </Word>
                <TextEquiv>
                    <Unicode>Mädel ihren Dichter nicht zu Grabe gerragen</Unicode>
                </TextEquiv>
            </TextLine>
            <TextLine id="tr_1_tl_65" custom="readingOrder {index:64;}">
                <Coords points="513,1585 1380,1563 1378,1517 1298,1513 513,1543"/>
                <Baseline points="525,1570 570,1573 615,1571 660,1570 705,1570 751,1567 796,1567 841,1567 886,1564 931,1564 977,1564 1022,1564 1067,1561 1112,1561 1157,1561 1203,1558 1248,1558 1293,1555 1338,1552 1384,1552"/>
                <Word id="tr_1_tl_65_w1" custom="readingOrder {index:0;}">
                    <Coords points="518,1532 518,1592 602,1592 602,1532"/>
                    <TextEquiv>
                        <Unicode>nicht</Unicode>
                    </TextEquiv>
                </Word>
                <Word id="tr_1_tl_65_w2" custom="readingOrder {index:1;}">
                    <Coords points="628,1530 628,1590 653,1590 653,1530"/>
                    <TextEquiv>
                        <Unicode>in</Unicode>
                    </TextEquiv>
                </Word>
                <Word id="tr_1_tl_65_w3" custom="readingOrder {index:2;}">
                    <Coords points="688,1528 688,1588 769,1588 769,1528"/>
                    <TextEquiv>
                        <Unicode>neue</Unicode>
                    </TextEquiv>
                </Word>
                <Word id="tr_1_tl_65_w4" custom="readingOrder {index:3;}">
                    <Coords points="800,1524 800,1584 955,1584 955,1524"/>
                    <TextEquiv>
                        <Unicode>Dämme;</Unicode>
                    </TextEquiv>
                </Word>
                <Word id="tr_1_tl_65_w5" custom="readingOrder {index:4;}">
                    <Coords points="1001,1521 1001,1581 1141,1581 1141,1521"/>
                    <TextEquiv>
                        <Unicode>unruhig</Unicode>
                    </TextEquiv>
                </Word>
                <Word id="tr_1_tl_65_w6" custom="readingOrder {index:5;}">
                    <Coords points="1183,1518 1183,1578 1237,1578 1237,1518"/>
                    <TextEquiv>
                        <Unicode>und</Unicode>
                    </TextEquiv>
                </Word>
                <Word id="tr_1_tl_65_w7" custom="readingOrder {index:6;}">
                    <Coords points="1273,1513 1273,1573 1373,1573 1373,1513"/>
                    <TextEquiv>
                        <Unicode>ziellos</Unicode>
                    </TextEquiv>
                </Word>
                <TextEquiv>
                    <Unicode>nicht in neue Dämme; unruhig und ziellos</Unicode>
                </TextEquiv>
            </TextLine>
            <TextLine id="tr_1_tl_66" custom="readingOrder {index:65;}">
                <Coords points="1411,1596 1452,1576 1496,1580 1504,1574 1522,1587 1537,1580 1554,1589 1615,1582 1615,1532 1609,1530 1585,1526 1563,1539 1526,1532 1504,1543 1485,1532 1467,1541 1456,1530 1446,1539 1411,1535"/>
                <Baseline points="1423,1573 1451,1570 1479,1570 1507,1569 1535,1567 1563,1569 1591,1569 1620,1567"/>
                <Word id="tr_1_tl_66_w1" custom="readingOrder {index:0;}">
                    <Coords points="1416,1528 1416,1588 1613,1588 1613,1528"/>
                    <TextEquiv>
                        <Unicode>mitvergaß.</Unicode>
                    </TextEquiv>
                </Word>
                <TextEquiv>
                    <Unicode>mitvergaß.</Unicode>
                </TextEquiv>
            </TextLine>
            <TextLine id="tr_1_tl_67" custom="readingOrder {index:66;}">
                <Coords points="1448,1632 3069,1593 3030,1539 2217,1569 2124,1537 2076,1578 1882,1537 1450,1580"/>
                <Baseline points="1459,1620 1539,1617 1620,1616 1701,1614 1782,1611 1862,1611 1943,1609 2024,1608 2105,1607 2185,1605 2266,1602 2347,1593 2428,1590 2508,1589 2589,1584 2670,1584 2751,1582 2831,1582 2912,1582 2993,1579 3074,1579"/>
                <Word id="tr_1_tl_67_w1" custom="readingOrder {index:0;}">
                    <Coords points="1455,1577 1455,1637 1610,1637 1610,1577"/>
                    <TextEquiv>
                        <Unicode>Niemand</Unicode>
                    </TextEquiv>
                </Word>
                <Word id="tr_1_tl_67_w2" custom="readingOrder {index:1;}">
                    <Coords points="1639,1574 1639,1634 1708,1634 1708,1574"/>
                    <TextEquiv>
                        <Unicode>kann</Unicode>
                    </TextEquiv>
                </Word>
                <Word id="tr_1_tl_67_w3" custom="readingOrder {index:2;}">
                    <Coords points="1738,1571 1738,1631 1852,1631 1852,1571"/>
                    <TextEquiv>
                        <Unicode>daraus</Unicode>
                    </TextEquiv>
                </Word>
                <Word id="tr_1_tl_67_w4" custom="readingOrder {index:3;}">
                    <Coords points="1882,1570 1882,1630 1922,1630 1922,1570"/>
                    <TextEquiv>
                        <Unicode>ein</Unicode>
                    </TextEquiv>
                </Word>
                <Word id="tr_1_tl_67_w5" custom="readingOrder {index:4;}">
                    <Coords points="1952,1567 1952,1627 2106,1627 2106,1567"/>
                    <TextEquiv>
                        <Unicode>Vorwurf</Unicode>
                    </TextEquiv>
                </Word>
                <Word id="tr_1_tl_67_w6" custom="readingOrder {index:5;}">
                    <Coords points="2124,1564 2124,1624 2263,1624 2263,1564"/>
                    <TextEquiv>
                        <Unicode>gemacht</Unicode>
                    </TextEquiv>
                </Word>
                <Word id="tr_1_tl_67_w7" custom="readingOrder {index:6;}">
                    <Coords points="2292,1552 2292,1612 2413,1612 2413,1552"/>
                    <TextEquiv>
                        <Unicode>haben.</Unicode>
                    </TextEquiv>
                </Word>
                <Word id="tr_1_tl_67_w8" custom="readingOrder {index:7;}">
                    <Coords points="2437,1549 2437,1609 2523,1609 2523,1549"/>
                    <TextEquiv>
                        <Unicode>Aber</Unicode>
                    </TextEquiv>
                </Word>
                <Word id="tr_1_tl_67_w9" custom="readingOrder {index:8;}">
                    <Coords points="2552,1545 2552,1605 2586,1605 2586,1545"/>
                    <TextEquiv>
                        <Unicode>sie</Unicode>
                    </TextEquiv>
                </Word>
                <Word id="tr_1_tl_67_w10" custom="readingOrder {index:9;}">
                    <Coords points="2622,1544 2622,1604 2679,1604 2679,1544"/>
                    <TextEquiv>
                        <Unicode>sind</Unicode>
                    </TextEquiv>
                </Word>
                <Word id="tr_1_tl_67_w11" custom="readingOrder {index:10;}">
                    <Coords points="2708,1542 2708,1602 2765,1602 2765,1542"/>
                    <TextEquiv>
                        <Unicode>vor</Unicode>
                    </TextEquiv>
                </Word>
                <Word id="tr_1_tl_67_w12" custom="readingOrder {index:11;}">
                    <Coords points="2795,1542 2795,1602 2847,1602 2847,1542"/>
                    <TextEquiv>
                        <Unicode>ihm</Unicode>
                    </TextEquiv>
                </Word>
                <Word id="tr_1_tl_67_w13" custom="readingOrder {index:12;}">
                    <Coords points="2888,1539 2888,1599 3060,1599 3060,1539"/>
                    <TextEquiv>
                        <Unicode>gestorben.</Unicode>
                    </TextEquiv>
                </Word>
                <TextEquiv>
                    <Unicode>Niemand kann daraus ein Vorwurf gemacht haben. Aber sie sind vor ihm gestorben.</Unicode>
                </TextEquiv>
            </TextLine>
            <TextLine id="tr_1_tl_68" custom="readingOrder {index:67;}">
                <Coords points="522,1628 1383,1632 1363,1556 522,1578"/>
                <Baseline points="534,1620 576,1614 619,1614 661,1614 704,1612 747,1611 789,1609 832,1608 875,1606 917,1605 960,1605 1003,1605 1045,1605 1088,1604 1131,1602 1173,1602 1216,1602 1259,1602 1301,1599 1344,1596 1387,1596"/>
                <Word id="tr_1_tl_68_w1" custom="readingOrder {index:0;}">
                    <Coords points="528,1574 528,1634 654,1634 654,1574"/>
                    <TextEquiv>
                        <Unicode>strömen</Unicode>
                    </TextEquiv>
                </Word>
                <Word id="tr_1_tl_68_w2" custom="readingOrder {index:1;}">
                    <Coords points="689,1571 689,1631 732,1631 732,1571"/>
                    <TextEquiv>
                        <Unicode>die</Unicode>
                    </TextEquiv>
                </Word>
                <Word id="tr_1_tl_68_w3" custom="readingOrder {index:2;}">
                    <Coords points="761,1568 761,1628 876,1628 876,1568"/>
                    <TextEquiv>
                        <Unicode>Wässer</Unicode>
                    </TextEquiv>
                </Word>
                <Word id="tr_1_tl_68_w4" custom="readingOrder {index:3;}">
                    <Coords points="910,1565 910,1625 1020,1625 1020,1565"/>
                    <TextEquiv>
                        <Unicode>dahin,</Unicode>
                    </TextEquiv>
                </Word>
                <Word id="tr_1_tl_68_w5" custom="readingOrder {index:4;}">
                    <Coords points="1043,1564 1043,1624 1092,1624 1092,1564"/>
                    <TextEquiv>
                        <Unicode>das</Unicode>
                    </TextEquiv>
                </Word>
                <Word id="tr_1_tl_68_w6" custom="readingOrder {index:5;}">
                    <Coords points="1126,1562 1126,1622 1259,1622 1259,1562"/>
                    <TextEquiv>
                        <Unicode>Morgen</Unicode>
                    </TextEquiv>
                </Word>
                <Word id="tr_1_tl_68_w7" custom="readingOrder {index:6;}">
                    <Coords points="1292,1558 1292,1618 1330,1618 1330,1558"/>
                    <TextEquiv>
                        <Unicode>ist</Unicode>
                    </TextEquiv>
                </Word>
                <Word id="tr_1_tl_68_w8" custom="readingOrder {index:7;}">
                    <Coords points="1353,1556 1353,1616 1380,1616 1380,1556"/>
                    <TextEquiv>
                        <Unicode>so</Unicode>
                    </TextEquiv>
                </Word>
                <TextEquiv>
                    <Unicode>strömen die Wässer dahin, das Morgen ist so</Unicode>
                </TextEquiv>
            </TextLine>
            <TextLine id="tr_1_tl_69" custom="readingOrder {index:68;}">
                <Coords points="2663,1661 2715,1665 2772,1643 2785,1656 2830,1646 2850,1663 2917,1641 3108,1632 3108,1578 3089,1576 3050,1598 2969,1582 2815,1600 2793,1585 2741,1604 2698,1585 2665,1602"/>
                <Baseline points="2677,1638 2702,1633 2728,1632 2753,1632 2779,1632 2805,1632 2830,1632 2856,1633 2882,1635 2907,1635 2933,1635 2959,1633 2984,1632 3010,1630 3036,1629 3061,1629 3087,1628 3113,1626"/>
                <Word id="tr_1_tl_69_w1" custom="readingOrder {index:0;}">
                    <Coords points="2670,1592 2670,1652 2782,1652 2782,1592"/>
                    <TextEquiv>
                        <Unicode>Hanns</Unicode>
                    </TextEquiv>
                </Word>
                <Word id="tr_1_tl_69_w2" custom="readingOrder {index:1;}">
                    <Coords points="2817,1592 2817,1652 3105,1652 3105,1592"/>
                    <TextEquiv>
                        <Unicode>Margulies.</Unicode>
                    </TextEquiv>
                </Word>
                <TextEquiv>
                    <Unicode>Hanns Margulies.</Unicode>
                </TextEquiv>
            </TextLine>
            <TextLine id="tr_1_tl_70" custom="readingOrder {index:69;}">
                <Coords points="515,1669 622,1678 670,1665 693,1680 754,1661 811,1676 837,1654 863,1672 974,1661 974,1624 930,1613 846,1628 726,1617 517,1630"/>
                <Baseline points="528,1662 553,1659 578,1659 603,1659 628,1659 653,1659 678,1658 703,1656 728,1655 753,1653 778,1653 803,1653 828,1651 853,1650 878,1650 903,1650 928,1650 953,1650 979,1650"/>
                <Word id="tr_1_tl_70_w1" custom="readingOrder {index:0;}">
                    <Coords points="520,1619 520,1679 660,1679 660,1619"/>
                    <TextEquiv>
                        <Unicode>unsicher</Unicode>
                    </TextEquiv>
                </Word>
                <Word id="tr_1_tl_70_w2" custom="readingOrder {index:1;}">
                    <Coords points="692,1615 692,1675 743,1675 743,1615"/>
                    <TextEquiv>
                        <Unicode>wie</Unicode>
                    </TextEquiv>
                </Word>
                <Word id="tr_1_tl_70_w3" custom="readingOrder {index:2;}">
                    <Coords points="770,1613 770,1673 821,1673 821,1613"/>
                    <TextEquiv>
                        <Unicode>das</Unicode>
                    </TextEquiv>
                </Word>
                <Word id="tr_1_tl_70_w4" custom="readingOrder {index:3;}">
                    <Coords points="853,1610 853,1670 967,1670 967,1610"/>
                    <TextEquiv>
                        <Unicode>Heute.</Unicode>
                    </TextEquiv>
                </Word>
                <TextEquiv>
                    <Unicode>unsicher wie das Heute.</Unicode>
                </TextEquiv>
            </TextLine>
            <TextLine id="tr_1_tl_71" custom="readingOrder {index:70;}">
                <Coords points="1402,1676 2285,1654 2282,1609 1402,1628"/>
                <Baseline points="1414,1665 1457,1665 1501,1664 1545,1662 1589,1661 1632,1659 1676,1659 1720,1658 1764,1656 1807,1656 1851,1656 1895,1655 1939,1652 1982,1650 2026,1650 2070,1650 2114,1650 2157,1647 2201,1644 2245,1644 2289,1650"/>
                <Word id="tr_1_tl_71_w1" custom="readingOrder {index:0;}">
                    <Coords points="1407,1624 1407,1684 1556,1684 1556,1624"/>
                    <TextEquiv>
                        <Unicode>werden.</Unicode>
                    </TextEquiv>
                </Word>
                <Word id="tr_1_tl_71_w2" custom="readingOrder {index:1;}">
                    <Coords points="1582,1619 1582,1679 1741,1679 1741,1619"/>
                    <TextEquiv>
                        <Unicode>Niemand</Unicode>
                    </TextEquiv>
                </Word>
                <Word id="tr_1_tl_71_w3" custom="readingOrder {index:2;}">
                    <Coords points="1778,1616 1778,1676 1814,1676 1814,1616"/>
                    <TextEquiv>
                        <Unicode>ist</Unicode>
                    </TextEquiv>
                </Word>
                <Word id="tr_1_tl_71_w4" custom="readingOrder {index:3;}">
                    <Coords points="1845,1615 1845,1675 1937,1675 1937,1615"/>
                    <TextEquiv>
                        <Unicode>schuld</Unicode>
                    </TextEquiv>
                </Word>
                <Word id="tr_1_tl_71_w5" custom="readingOrder {index:4;}">
                    <Coords points="1974,1610 1974,1670 2092,1670 2092,1610"/>
                    <TextEquiv>
                        <Unicode>daran,</Unicode>
                    </TextEquiv>
                </Word>
                <Word id="tr_1_tl_71_w6" custom="readingOrder {index:5;}">
                    <Coords points="2119,1607 2119,1667 2190,1667 2190,1607"/>
                    <TextEquiv>
                        <Unicode>aber</Unicode>
                    </TextEquiv>
                </Word>
                <Word id="tr_1_tl_71_w7" custom="readingOrder {index:6;}">
                    <Coords points="2227,1604 2227,1664 2257,1664 2257,1604"/>
                    <TextEquiv>
                        <Unicode>es</Unicode>
                    </TextEquiv>
                </Word>
                <TextEquiv>
                    <Unicode>werden. Niemand ist schuld daran, aber es</Unicode>
                </TextEquiv>
            </TextLine>
            <TextLine id="tr_1_tl_72" custom="readingOrder {index:71;}">
                <Coords points="2617,1704 2628,1704 2635,1711 2650,1702 2676,1700 2687,1700 2700,1709 2719,1706 2719,1663 2702,1659 2698,1663 2665,1663 2652,1652 2639,1661 2617,1663"/>
                <Baseline points="2629,1689 2661,1691 2693,1691 2725,1689"/>
                <TextEquiv>
                    <Unicode></Unicode>
                </TextEquiv>
            </TextLine>
            <TextLine id="tr_1_tl_73" custom="readingOrder {index:72;}">
                <Coords points="561,1711 1374,1700 1376,1635 1261,1656 1163,1635 1043,1672 1013,1650 563,1667"/>
                <Baseline points="573,1707 613,1707 653,1705 694,1706 734,1705 775,1703 815,1701 856,1701 896,1701 937,1701 977,1701 1017,1698 1058,1700 1098,1699 1139,1698 1179,1697 1220,1695 1260,1695 1301,1694 1341,1692 1382,1689"/>
                <Word id="tr_1_tl_73_w1" custom="readingOrder {index:0;}">
                    <Coords points="567,1667 567,1727 611,1727 611,1667"/>
                    <TextEquiv>
                        <Unicode>Es</Unicode>
                    </TextEquiv>
                </Word>
                <Word id="tr_1_tl_73_w2" custom="readingOrder {index:1;}">
                    <Coords points="639,1665 639,1725 677,1725 677,1665"/>
                    <TextEquiv>
                        <Unicode>ist</Unicode>
                    </TextEquiv>
                </Word>
                <Word id="tr_1_tl_73_w3" custom="readingOrder {index:2;}">
                    <Coords points="700,1664 700,1724 804,1724 804,1664"/>
                    <TextEquiv>
                        <Unicode>müßig</Unicode>
                    </TextEquiv>
                </Word>
                <Word id="tr_1_tl_73_w4" custom="readingOrder {index:3;}">
                    <Coords points="832,1661 832,1721 859,1721 859,1661"/>
                    <TextEquiv>
                        <Unicode>zu</Unicode>
                    </TextEquiv>
                </Word>
                <Word id="tr_1_tl_73_w5" custom="readingOrder {index:4;}">
                    <Coords points="893,1661 893,1721 1042,1721 1042,1661"/>
                    <TextEquiv>
                        <Unicode>betonen,</Unicode>
                    </TextEquiv>
                </Word>
                <Word id="tr_1_tl_73_w6" custom="readingOrder {index:5;}">
                    <Coords points="1065,1659 1065,1719 1114,1719 1114,1659"/>
                    <TextEquiv>
                        <Unicode>daß</Unicode>
                    </TextEquiv>
                </Word>
                <Word id="tr_1_tl_73_w7" custom="readingOrder {index:6;}">
                    <Coords points="1147,1657 1147,1717 1202,1717 1202,1657"/>
                    <TextEquiv>
                        <Unicode>das</Unicode>
                    </TextEquiv>
                </Word>
                <Word id="tr_1_tl_73_w8" custom="readingOrder {index:7;}">
                    <Coords points="1230,1654 1230,1714 1357,1714 1357,1654"/>
                    <TextEquiv>
                        <Unicode>politisch</Unicode>
                    </TextEquiv>
                </Word>
                <TextEquiv>
                    <Unicode>Es ist müßig zu betonen, daß das politisch</Unicode>
                </TextEquiv>
            </TextLine>
            <TextLine id="tr_1_tl_74" custom="readingOrder {index:73;}">
                <Coords points="511,1756 1367,1739 1832,1778 1906,1769 1911,1669 513,1715"/>
                <Baseline points="522,1752 591,1752 661,1750 730,1749 800,1747 869,1746 939,1743 1008,1743 1078,1743 1147,1742 1217,1740 1287,1737 1356,1734 1426,1730 1495,1719 1565,1718 1634,1716 1704,1715 1773,1710 1843,1711 1913,1710"/>
                <Word id="tr_1_tl_74_w1" custom="readingOrder {index:0;}">
                    <Coords points="519,1712 519,1772 580,1772 580,1712"/>
                    <TextEquiv>
                        <Unicode>und</Unicode>
                    </TextEquiv>
                </Word>
                <Word id="tr_1_tl_74_w2" custom="readingOrder {index:1;}">
                    <Coords points="611,1708 611,1768 858,1768 858,1708"/>
                    <TextEquiv>
                        <Unicode>wirtschaftliche</Unicode>
                    </TextEquiv>
                </Word>
                <Word id="tr_1_tl_74_w3" custom="readingOrder {index:2;}">
                    <Coords points="889,1703 889,1763 993,1763 993,1703"/>
                    <TextEquiv>
                        <Unicode>Chaos</Unicode>
                    </TextEquiv>
                </Word>
                <Word id="tr_1_tl_74_w4" custom="readingOrder {index:3;}">
                    <Coords points="1025,1703 1025,1763 1092,1763 1092,1703"/>
                    <TextEquiv>
                        <Unicode>auch</Unicode>
                    </TextEquiv>
                </Word>
                <Word id="tr_1_tl_74_w5" custom="readingOrder {index:4;}">
                    <Coords points="1130,1701 1130,1761 1185,1761 1185,1701"/>
                    <TextEquiv>
                        <Unicode>das</Unicode>
                    </TextEquiv>
                </Word>
                <Word id="tr_1_tl_74_w6" custom="readingOrder {index:5;}">
                    <Coords points="1216,1696 1216,1756 1383,1756 1383,1696"/>
                    <TextEquiv>
                        <Unicode>kulturelle</Unicode>
                    </TextEquiv>
                </Word>
                <TextEquiv>
                    <Unicode>und wirtschaftliche Chaos auch das kulturelle</Unicode>
                </TextEquiv>
            </TextLine>
            <TextLine id="tr_1_tl_75" custom="readingOrder {index:74;}">
                <Coords points="515,1802 1387,1789 1367,1739 515,1767"/>
                <Baseline points="528,1796 571,1795 614,1794 657,1793 701,1793 744,1792 787,1790 830,1790 874,1789 917,1787 960,1787 1003,1786 1047,1784 1090,1784 1133,1783 1176,1781 1220,1781 1263,1781 1306,1779 1349,1779 1393,1779"/>
                <Word id="tr_1_tl_75_w1" custom="readingOrder {index:0;}">
                    <Coords points="521,1755 521,1815 585,1815 585,1755"/>
                    <TextEquiv>
                        <Unicode>und</Unicode>
                    </TextEquiv>
                </Word>
                <Word id="tr_1_tl_75_w2" custom="readingOrder {index:1;}">
                    <Coords points="640,1751 640,1811 850,1811 850,1751"/>
                    <TextEquiv>
                        <Unicode>künstlerische</Unicode>
                    </TextEquiv>
                </Word>
                <Word id="tr_1_tl_75_w3" custom="readingOrder {index:2;}">
                    <Coords points="888,1747 888,1807 990,1807 990,1747"/>
                    <TextEquiv>
                        <Unicode>Chaos</Unicode>
                    </TextEquiv>
                </Word>
                <Word id="tr_1_tl_75_w4" custom="readingOrder {index:3;}">
                    <Coords points="1050,1741 1050,1801 1276,1801 1276,1741"/>
                    <TextEquiv>
                        <Unicode>mitgeschaffen</Unicode>
                    </TextEquiv>
                </Word>
                <Word id="tr_1_tl_75_w5" custom="readingOrder {index:4;}">
                    <Coords points="1320,1739 1320,1799 1384,1799 1384,1739"/>
                    <TextEquiv>
                        <Unicode>hat.</Unicode>
                    </TextEquiv>
                </Word>
                <TextEquiv>
                    <Unicode>und künstlerische Chaos mitgeschaffen hat.</Unicode>
                </TextEquiv>
            </TextLine>
            <TextLine id="tr_1_tl_76" custom="readingOrder {index:75;}">
                <Coords points="522,1848 1287,1841 1383,1828 1385,1791 524,1804"/>
                <Baseline points="534,1835 576,1838 619,1838 661,1838 704,1838 747,1836 789,1835 832,1833 875,1832 917,1831 960,1829 1003,1829 1045,1829 1088,1828 1131,1826 1173,1826 1216,1826 1259,1826 1301,1826 1344,1823 1387,1820"/>
                <Word id="tr_1_tl_76_w1" custom="readingOrder {index:0;}">
                    <Coords points="522,1796 522,1856 577,1856 577,1796"/>
                    <TextEquiv>
                        <Unicode>Die</Unicode>
                    </TextEquiv>
                </Word>
                <Word id="tr_1_tl_76_w2" custom="readingOrder {index:1;}">
                    <Coords points="613,1797 613,1857 825,1857 825,1797"/>
                    <TextEquiv>
                        <Unicode>Kontinuitat</Unicode>
                    </TextEquiv>
                </Word>
                <Word id="tr_1_tl_76_w3" custom="readingOrder {index:2;}">
                    <Coords points="851,1791 851,1851 901,1851 901,1791"/>
                    <TextEquiv>
                        <Unicode>der</Unicode>
                    </TextEquiv>
                </Word>
                <Word id="tr_1_tl_76_w4" custom="readingOrder {index:3;}">
                    <Coords points="937,1789 937,1849 1059,1849 1059,1789"/>
                    <TextEquiv>
                        <Unicode>Kultur</Unicode>
                    </TextEquiv>
                </Word>
                <Word id="tr_1_tl_76_w5" custom="readingOrder {index:4;}">
                    <Coords points="1090,1787 1090,1847 1124,1847 1124,1787"/>
                    <TextEquiv>
                        <Unicode>ist</Unicode>
                    </TextEquiv>
                </Word>
                <Word id="tr_1_tl_76_w6" custom="readingOrder {index:5;}">
                    <Coords points="1156,1786 1156,1846 1236,1846 1236,1786"/>
                    <TextEquiv>
                        <Unicode>keine</Unicode>
                    </TextEquiv>
                </Word>
                <Word id="tr_1_tl_76_w7" custom="readingOrder {index:6;}">
                    <Coords points="1267,1784 1267,1844 1378,1844 1378,1784"/>
                    <TextEquiv>
                        <Unicode>gerade</Unicode>
                    </TextEquiv>
                </Word>
                <TextEquiv>
                    <Unicode>Die Kontinuitat der Kultur ist keine gerade</Unicode>
                </TextEquiv>
            </TextLine>
            <TextLine id="tr_1_tl_77" custom="readingOrder {index:76;}">
                <Coords points="526,1889 1385,1874 1367,1824 526,1848"/>
                <Baseline points="537,1880 579,1883 622,1883 664,1881 707,1880 750,1880 792,1878 835,1877 878,1875 920,1874 963,1874 1006,1874 1048,1874 1091,1873 1134,1870 1176,1868 1219,1868 1262,1868 1304,1865 1347,1865 1390,1859"/>
                <Word id="tr_1_tl_77_w1" custom="readingOrder {index:0;}">
                    <Coords points="526,1842 526,1902 626,1902 626,1842"/>
                    <TextEquiv>
                        <Unicode>Linie,</Unicode>
                    </TextEquiv>
                </Word>
                <Word id="tr_1_tl_77_w2" custom="readingOrder {index:1;}">
                    <Coords points="668,1840 668,1900 799,1900 799,1840"/>
                    <TextEquiv>
                        <Unicode>sondern</Unicode>
                    </TextEquiv>
                </Word>
                <Word id="tr_1_tl_77_w3" custom="readingOrder {index:2;}">
                    <Coords points="835,1836 835,1896 875,1896 875,1836"/>
                    <TextEquiv>
                        <Unicode>ein</Unicode>
                    </TextEquiv>
                </Word>
                <Word id="tr_1_tl_77_w4" custom="readingOrder {index:3;}">
                    <Coords points="912,1834 912,1894 977,1894 977,1834"/>
                    <TextEquiv>
                        <Unicode>Auf</Unicode>
                    </TextEquiv>
                </Word>
                <Word id="tr_1_tl_77_w5" custom="readingOrder {index:4;}">
                    <Coords points="1008,1834 1008,1894 1068,1894 1068,1834"/>
                    <TextEquiv>
                        <Unicode>und</Unicode>
                    </TextEquiv>
                </Word>
                <Word id="tr_1_tl_77_w6" custom="readingOrder {index:5;}">
                    <Coords points="1099,1828 1099,1888 1216,1888 1216,1828"/>
                    <TextEquiv>
                        <Unicode>Nieder</Unicode>
                    </TextEquiv>
                </Word>
                <Word id="tr_1_tl_77_w7" custom="readingOrder {index:6;}">
                    <Coords points="1247,1825 1247,1885 1388,1885 1388,1825"/>
                    <TextEquiv>
                        <Unicode>periodi¬</Unicode>
                    </TextEquiv>
                </Word>
                <TextEquiv>
                    <Unicode>Linie, sondern ein Auf und Nieder periodi¬</Unicode>
                </TextEquiv>
            </TextLine>
            <TextLine id="tr_1_tl_78" custom="readingOrder {index:77;}">
                <Coords points="522,1932 1385,1919 1385,1872 522,1889"/>
                <Baseline points="534,1922 576,1927 619,1928 662,1926 705,1923 748,1922 790,1922 833,1920 876,1919 919,1919 962,1918 1004,1916 1047,1916 1090,1916 1133,1916 1176,1915 1218,1913 1261,1913 1304,1910 1347,1910 1390,1907"/>
                <Word id="tr_1_tl_78_w1" custom="readingOrder {index:0;}">
                    <Coords points="522,1884 522,1944 594,1944 594,1884"/>
                    <TextEquiv>
                        <Unicode>scher</Unicode>
                    </TextEquiv>
                </Word>
                <Word id="tr_1_tl_78_w2" custom="readingOrder {index:1;}">
                    <Coords points="626,1882 626,1942 905,1942 905,1882"/>
                    <TextEquiv>
                        <Unicode>Schwankungen.</Unicode>
                    </TextEquiv>
                </Word>
                <Word id="tr_1_tl_78_w3" custom="readingOrder {index:2;}">
                    <Coords points="922,1878 922,1938 994,1938 994,1878"/>
                    <TextEquiv>
                        <Unicode>Wir</Unicode>
                    </TextEquiv>
                </Word>
                <Word id="tr_1_tl_78_w4" custom="readingOrder {index:3;}">
                    <Coords points="1020,1876 1020,1936 1118,1936 1118,1876"/>
                    <TextEquiv>
                        <Unicode>wissen</Unicode>
                    </TextEquiv>
                </Word>
                <Word id="tr_1_tl_78_w5" custom="readingOrder {index:4;}">
                    <Coords points="1155,1873 1155,1933 1243,1933 1243,1873"/>
                    <TextEquiv>
                        <Unicode>heute</Unicode>
                    </TextEquiv>
                </Word>
                <Word id="tr_1_tl_78_w6" custom="readingOrder {index:5;}">
                    <Coords points="1269,1870 1269,1930 1383,1930 1383,1870"/>
                    <TextEquiv>
                        <Unicode>besten¬</Unicode>
                    </TextEquiv>
                </Word>
                <TextEquiv>
                    <Unicode>scher Schwankungen. Wir wissen heute besten¬</Unicode>
                </TextEquiv>
            </TextLine>
            <TextLine id="tr_1_tl_79" custom="readingOrder {index:78;}">
                <Coords points="520,1978 1309,1972 1383,1961 1385,1922 520,1935"/>
                <Baseline points="531,1970 573,1970 616,1970 659,1970 702,1968 745,1967 787,1967 830,1965 873,1962 916,1961 959,1961 1001,1961 1044,1961 1087,1960 1130,1958 1173,1958 1215,1958 1258,1955 1301,1955 1344,1952 1387,1952"/>
                <Word id="tr_1_tl_79_w1" custom="readingOrder {index:0;}">
                    <Coords points="525,1930 525,1990 617,1990 617,1930"/>
                    <TextEquiv>
                        <Unicode>falls,</Unicode>
                    </TextEquiv>
                </Word>
                <Word id="tr_1_tl_79_w2" custom="readingOrder {index:1;}">
                    <Coords points="659,1928 659,1988 710,1988 710,1928"/>
                    <TextEquiv>
                        <Unicode>daß</Unicode>
                    </TextEquiv>
                </Word>
                <Word id="tr_1_tl_79_w3" custom="readingOrder {index:2;}">
                    <Coords points="748,1927 748,1987 804,1987 804,1927"/>
                    <TextEquiv>
                        <Unicode>wir</Unicode>
                    </TextEquiv>
                </Word>
                <Word id="tr_1_tl_79_w4" custom="readingOrder {index:3;}">
                    <Coords points="835,1922 835,1982 891,1982 891,1922"/>
                    <TextEquiv>
                        <Unicode>uns</Unicode>
                    </TextEquiv>
                </Word>
                <Word id="tr_1_tl_79_w5" custom="readingOrder {index:4;}">
                    <Coords points="923,1921 923,1981 1011,1981 1011,1921"/>
                    <TextEquiv>
                        <Unicode>einem</Unicode>
                    </TextEquiv>
                </Word>
                <Word id="tr_1_tl_79_w6" custom="readingOrder {index:5;}">
                    <Coords points="1053,1918 1053,1978 1228,1978 1228,1918"/>
                    <TextEquiv>
                        <Unicode>Wellental</Unicode>
                    </TextEquiv>
                </Word>
                <Word id="tr_1_tl_79_w7" custom="readingOrder {index:6;}">
                    <Coords points="1255,1913 1255,1973 1388,1973 1388,1913"/>
                    <TextEquiv>
                        <Unicode>nähern,</Unicode>
                    </TextEquiv>
                </Word>
                <TextEquiv>
                    <Unicode>falls, daß wir uns einem Wellental nähern,</Unicode>
                </TextEquiv>
            </TextLine>
            <TextLine id="tr_1_tl_80" custom="readingOrder {index:79;}">
                <Coords points="522,2024 1391,2009 1391,1963 1337,1959 524,1980"/>
                <Baseline points="534,2014 577,2014 620,2014 663,2012 706,2011 749,2009 792,2008 835,2008 878,2008 921,2007 965,2005 1008,2005 1051,2004 1094,2002 1137,2002 1180,2002 1223,2002 1266,1999 1309,1999 1352,1993 1396,1993"/>
                <Word id="tr_1_tl_80_w1" custom="readingOrder {index:0;}">
                    <Coords points="522,1974 522,2034 571,2034 571,1974"/>
                    <TextEquiv>
                        <Unicode>daß</Unicode>
                    </TextEquiv>
                </Word>
                <Word id="tr_1_tl_80_w2" custom="readingOrder {index:1;}">
                    <Coords points="610,1973 610,2033 669,2033 669,1973"/>
                    <TextEquiv>
                        <Unicode>wir</Unicode>
                    </TextEquiv>
                </Word>
                <Word id="tr_1_tl_80_w3" custom="readingOrder {index:2;}">
                    <Coords points="698,1968 698,2028 845,2028 845,1968"/>
                    <TextEquiv>
                        <Unicode>gewaltig</Unicode>
                    </TextEquiv>
                </Word>
                <Word id="tr_1_tl_80_w4" custom="readingOrder {index:3;}">
                    <Coords points="879,1967 879,2027 955,2027 955,1967"/>
                    <TextEquiv>
                        <Unicode>rasch</Unicode>
                    </TextEquiv>
                </Word>
                <Word id="tr_1_tl_80_w5" custom="readingOrder {index:4;}">
                    <Coords points="994,1962 994,2022 1224,2022 1224,1962"/>
                    <TextEquiv>
                        <Unicode>hinabgerissen</Unicode>
                    </TextEquiv>
                </Word>
                <Word id="tr_1_tl_80_w6" custom="readingOrder {index:5;}">
                    <Coords points="1263,1957 1263,2017 1383,2017 1383,1957"/>
                    <TextEquiv>
                        <Unicode>werden</Unicode>
                    </TextEquiv>
                </Word>
                <TextEquiv>
                    <Unicode>daß wir gewaltig rasch hinabgerissen werden</Unicode>
                </TextEquiv>
            </TextLine>
            <TextLine id="tr_1_tl_81" custom="readingOrder {index:80;}">
                <Coords points="522,2063 1389,2045 1389,2013 1346,2002 522,2022"/>
                <Baseline points="534,2059 579,2056 624,2056 669,2056 714,2054 760,2053 805,2053 850,2053 895,2050 940,2050 986,2047 1031,2047 1076,2047 1121,2044 1166,2044 1212,2044 1257,2041 1302,2041 1347,2038 1393,2032"/>
                <Word id="tr_1_tl_81_w1" custom="readingOrder {index:0;}">
                    <Coords points="522,2018 522,2078 547,2078 547,2018"/>
                    <TextEquiv>
                        <Unicode>in</Unicode>
                    </TextEquiv>
                </Word>
                <Word id="tr_1_tl_81_w2" custom="readingOrder {index:1;}">
                    <Coords points="584,2016 584,2076 652,2076 652,2016"/>
                    <TextEquiv>
                        <Unicode>eine</Unicode>
                    </TextEquiv>
                </Word>
                <Word id="tr_1_tl_81_w3" custom="readingOrder {index:2;}">
                    <Coords points="678,2013 678,2073 782,2073 782,2013"/>
                    <TextEquiv>
                        <Unicode>Tiefe,</Unicode>
                    </TextEquiv>
                </Word>
                <Word id="tr_1_tl_81_w4" custom="readingOrder {index:3;}">
                    <Coords points="824,2011 824,2071 912,2071 912,2011"/>
                    <TextEquiv>
                        <Unicode>deren</Unicode>
                    </TextEquiv>
                </Word>
                <Word id="tr_1_tl_81_w5" custom="readingOrder {index:4;}">
                    <Coords points="944,2007 944,2067 1100,2067 1100,2007"/>
                    <TextEquiv>
                        <Unicode>Abgrund</Unicode>
                    </TextEquiv>
                </Word>
                <Word id="tr_1_tl_81_w6" custom="readingOrder {index:5;}">
                    <Coords points="1132,2004 1132,2064 1194,2064 1194,2004"/>
                    <TextEquiv>
                        <Unicode>wir</Unicode>
                    </TextEquiv>
                </Word>
                <Word id="tr_1_tl_81_w7" custom="readingOrder {index:6;}">
                    <Coords points="1221,2001 1221,2061 1304,2061 1304,2001"/>
                    <TextEquiv>
                        <Unicode>nicht</Unicode>
                    </TextEquiv>
                </Word>
                <Word id="tr_1_tl_81_w8" custom="readingOrder {index:7;}">
                    <Coords points="1341,1995 1341,2055 1392,2055 1392,1995"/>
                    <TextEquiv>
                        <Unicode>er¬</Unicode>
                    </TextEquiv>
                </Word>
                <TextEquiv>
                    <Unicode>in eine Tiefe, deren Abgrund wir nicht er¬</Unicode>
                </TextEquiv>
            </TextLine>
            <TextLine id="tr_1_tl_82" custom="readingOrder {index:81;}">
                <Coords points="520,2109 1385,2089 1385,2054 1341,2045 1046,2074 935,2052 848,2080 522,2063"/>
                <Baseline points="531,2098 576,2101 621,2101 666,2099 711,2098 757,2098 802,2095 847,2095 892,2095 937,2092 983,2092 1028,2092 1073,2089 1118,2089 1163,2089 1209,2089 1254,2089 1299,2086 1344,2083 1390,2083"/>
                <Word id="tr_1_tl_82_w1" custom="readingOrder {index:0;}">
                    <Coords points="525,2061 525,2121 635,2121 635,2061"/>
                    <TextEquiv>
                        <Unicode>messen</Unicode>
                    </TextEquiv>
                </Word>
                <Word id="tr_1_tl_82_w2" custom="readingOrder {index:1;}">
                    <Coords points="691,2057 691,2117 827,2117 827,2057"/>
                    <TextEquiv>
                        <Unicode>können,</Unicode>
                    </TextEquiv>
                </Word>
                <Word id="tr_1_tl_82_w3" custom="readingOrder {index:2;}">
                    <Coords points="878,2053 878,2113 938,2113 938,2053"/>
                    <TextEquiv>
                        <Unicode>und</Unicode>
                    </TextEquiv>
                </Word>
                <Word id="tr_1_tl_82_w4" custom="readingOrder {index:3;}">
                    <Coords points="970,2052 970,2112 1024,2112 1024,2052"/>
                    <TextEquiv>
                        <Unicode>daß</Unicode>
                    </TextEquiv>
                </Word>
                <Word id="tr_1_tl_82_w5" custom="readingOrder {index:4;}">
                    <Coords points="1060,2049 1060,2109 1090,2109 1090,2049"/>
                    <TextEquiv>
                        <Unicode>es</Unicode>
                    </TextEquiv>
                </Word>
                <Word id="tr_1_tl_82_w6" custom="readingOrder {index:5;}">
                    <Coords points="1126,2049 1126,2109 1231,2109 1231,2049"/>
                    <TextEquiv>
                        <Unicode>dann,</Unicode>
                    </TextEquiv>
                </Word>
                <Word id="tr_1_tl_82_w7" custom="readingOrder {index:6;}">
                    <Coords points="1273,2043 1273,2103 1388,2103 1388,2043"/>
                    <TextEquiv>
                        <Unicode>spater,</Unicode>
                    </TextEquiv>
                </Word>
                <TextEquiv>
                    <Unicode>messen können, und daß es dann, spater,</Unicode>
                </TextEquiv>
            </TextLine>
            <TextLine id="tr_1_tl_83" custom="readingOrder {index:82;}">
                <Coords points="522,2150 1389,2139 1363,2087 522,2109"/>
                <Baseline points="534,2146 579,2143 624,2143 669,2143 714,2143 760,2140 805,2140 850,2137 895,2137 940,2137 986,2137 1031,2134 1076,2134 1121,2134 1166,2134 1212,2131 1257,2128 1302,2128 1347,2128 1393,2125"/>
                <Word id="tr_1_tl_83_w1" custom="readingOrder {index:0;}">
                    <Coords points="527,2103 527,2163 643,2163 643,2103"/>
                    <TextEquiv>
                        <Unicode>wieder</Unicode>
                    </TextEquiv>
                </Word>
                <Word id="tr_1_tl_83_w2" custom="readingOrder {index:1;}">
                    <Coords points="670,2103 670,2163 711,2163 711,2103"/>
                    <TextEquiv>
                        <Unicode>ein</Unicode>
                    </TextEquiv>
                </Word>
                <Word id="tr_1_tl_83_w3" custom="readingOrder {index:2;}">
                    <Coords points="749,2099 749,2159 875,2159 875,2099"/>
                    <TextEquiv>
                        <Unicode>Hinauf</Unicode>
                    </TextEquiv>
                </Word>
                <Word id="tr_1_tl_83_w4" custom="readingOrder {index:3;}">
                    <Coords points="902,2097 902,2157 991,2157 991,2097"/>
                    <TextEquiv>
                        <Unicode>geben</Unicode>
                    </TextEquiv>
                </Word>
                <Word id="tr_1_tl_83_w5" custom="readingOrder {index:4;}">
                    <Coords points="1029,2094 1029,2154 1129,2154 1129,2094"/>
                    <TextEquiv>
                        <Unicode>wird,</Unicode>
                    </TextEquiv>
                </Word>
                <Word id="tr_1_tl_83_w6" custom="readingOrder {index:5;}">
                    <Coords points="1171,2090 1171,2150 1261,2150 1261,2090"/>
                    <TextEquiv>
                        <Unicode>geben</Unicode>
                    </TextEquiv>
                </Word>
                <Word id="tr_1_tl_83_w7" custom="readingOrder {index:6;}">
                    <Coords points="1298,2088 1298,2148 1387,2148 1387,2088"/>
                    <TextEquiv>
                        <Unicode>muß,</Unicode>
                    </TextEquiv>
                </Word>
                <TextEquiv>
                    <Unicode>wieder ein Hinauf geben wird, geben muß,</Unicode>
                </TextEquiv>
            </TextLine>
            <TextLine id="tr_1_tl_84" custom="readingOrder {index:83;}">
                <Coords points="513,2195 1300,2191 1387,2178 1389,2139 513,2148"/>
                <Baseline points="525,2187 568,2187 611,2187 655,2187 698,2186 742,2184 785,2184 828,2183 872,2181 915,2180 959,2178 1002,2178 1045,2178 1089,2178 1132,2176 1176,2176 1219,2173 1262,2173 1306,2173 1349,2170 1393,2167"/>
                <Word id="tr_1_tl_84_w1" custom="readingOrder {index:0;}">
                    <Coords points="517,2147 517,2207 596,2207 596,2147"/>
                    <TextEquiv>
                        <Unicode>über</Unicode>
                    </TextEquiv>
                </Word>
                <Word id="tr_1_tl_84_w2" custom="readingOrder {index:1;}">
                    <Coords points="626,2146 626,2206 685,2206 685,2146"/>
                    <TextEquiv>
                        <Unicode>das</Unicode>
                    </TextEquiv>
                </Word>
                <Word id="tr_1_tl_84_w3" custom="readingOrder {index:2;}">
                    <Coords points="715,2144 715,2204 774,2204 774,2144"/>
                    <TextEquiv>
                        <Unicode>wir</Unicode>
                    </TextEquiv>
                </Word>
                <Word id="tr_1_tl_84_w4" custom="readingOrder {index:3;}">
                    <Coords points="804,2141 804,2201 903,2201 903,2141"/>
                    <TextEquiv>
                        <Unicode>nichts</Unicode>
                    </TextEquiv>
                </Word>
                <Word id="tr_1_tl_84_w5" custom="readingOrder {index:4;}">
                    <Coords points="933,2138 933,2198 1111,2198 1111,2138"/>
                    <TextEquiv>
                        <Unicode>aussagen,</Unicode>
                    </TextEquiv>
                </Word>
                <Word id="tr_1_tl_84_w6" custom="readingOrder {index:5;}">
                    <Coords points="1136,2136 1136,2196 1190,2196 1190,2136"/>
                    <TextEquiv>
                        <Unicode>von</Unicode>
                    </TextEquiv>
                </Word>
                <Word id="tr_1_tl_84_w7" custom="readingOrder {index:6;}">
                    <Coords points="1225,2133 1225,2193 1274,2193 1274,2133"/>
                    <TextEquiv>
                        <Unicode>dem</Unicode>
                    </TextEquiv>
                </Word>
                <Word id="tr_1_tl_84_w8" custom="readingOrder {index:7;}">
                    <Coords points="1324,2129 1324,2189 1383,2189 1383,2129"/>
                    <TextEquiv>
                        <Unicode>wir</Unicode>
                    </TextEquiv>
                </Word>
                <TextEquiv>
                    <Unicode>über das wir nichts aussagen, von dem wir</Unicode>
                </TextEquiv>
            </TextLine>
            <TextLine id="tr_1_tl_85" custom="readingOrder {index:84;}">
                <Coords points="522,2243 1387,2219 1387,2178 1339,2174 524,2200"/>
                <Baseline points="534,2232 579,2232 624,2232 669,2230 714,2231 760,2229 805,2226 850,2226 895,2223 940,2223 986,2223 1031,2220 1076,2220 1121,2220 1166,2217 1212,2217 1257,2217 1302,2217 1347,2211 1393,2205"/>
                <Word id="tr_1_tl_85_w1" custom="readingOrder {index:0;}">
                    <Coords points="527,2192 527,2252 590,2252 590,2192"/>
                    <TextEquiv>
                        <Unicode>uns</Unicode>
                    </TextEquiv>
                </Word>
                <Word id="tr_1_tl_85_w2" custom="readingOrder {index:1;}">
                    <Coords points="622,2190 622,2250 691,2250 691,2190"/>
                    <TextEquiv>
                        <Unicode>auch</Unicode>
                    </TextEquiv>
                </Word>
                <Word id="tr_1_tl_85_w3" custom="readingOrder {index:2;}">
                    <Coords points="729,2189 729,2249 781,2249 781,2189"/>
                    <TextEquiv>
                        <Unicode>gar</Unicode>
                    </TextEquiv>
                </Word>
                <Word id="tr_1_tl_85_w4" custom="readingOrder {index:3;}">
                    <Coords points="813,2185 813,2245 892,2245 892,2185"/>
                    <TextEquiv>
                        <Unicode>keine</Unicode>
                    </TextEquiv>
                </Word>
                <Word id="tr_1_tl_85_w5" custom="readingOrder {index:4;}">
                    <Coords points="925,2180 925,2240 1125,2240 1125,2180"/>
                    <TextEquiv>
                        <Unicode>Vorstellung</Unicode>
                    </TextEquiv>
                </Word>
                <Word id="tr_1_tl_85_w6" custom="readingOrder {index:5;}">
                    <Coords points="1163,2177 1163,2237 1279,2237 1279,2177"/>
                    <TextEquiv>
                        <Unicode>machen</Unicode>
                    </TextEquiv>
                </Word>
                <Word id="tr_1_tl_85_w7" custom="readingOrder {index:6;}">
                    <Coords points="1317,2170 1317,2230 1390,2230 1390,2170"/>
                    <TextEquiv>
                        <Unicode>kön¬</Unicode>
                    </TextEquiv>
                </Word>
                <TextEquiv>
                    <Unicode>uns auch gar keine Vorstellung machen kön¬</Unicode>
                </TextEquiv>
            </TextLine>
            <TextLine id="tr_1_tl_86" custom="readingOrder {index:85;}">
                <Coords points="526,2282 1317,2287 1385,2276 1387,2222 526,2245"/>
                <Baseline points="537,2274 579,2276 622,2277 665,2275 708,2274 751,2272 793,2271 836,2269 879,2268 922,2267 965,2265 1007,2265 1050,2265 1093,2265 1136,2264 1179,2262 1221,2262 1264,2259 1307,2262 1350,2256 1393,2253"/>
                <Word id="tr_1_tl_86_w1" custom="readingOrder {index:0;}">
                    <Coords points="526,2235 526,2295 602,2295 602,2235"/>
                    <TextEquiv>
                        <Unicode>nen.</Unicode>
                    </TextEquiv>
                </Word>
                <Word id="tr_1_tl_86_w2" custom="readingOrder {index:1;}">
                    <Coords points="624,2235 624,2295 690,2295 690,2235"/>
                    <TextEquiv>
                        <Unicode>Das</Unicode>
                    </TextEquiv>
                </Word>
                <Word id="tr_1_tl_86_w3" custom="readingOrder {index:2;}">
                    <Coords points="721,2231 721,2291 849,2291 849,2231"/>
                    <TextEquiv>
                        <Unicode>einzige,</Unicode>
                    </TextEquiv>
                </Word>
                <Word id="tr_1_tl_86_w4" custom="readingOrder {index:3;}">
                    <Coords points="871,2227 871,2287 932,2287 932,2227"/>
                    <TextEquiv>
                        <Unicode>was</Unicode>
                    </TextEquiv>
                </Word>
                <Word id="tr_1_tl_86_w5" custom="readingOrder {index:4;}">
                    <Coords points="963,2225 963,2285 1019,2285 1019,2225"/>
                    <TextEquiv>
                        <Unicode>uns</Unicode>
                    </TextEquiv>
                </Word>
                <Word id="tr_1_tl_86_w6" custom="readingOrder {index:5;}">
                    <Coords points="1051,2224 1051,2284 1158,2284 1158,2224"/>
                    <TextEquiv>
                        <Unicode>bleibt,</Unicode>
                    </TextEquiv>
                </Word>
                <Word id="tr_1_tl_86_w7" custom="readingOrder {index:6;}">
                    <Coords points="1174,2222 1174,2282 1225,2282 1225,2222"/>
                    <TextEquiv>
                        <Unicode>ist,</Unicode>
                    </TextEquiv>
                </Word>
                <Word id="tr_1_tl_86_w8" custom="readingOrder {index:7;}">
                    <Coords points="1241,2219 1241,2279 1292,2279 1292,2219"/>
                    <TextEquiv>
                        <Unicode>den</Unicode>
                    </TextEquiv>
                </Word>
                <Word id="tr_1_tl_86_w9" custom="readingOrder {index:8;}">
                    <Coords points="1319,2215 1319,2275 1385,2275 1385,2215"/>
                    <TextEquiv>
                        <Unicode>Zu¬</Unicode>
                    </TextEquiv>
                </Word>
                <TextEquiv>
                    <Unicode>nen. Das einzige, was uns bleibt, ist, den Zu¬</Unicode>
                </TextEquiv>
            </TextLine>
            <TextLine id="tr_1_tl_87" custom="readingOrder {index:86;}">
                <Coords points="530,2341 567,2328 670,2343 704,2326 830,2335 922,2324 924,2282 906,2280 787,2289 709,2274 637,2298 617,2282 533,2282"/>
                <Baseline points="543,2322 568,2319 594,2319 620,2319 645,2319 671,2318 697,2316 722,2316 748,2316 774,2316 799,2316 825,2314 851,2313 876,2313 902,2314 928,2316"/>
                <Word id="tr_1_tl_87_w1" custom="readingOrder {index:0;}">
                    <Coords points="530,2279 530,2339 608,2339 608,2279"/>
                    <TextEquiv>
                        <Unicode>stand</Unicode>
                    </TextEquiv>
                </Word>
                <Word id="tr_1_tl_87_w2" custom="readingOrder {index:1;}">
                    <Coords points="640,2278 640,2338 666,2338 666,2278"/>
                    <TextEquiv>
                        <Unicode>zu</Unicode>
                    </TextEquiv>
                </Word>
                <Word id="tr_1_tl_87_w3" custom="readingOrder {index:2;}">
                    <Coords points="698,2275 698,2335 922,2335 922,2275"/>
                    <TextEquiv>
                        <Unicode>konstatieren.</Unicode>
                    </TextEquiv>
                </Word>
                <TextEquiv>
                    <Unicode>stand zu konstatieren.</Unicode>
                </TextEquiv>
            </TextLine>
            <TextLine id="tr_1_tl_88" custom="readingOrder {index:87;}">
                <Coords points="567,2378 1402,2365 1404,2319 567,2332"/>
                <Baseline points="579,2373 620,2370 661,2370 702,2370 744,2370 785,2370 826,2367 868,2367 909,2364 950,2364 992,2364 1033,2364 1074,2362 1115,2361 1157,2360 1198,2358 1239,2357 1281,2355 1322,2355 1363,2355 1405,2352"/>
                <Word id="tr_1_tl_88_w1" custom="readingOrder {index:0;}">
                    <Coords points="573,2330 573,2390 673,2390 673,2330"/>
                    <TextEquiv>
                        <Unicode>Wenn</Unicode>
                    </TextEquiv>
                </Word>
                <Word id="tr_1_tl_88_w2" custom="readingOrder {index:1;}">
                    <Coords points="706,2330 706,2390 732,2390 732,2330"/>
                    <TextEquiv>
                        <Unicode>es</Unicode>
                    </TextEquiv>
                </Word>
                <Word id="tr_1_tl_88_w3" custom="readingOrder {index:2;}">
                    <Coords points="765,2329 765,2389 807,2389 807,2329"/>
                    <TextEquiv>
                        <Unicode>ein</Unicode>
                    </TextEquiv>
                </Word>
                <Word id="tr_1_tl_88_w4" custom="readingOrder {index:3;}">
                    <Coords points="840,2325 840,2385 931,2385 931,2325"/>
                    <TextEquiv>
                        <Unicode>Trost</Unicode>
                    </TextEquiv>
                </Word>
                <Word id="tr_1_tl_88_w5" custom="readingOrder {index:4;}">
                    <Coords points="958,2324 958,2384 1005,2384 1005,2324"/>
                    <TextEquiv>
                        <Unicode>ist,</Unicode>
                    </TextEquiv>
                </Word>
                <Word id="tr_1_tl_88_w6" custom="readingOrder {index:5;}">
                    <Coords points="1027,2323 1027,2383 1053,2383 1053,2323"/>
                    <TextEquiv>
                        <Unicode>so</Unicode>
                    </TextEquiv>
                </Word>
                <Word id="tr_1_tl_88_w7" custom="readingOrder {index:6;}">
                    <Coords points="1081,2320 1081,2380 1198,2380 1198,2320"/>
                    <TextEquiv>
                        <Unicode>können</Unicode>
                    </TextEquiv>
                </Word>
                <Word id="tr_1_tl_88_w8" custom="readingOrder {index:7;}">
                    <Coords points="1231,2316 1231,2376 1289,2376 1289,2316"/>
                    <TextEquiv>
                        <Unicode>wir</Unicode>
                    </TextEquiv>
                </Word>
                <Word id="tr_1_tl_88_w9" custom="readingOrder {index:8;}">
                    <Coords points="1333,2314 1333,2374 1396,2374 1396,2314"/>
                    <TextEquiv>
                        <Unicode>aus</Unicode>
                    </TextEquiv>
                </Word>
                <TextEquiv>
                    <Unicode>Wenn es ein Trost ist, so können wir aus</Unicode>
                </TextEquiv>
            </TextLine>
            <TextLine id="tr_1_tl_89" custom="readingOrder {index:88;}">
                <Coords points="520,2426 1393,2411 1393,2361 522,2376"/>
                <Baseline points="534,2414 577,2415 620,2414 663,2414 707,2412 750,2411 793,2411 836,2411 880,2410 923,2408 966,2408 1009,2408 1053,2407 1096,2405 1139,2404 1182,2402 1226,2402 1269,2399 1312,2399 1355,2396 1399,2396"/>
                <Word id="tr_1_tl_89_w1" custom="readingOrder {index:0;}">
                    <Coords points="525,2374 525,2434 581,2434 581,2374"/>
                    <TextEquiv>
                        <Unicode>der</Unicode>
                    </TextEquiv>
                </Word>
                <Word id="tr_1_tl_89_w2" custom="readingOrder {index:1;}">
                    <Coords points="602,2371 602,2431 859,2431 859,2371"/>
                    <TextEquiv>
                        <Unicode>Vergangenheit</Unicode>
                    </TextEquiv>
                </Word>
                <Word id="tr_1_tl_89_w3" custom="readingOrder {index:2;}">
                    <Coords points="881,2368 881,2428 1009,2428 1009,2368"/>
                    <TextEquiv>
                        <Unicode>lernen,</Unicode>
                    </TextEquiv>
                </Word>
                <Word id="tr_1_tl_89_w4" custom="readingOrder {index:3;}">
                    <Coords points="1026,2367 1026,2427 1076,2427 1076,2367"/>
                    <TextEquiv>
                        <Unicode>daß</Unicode>
                    </TextEquiv>
                </Word>
                <Word id="tr_1_tl_89_w5" custom="readingOrder {index:4;}">
                    <Coords points="1108,2364 1108,2424 1133,2424 1133,2364"/>
                    <TextEquiv>
                        <Unicode>es</Unicode>
                    </TextEquiv>
                </Word>
                <Word id="tr_1_tl_89_w6" custom="readingOrder {index:5;}">
                    <Coords points="1160,2359 1160,2419 1386,2419 1386,2359"/>
                    <TextEquiv>
                        <Unicode>langgestreckte</Unicode>
                    </TextEquiv>
                </Word>
                <TextEquiv>
                    <Unicode>der Vergangenheit lernen, daß es langgestreckte</Unicode>
                </TextEquiv>
            </TextLine>
            <TextLine id="tr_1_tl_90" custom="readingOrder {index:89;}">
                <Coords points="526,2474 1393,2452 1367,2404 526,2424"/>
                <Baseline points="537,2462 582,2460 627,2459 672,2459 717,2459 763,2456 808,2453 853,2453 898,2453 943,2453 989,2450 1034,2450 1079,2447 1124,2447 1169,2447 1215,2444 1260,2444 1305,2444 1350,2441 1396,2438"/>
                <Word id="tr_1_tl_90_w1" custom="readingOrder {index:0;}">
                    <Coords points="530,2419 530,2479 799,2479 799,2419"/>
                    <TextEquiv>
                        <Unicode>Kulturperioden</Unicode>
                    </TextEquiv>
                </Word>
                <Word id="tr_1_tl_90_w2" custom="readingOrder {index:1;}">
                    <Coords points="839,2413 839,2473 917,2473 917,2413"/>
                    <TextEquiv>
                        <Unicode>gab,</Unicode>
                    </TextEquiv>
                </Word>
                <Word id="tr_1_tl_90_w3" custom="readingOrder {index:2;}">
                    <Coords points="942,2412 942,2472 966,2472 966,2412"/>
                    <TextEquiv>
                        <Unicode>in</Unicode>
                    </TextEquiv>
                </Word>
                <Word id="tr_1_tl_90_w4" custom="readingOrder {index:3;}">
                    <Coords points="1001,2408 1001,2468 1118,2468 1118,2408"/>
                    <TextEquiv>
                        <Unicode>denen,</Unicode>
                    </TextEquiv>
                </Word>
                <Word id="tr_1_tl_90_w5" custom="readingOrder {index:4;}">
                    <Coords points="1143,2406 1143,2466 1201,2466 1201,2406"/>
                    <TextEquiv>
                        <Unicode>wie</Unicode>
                    </TextEquiv>
                </Word>
                <Word id="tr_1_tl_90_w6" custom="readingOrder {index:5;}">
                    <Coords points="1236,2404 1236,2464 1309,2464 1309,2404"/>
                    <TextEquiv>
                        <Unicode>etwa</Unicode>
                    </TextEquiv>
                </Word>
                <Word id="tr_1_tl_90_w7" custom="readingOrder {index:6;}">
                    <Coords points="1349,2400 1349,2460 1372,2460 1372,2400"/>
                    <TextEquiv>
                        <Unicode>im</Unicode>
                    </TextEquiv>
                </Word>
                <TextEquiv>
                    <Unicode>Kulturperioden gab, in denen, wie etwa im</Unicode>
                </TextEquiv>
            </TextLine>
            <TextLine id="tr_1_tl_91" custom="readingOrder {index:90;}">
                <Coords points="528,2513 1398,2500 1398,2454 1339,2441 1302,2467 1219,2443 946,2478 530,2476"/>
                <Baseline points="540,2507 583,2504 626,2504 669,2502 712,2501 755,2501 798,2500 841,2497 884,2495 927,2495 971,2495 1014,2495 1057,2495 1100,2494 1143,2491 1186,2489 1229,2489 1272,2486 1315,2486 1358,2486 1402,2486"/>
                <Word id="tr_1_tl_91_w1" custom="readingOrder {index:0;}">
                    <Coords points="533,2464 533,2524 612,2524 612,2464"/>
                    <TextEquiv>
                        <Unicode>alten</Unicode>
                    </TextEquiv>
                </Word>
                <Word id="tr_1_tl_91_w2" custom="readingOrder {index:1;}">
                    <Coords points="674,2461 674,2521 810,2521 810,2461"/>
                    <TextEquiv>
                        <Unicode>Agypten</Unicode>
                    </TextEquiv>
                </Word>
                <Word id="tr_1_tl_91_w3" custom="readingOrder {index:2;}">
                    <Coords points="871,2455 871,2515 921,2515 921,2455"/>
                    <TextEquiv>
                        <Unicode>die</Unicode>
                    </TextEquiv>
                </Word>
                <Word id="tr_1_tl_91_w4" custom="readingOrder {index:3;}">
                    <Coords points="977,2454 977,2514 1159,2514 1159,2454"/>
                    <TextEquiv>
                        <Unicode>Baukunst,</Unicode>
                    </TextEquiv>
                </Word>
                <Word id="tr_1_tl_91_w5" custom="readingOrder {index:4;}">
                    <Coords points="1210,2449 1210,2509 1240,2509 1240,2449"/>
                    <TextEquiv>
                        <Unicode>im</Unicode>
                    </TextEquiv>
                </Word>
                <Word id="tr_1_tl_91_w6" custom="readingOrder {index:5;}">
                    <Coords points="1306,2446 1306,2506 1386,2506 1386,2446"/>
                    <TextEquiv>
                        <Unicode>alten</Unicode>
                    </TextEquiv>
                </Word>
                <TextEquiv>
                    <Unicode>alten Agypten die Baukunst, im alten</Unicode>
                </TextEquiv>
            </TextLine>
            <TextLine id="tr_1_tl_92" custom="readingOrder {index:91;}">
                <Coords points="526,2556 1324,2552 1393,2539 1396,2500 528,2513"/>
                <Baseline points="537,2546 580,2548 623,2547 666,2546 710,2546 753,2545 796,2543 839,2542 883,2540 926,2539 969,2538 1012,2540 1056,2539 1099,2537 1142,2536 1185,2534 1229,2531 1272,2531 1315,2531 1358,2531 1402,2531"/>
                <Word id="tr_1_tl_92_w1" custom="readingOrder {index:0;}">
                    <Coords points="531,2506 531,2566 758,2566 758,2506"/>
                    <TextEquiv>
                        <Unicode>Griechenland</Unicode>
                    </TextEquiv>
                </Word>
                <Word id="tr_1_tl_92_w2" custom="readingOrder {index:1;}">
                    <Coords points="785,2502 785,2562 832,2562 832,2502"/>
                    <TextEquiv>
                        <Unicode>die</Unicode>
                    </TextEquiv>
                </Word>
                <Word id="tr_1_tl_92_w3" custom="readingOrder {index:2;}">
                    <Coords points="854,2498 854,2558 1066,2558 1066,2498"/>
                    <TextEquiv>
                        <Unicode>Bildhauerei</Unicode>
                    </TextEquiv>
                </Word>
                <Word id="tr_1_tl_92_w4" custom="readingOrder {index:3;}">
                    <Coords points="1087,2496 1087,2556 1113,2556 1113,2496"/>
                    <TextEquiv>
                        <Unicode>in</Unicode>
                    </TextEquiv>
                </Word>
                <Word id="tr_1_tl_92_w5" custom="readingOrder {index:4;}">
                    <Coords points="1146,2492 1146,2552 1272,2552 1272,2492"/>
                    <TextEquiv>
                        <Unicode>höchster</Unicode>
                    </TextEquiv>
                </Word>
                <Word id="tr_1_tl_92_w6" custom="readingOrder {index:5;}">
                    <Coords points="1294,2491 1294,2551 1394,2551 1394,2491"/>
                    <TextEquiv>
                        <Unicode>Blüte</Unicode>
                    </TextEquiv>
                </Word>
                <TextEquiv>
                    <Unicode>Griechenland die Bildhauerei in höchster Blüte</Unicode>
                </TextEquiv>
            </TextLine>
            <TextLine id="tr_1_tl_93" custom="readingOrder {index:92;}">
                <Coords points="535,2600 1391,2591 1376,2535 537,2556"/>
                <Baseline points="546,2593 588,2590 631,2590 673,2590 716,2588 759,2587 801,2587 844,2587 887,2585 929,2583 972,2581 1015,2581 1057,2581 1100,2580 1143,2578 1185,2578 1228,2578 1271,2578 1313,2575 1356,2572 1399,2572"/>
                <Word id="tr_1_tl_93_w1" custom="readingOrder {index:0;}">
                    <Coords points="530,2551 530,2611 612,2611 612,2551"/>
                    <TextEquiv>
                        <Unicode>stand</Unicode>
                    </TextEquiv>
                </Word>
                <Word id="tr_1_tl_93_w2" custom="readingOrder {index:1;}">
                    <Coords points="643,2549 643,2609 706,2609 706,2549"/>
                    <TextEquiv>
                        <Unicode>und</Unicode>
                    </TextEquiv>
                </Word>
                <Word id="tr_1_tl_93_w3" custom="readingOrder {index:2;}">
                    <Coords points="737,2547 737,2607 788,2607 788,2547"/>
                    <TextEquiv>
                        <Unicode>dem</Unicode>
                    </TextEquiv>
                </Word>
                <Word id="tr_1_tl_93_w4" custom="readingOrder {index:3;}">
                    <Coords points="831,2543 831,2603 986,2603 986,2543"/>
                    <TextEquiv>
                        <Unicode>Zeitalter</Unicode>
                    </TextEquiv>
                </Word>
                <Word id="tr_1_tl_93_w5" custom="readingOrder {index:4;}">
                    <Coords points="1018,2541 1018,2601 1074,2601 1074,2541"/>
                    <TextEquiv>
                        <Unicode>das</Unicode>
                    </TextEquiv>
                </Word>
                <Word id="tr_1_tl_93_w6" custom="readingOrder {index:5;}">
                    <Coords points="1122,2538 1122,2598 1272,2598 1272,2538"/>
                    <TextEquiv>
                        <Unicode>Gepräge</Unicode>
                    </TextEquiv>
                </Word>
                <Word id="tr_1_tl_93_w7" custom="readingOrder {index:6;}">
                    <Coords points="1319,2532 1319,2592 1396,2592 1396,2532"/>
                    <TextEquiv>
                        <Unicode>gab.</Unicode>
                    </TextEquiv>
                </Word>
                <TextEquiv>
                    <Unicode>stand und dem Zeitalter das Gepräge gab.</Unicode>
                </TextEquiv>
            </TextLine>
            <TextLine id="tr_1_tl_94" custom="readingOrder {index:93;}">
                <Coords points="528,2648 1322,2645 1396,2624 1398,2595 528,2602"/>
                <Baseline points="540,2635 583,2634 626,2635 669,2633 712,2632 755,2634 798,2634 841,2631 884,2628 927,2626 971,2626 1014,2626 1057,2625 1100,2623 1143,2623 1186,2623 1229,2620 1272,2620 1315,2620 1358,2617 1402,2617"/>
                <Word id="tr_1_tl_94_w1" custom="readingOrder {index:0;}">
                    <Coords points="533,2594 533,2654 601,2654 601,2594"/>
                    <TextEquiv>
                        <Unicode>Wir</Unicode>
                    </TextEquiv>
                </Word>
                <Word id="tr_1_tl_94_w2" custom="readingOrder {index:1;}">
                    <Coords points="628,2592 628,2652 734,2652 734,2592"/>
                    <TextEquiv>
                        <Unicode>kennen</Unicode>
                    </TextEquiv>
                </Word>
                <Word id="tr_1_tl_94_w3" custom="readingOrder {index:2;}">
                    <Coords points="766,2592 766,2652 871,2652 871,2592"/>
                    <TextEquiv>
                        <Unicode>Zeiten</Unicode>
                    </TextEquiv>
                </Word>
                <Word id="tr_1_tl_94_w4" custom="readingOrder {index:3;}">
                    <Coords points="899,2586 899,2646 951,2646 951,2586"/>
                    <TextEquiv>
                        <Unicode>der</Unicode>
                    </TextEquiv>
                </Word>
                <Word id="tr_1_tl_94_w5" custom="readingOrder {index:4;}">
                    <Coords points="978,2585 978,2645 1136,2645 1136,2585"/>
                    <TextEquiv>
                        <Unicode>Malerei,</Unicode>
                    </TextEquiv>
                </Word>
                <Word id="tr_1_tl_94_w6" custom="readingOrder {index:5;}">
                    <Coords points="1153,2581 1153,2641 1264,2641 1264,2581"/>
                    <TextEquiv>
                        <Unicode>kennen</Unicode>
                    </TextEquiv>
                </Word>
                <Word id="tr_1_tl_94_w7" custom="readingOrder {index:6;}">
                    <Coords points="1291,2578 1291,2638 1396,2638 1396,2578"/>
                    <TextEquiv>
                        <Unicode>Jahr¬</Unicode>
                    </TextEquiv>
                </Word>
                <TextEquiv>
                    <Unicode>Wir kennen Zeiten der Malerei, kennen Jahr¬</Unicode>
                </TextEquiv>
            </TextLine>
            <TextLine id="tr_1_tl_95" custom="readingOrder {index:94;}">
                <Coords points="535,2689 1400,2678 1400,2624 537,2645"/>
                <Baseline points="546,2680 591,2680 636,2678 681,2677 726,2675 772,2674 817,2674 862,2671 907,2668 952,2668 998,2668 1043,2668 1088,2668 1133,2665 1178,2665 1224,2662 1269,2665 1314,2662 1359,2662 1405,2662"/>
                <Word id="tr_1_tl_95_w1" custom="readingOrder {index:0;}">
                    <Coords points="535,2639 535,2699 691,2699 691,2639"/>
                    <TextEquiv>
                        <Unicode>hunderte</Unicode>
                    </TextEquiv>
                </Word>
                <Word id="tr_1_tl_95_w2" custom="readingOrder {index:1;}">
                    <Coords points="736,2634 736,2694 787,2694 787,2634"/>
                    <TextEquiv>
                        <Unicode>der</Unicode>
                    </TextEquiv>
                </Word>
                <Word id="tr_1_tl_95_w3" custom="readingOrder {index:2;}">
                    <Coords points="833,2628 833,2688 1019,2688 1019,2628"/>
                    <TextEquiv>
                        <Unicode>Dichtkunst</Unicode>
                    </TextEquiv>
                </Word>
                <Word id="tr_1_tl_95_w4" custom="readingOrder {index:3;}">
                    <Coords points="1065,2627 1065,2687 1130,2687 1130,2627"/>
                    <TextEquiv>
                        <Unicode>und</Unicode>
                    </TextEquiv>
                </Word>
                <Word id="tr_1_tl_95_w5" custom="readingOrder {index:4;}">
                    <Coords points="1177,2622 1177,2682 1293,2682 1293,2622"/>
                    <TextEquiv>
                        <Unicode>können</Unicode>
                    </TextEquiv>
                </Word>
                <Word id="tr_1_tl_95_w6" custom="readingOrder {index:5;}">
                    <Coords points="1348,2622 1348,2682 1398,2682 1398,2622"/>
                    <TextEquiv>
                        <Unicode>die</Unicode>
                    </TextEquiv>
                </Word>
                <TextEquiv>
                    <Unicode>hunderte der Dichtkunst und können die</Unicode>
                </TextEquiv>
            </TextLine>
            <TextLine id="tr_1_tl_96" custom="readingOrder {index:95;}">
                <Coords points="535,2730 1376,2722 1404,2674 535,2689"/>
                <Baseline points="546,2725 591,2722 636,2722 681,2722 726,2720 772,2719 817,2716 862,2713 907,2713 952,2713 998,2713 1043,2710 1088,2710 1133,2713 1178,2710 1224,2710 1269,2710 1314,2707 1359,2704 1405,2704"/>
                <Word id="tr_1_tl_96_w1" custom="readingOrder {index:0;}">
                    <Coords points="535,2682 535,2742 726,2742 726,2682"/>
                    <TextEquiv>
                        <Unicode>Wiederkehr</Unicode>
                    </TextEquiv>
                </Word>
                <Word id="tr_1_tl_96_w2" custom="readingOrder {index:1;}">
                    <Coords points="753,2676 753,2736 862,2736 862,2676"/>
                    <TextEquiv>
                        <Unicode>solcher</Unicode>
                    </TextEquiv>
                </Word>
                <Word id="tr_1_tl_96_w3" custom="readingOrder {index:2;}">
                    <Coords points="888,2671 888,2731 1158,2731 1158,2671"/>
                    <TextEquiv>
                        <Unicode>Blüteperioden,</Unicode>
                    </TextEquiv>
                </Word>
                <Word id="tr_1_tl_96_w4" custom="readingOrder {index:3;}">
                    <Coords points="1179,2670 1179,2730 1225,2730 1225,2670"/>
                    <TextEquiv>
                        <Unicode>die</Unicode>
                    </TextEquiv>
                </Word>
                <Word id="tr_1_tl_96_w5" custom="readingOrder {index:4;}">
                    <Coords points="1257,2666 1257,2726 1397,2726 1397,2666"/>
                    <TextEquiv>
                        <Unicode>Wieder¬</Unicode>
                    </TextEquiv>
                </Word>
                <TextEquiv>
                    <Unicode>Wiederkehr solcher Blüteperioden, die Wieder¬</Unicode>
                </TextEquiv>
            </TextLine>
            <TextLine id="tr_1_tl_97" custom="readingOrder {index:96;}">
                <Coords points="524,2782 1396,2769 1396,2715 1350,2711 526,2735"/>
                <Baseline points="537,2767 580,2767 623,2767 666,2767 710,2765 753,2764 796,2763 839,2760 883,2758 926,2759 969,2760 1012,2758 1056,2757 1099,2755 1142,2755 1185,2755 1229,2752 1272,2752 1315,2752 1358,2749 1402,2749"/>
                <Word id="tr_1_tl_97_w1" custom="readingOrder {index:0;}">
                    <Coords points="529,2727 529,2787 597,2787 597,2727"/>
                    <TextEquiv>
                        <Unicode>kehr</Unicode>
                    </TextEquiv>
                </Word>
                <Word id="tr_1_tl_97_w2" custom="readingOrder {index:1;}">
                    <Coords points="635,2727 635,2787 682,2787 682,2727"/>
                    <TextEquiv>
                        <Unicode>der</Unicode>
                    </TextEquiv>
                </Word>
                <Word id="tr_1_tl_97_w3" custom="readingOrder {index:2;}">
                    <Coords points="715,2720 715,2780 937,2780 937,2720"/>
                    <TextEquiv>
                        <Unicode>Niedergänge</Unicode>
                    </TextEquiv>
                </Word>
                <Word id="tr_1_tl_97_w4" custom="readingOrder {index:3;}">
                    <Coords points="964,2717 964,2777 1144,2777 1144,2717"/>
                    <TextEquiv>
                        <Unicode>feststellen.</Unicode>
                    </TextEquiv>
                </Word>
                <Word id="tr_1_tl_97_w5" custom="readingOrder {index:4;}">
                    <Coords points="1171,2712 1171,2772 1283,2772 1283,2712"/>
                    <TextEquiv>
                        <Unicode>Selten</Unicode>
                    </TextEquiv>
                </Word>
                <Word id="tr_1_tl_97_w6" custom="readingOrder {index:5;}">
                    <Coords points="1325,2709 1325,2769 1394,2769 1394,2709"/>
                    <TextEquiv>
                        <Unicode>oder</Unicode>
                    </TextEquiv>
                </Word>
                <TextEquiv>
                    <Unicode>kehr der Niedergänge feststellen. Selten oder</Unicode>
                </TextEquiv>
            </TextLine>
            <TextLine id="tr_1_tl_98" custom="readingOrder {index:97;}">
                <Coords points="535,2822 967,2817 969,2774 919,2767 537,2782"/>
                <Baseline points="546,2811 571,2811 596,2811 621,2811 646,2809 671,2808 696,2808 721,2808 746,2808 772,2806 797,2805 822,2805 847,2805 872,2805 897,2804 922,2802 947,2802 973,2802"/>
                <Word id="tr_1_tl_98_w1" custom="readingOrder {index:0;}">
                    <Coords points="540,2771 540,2831 585,2831 585,2771"/>
                    <TextEquiv>
                        <Unicode>nie</Unicode>
                    </TextEquiv>
                </Word>
                <Word id="tr_1_tl_98_w2" custom="readingOrder {index:1;}">
                    <Coords points="616,2768 616,2828 692,2828 692,2768"/>
                    <TextEquiv>
                        <Unicode>aber</Unicode>
                    </TextEquiv>
                </Word>
                <Word id="tr_1_tl_98_w3" custom="readingOrder {index:2;}">
                    <Coords points="718,2767 718,2827 784,2827 784,2767"/>
                    <TextEquiv>
                        <Unicode>ihre</Unicode>
                    </TextEquiv>
                </Word>
                <Word id="tr_1_tl_98_w4" custom="readingOrder {index:3;}">
                    <Coords points="815,2764 815,2824 967,2824 967,2764"/>
                    <TextEquiv>
                        <Unicode>Gründe.</Unicode>
                    </TextEquiv>
                </Word>
                <TextEquiv>
                    <Unicode>nie aber ihre Gründe.</Unicode>
                </TextEquiv>
            </TextLine>
            <TextLine id="tr_1_tl_99" custom="readingOrder {index:98;}">
                <Coords points="574,2876 1324,2861 1398,2854 1400,2804 574,2826"/>
                <Baseline points="585,2862 625,2862 666,2860 707,2860 748,2861 789,2858 830,2856 870,2856 911,2853 952,2853 993,2853 1034,2853 1075,2853 1116,2853 1156,2852 1197,2850 1238,2849 1279,2847 1320,2847 1361,2844 1402,2841"/>
                <Word id="tr_1_tl_99_w1" custom="readingOrder {index:0;}">
                    <Coords points="579,2821 579,2881 694,2881 694,2821"/>
                    <TextEquiv>
                        <Unicode>Unsere</Unicode>
                    </TextEquiv>
                </Word>
                <Word id="tr_1_tl_99_w2" custom="readingOrder {index:1;}">
                    <Coords points="726,2819 726,2879 801,2879 801,2819"/>
                    <TextEquiv>
                        <Unicode>Zeit</Unicode>
                    </TextEquiv>
                </Word>
                <Word id="tr_1_tl_99_w3" custom="readingOrder {index:2;}">
                    <Coords points="826,2815 826,2875 922,2875 922,2815"/>
                    <TextEquiv>
                        <Unicode>aber,</Unicode>
                    </TextEquiv>
                </Word>
                <Word id="tr_1_tl_99_w4" custom="readingOrder {index:3;}">
                    <Coords points="948,2813 948,2873 1039,2873 1039,2813"/>
                    <TextEquiv>
                        <Unicode>wann</Unicode>
                    </TextEquiv>
                </Word>
                <Word id="tr_1_tl_99_w5" custom="readingOrder {index:4;}">
                    <Coords points="1080,2812 1080,2872 1196,2872 1196,2812"/>
                    <TextEquiv>
                        <Unicode>immer</Unicode>
                    </TextEquiv>
                </Word>
                <Word id="tr_1_tl_99_w6" custom="readingOrder {index:5;}">
                    <Coords points="1232,2807 1232,2867 1287,2867 1287,2807"/>
                    <TextEquiv>
                        <Unicode>wir</Unicode>
                    </TextEquiv>
                </Word>
                <Word id="tr_1_tl_99_w7" custom="readingOrder {index:6;}">
                    <Coords points="1323,2804 1323,2864 1398,2864 1398,2804"/>
                    <TextEquiv>
                        <Unicode>diese</Unicode>
                    </TextEquiv>
                </Word>
                <TextEquiv>
                    <Unicode>Unsere Zeit aber, wann immer wir diese</Unicode>
                </TextEquiv>
            </TextLine>
            <TextLine id="tr_1_tl_100" custom="readingOrder {index:99;}">
                <Coords points="535,2926 1389,2904 1404,2854 535,2863"/>
                <Baseline points="546,2907 591,2907 636,2907 681,2905 726,2904 772,2904 817,2901 862,2901 907,2901 952,2898 998,2898 1043,2898 1088,2898 1133,2898 1178,2895 1224,2892 1269,2892 1314,2892 1359,2889 1405,2889"/>
                <Word id="tr_1_tl_100_w1" custom="readingOrder {index:0;}">
                    <Coords points="540,2867 540,2927 674,2927 674,2867"/>
                    <TextEquiv>
                        <Unicode>Periode</Unicode>
                    </TextEquiv>
                </Word>
                <Word id="tr_1_tl_100_w2" custom="readingOrder {index:1;}">
                    <Coords points="706,2863 706,2923 856,2923 856,2863"/>
                    <TextEquiv>
                        <Unicode>beginnen</Unicode>
                    </TextEquiv>
                </Word>
                <Word id="tr_1_tl_100_w3" custom="readingOrder {index:2;}">
                    <Coords points="893,2859 893,2919 981,2919 981,2859"/>
                    <TextEquiv>
                        <Unicode>lassen</Unicode>
                    </TextEquiv>
                </Word>
                <Word id="tr_1_tl_100_w4" custom="readingOrder {index:3;}">
                    <Coords points="1013,2858 1013,2918 1147,2918 1147,2858"/>
                    <TextEquiv>
                        <Unicode>wollen,</Unicode>
                    </TextEquiv>
                </Word>
                <Word id="tr_1_tl_100_w5" custom="readingOrder {index:4;}">
                    <Coords points="1169,2854 1169,2914 1205,2914 1205,2854"/>
                    <TextEquiv>
                        <Unicode>ist</Unicode>
                    </TextEquiv>
                </Word>
                <Word id="tr_1_tl_100_w6" custom="readingOrder {index:5;}">
                    <Coords points="1226,2851 1226,2911 1407,2911 1407,2851"/>
                    <TextEquiv>
                        <Unicode>ausgefüllt</Unicode>
                    </TextEquiv>
                </Word>
                <TextEquiv>
                    <Unicode>Periode beginnen lassen wollen, ist ausgefüllt</Unicode>
                </TextEquiv>
            </TextLine>
            <TextLine id="tr_1_tl_101" custom="readingOrder {index:100;}">
                <Coords points="530,2958 1393,2945 1393,2898 530,2926"/>
                <Baseline points="543,2952 585,2952 628,2950 671,2949 714,2949 757,2947 799,2946 842,2946 885,2946 928,2945 971,2943 1013,2942 1056,2940 1099,2940 1142,2939 1185,2937 1227,2937 1270,2937 1313,2937 1356,2934 1399,2934"/>
                <Word id="tr_1_tl_101_w1" custom="readingOrder {index:0;}">
                    <Coords points="535,2912 535,2972 596,2972 596,2912"/>
                    <TextEquiv>
                        <Unicode>mit</Unicode>
                    </TextEquiv>
                </Word>
                <Word id="tr_1_tl_101_w2" custom="readingOrder {index:1;}">
                    <Coords points="623,2908 623,2968 841,2968 841,2908"/>
                    <TextEquiv>
                        <Unicode>Niedergang.</Unicode>
                    </TextEquiv>
                </Word>
                <Word id="tr_1_tl_101_w3" custom="readingOrder {index:2;}">
                    <Coords points="862,2905 862,2965 924,2965 924,2905"/>
                    <TextEquiv>
                        <Unicode>Die</Unicode>
                    </TextEquiv>
                </Word>
                <Word id="tr_1_tl_101_w4" custom="readingOrder {index:3;}">
                    <Coords points="950,2900 950,2960 1137,2960 1137,2900"/>
                    <TextEquiv>
                        <Unicode>Dichtkunst</Unicode>
                    </TextEquiv>
                </Word>
                <Word id="tr_1_tl_101_w5" custom="readingOrder {index:4;}">
                    <Coords points="1163,2897 1163,2957 1199,2957 1199,2897"/>
                    <TextEquiv>
                        <Unicode>ist</Unicode>
                    </TextEquiv>
                </Word>
                <Word id="tr_1_tl_101_w6" custom="readingOrder {index:5;}">
                    <Coords points="1225,2897 1225,2957 1381,2957 1381,2897"/>
                    <TextEquiv>
                        <Unicode>gestorben</Unicode>
                    </TextEquiv>
                </Word>
                <TextEquiv>
                    <Unicode>mit Niedergang. Die Dichtkunst ist gestorben</Unicode>
                </TextEquiv>
            </TextLine>
            <TextLine id="tr_1_tl_102" custom="readingOrder {index:101;}">
                <Coords points="535,3006 1319,3000 1402,2991 1404,2948 535,2961"/>
                <Baseline points="546,2999 591,2996 636,2994 681,2993 726,2991 772,2990 817,2987 862,2987 907,2987 952,2987 998,2987 1043,2984 1088,2984 1133,2981 1178,2981 1224,2981 1269,2981 1314,2978 1359,2978 1405,2975"/>
                <Word id="tr_1_tl_102_w1" custom="readingOrder {index:0;}">
                    <Coords points="540,2957 540,3017 598,3017 598,2957"/>
                    <TextEquiv>
                        <Unicode>wie</Unicode>
                    </TextEquiv>
                </Word>
                <Word id="tr_1_tl_102_w2" custom="readingOrder {index:1;}">
                    <Coords points="620,2953 620,3013 678,3013 678,2953"/>
                    <TextEquiv>
                        <Unicode>vor</Unicode>
                    </TextEquiv>
                </Word>
                <Word id="tr_1_tl_102_w3" custom="readingOrder {index:2;}">
                    <Coords points="700,2951 700,3011 747,3011 747,2951"/>
                    <TextEquiv>
                        <Unicode>ihr</Unicode>
                    </TextEquiv>
                </Word>
                <Word id="tr_1_tl_102_w4" custom="readingOrder {index:3;}">
                    <Coords points="769,2947 769,3007 848,3007 848,2947"/>
                    <TextEquiv>
                        <Unicode>schon</Unicode>
                    </TextEquiv>
                </Word>
                <Word id="tr_1_tl_102_w5" custom="readingOrder {index:4;}">
                    <Coords points="875,2947 875,3007 923,3007 923,2947"/>
                    <TextEquiv>
                        <Unicode>die</Unicode>
                    </TextEquiv>
                </Word>
                <Word id="tr_1_tl_102_w6" custom="readingOrder {index:5;}">
                    <Coords points="945,2947 945,3007 1050,3007 1050,2947"/>
                    <TextEquiv>
                        <Unicode>Musik</Unicode>
                    </TextEquiv>
                </Word>
                <Word id="tr_1_tl_102_w7" custom="readingOrder {index:6;}">
                    <Coords points="1073,2941 1073,3001 1242,3001 1242,2941"/>
                    <TextEquiv>
                        <Unicode>aufgehört</Unicode>
                    </TextEquiv>
                </Word>
                <Word id="tr_1_tl_102_w8" custom="readingOrder {index:7;}">
                    <Coords points="1264,2939 1264,2999 1333,2999 1333,2939"/>
                    <TextEquiv>
                        <Unicode>hat,</Unicode>
                    </TextEquiv>
                </Word>
                <Word id="tr_1_tl_102_w9" custom="readingOrder {index:8;}">
                    <Coords points="1349,2936 1349,2996 1402,2996 1402,2936"/>
                    <TextEquiv>
                        <Unicode>der</Unicode>
                    </TextEquiv>
                </Word>
                <TextEquiv>
                    <Unicode>wie vor ihr schon die Musik aufgehört hat, der</Unicode>
                </TextEquiv>
            </TextLine>
            <TextLine id="tr_1_tl_103" custom="readingOrder {index:102;}">
                <Coords points="537,3052 1400,3028 1383,2987 537,3006"/>
                <Baseline points="549,3035 591,3040 634,3039 677,3038 720,3036 763,3033 805,3032 848,3032 891,3030 934,3029 977,3029 1019,3028 1062,3026 1105,3026 1148,3026 1191,3026 1233,3026 1276,3023 1319,3023 1362,3020 1405,3020"/>
                <Word id="tr_1_tl_103_w1" custom="readingOrder {index:0;}">
                    <Coords points="537,2997 537,3057 609,3057 609,2997"/>
                    <TextEquiv>
                        <Unicode>Zeit</Unicode>
                    </TextEquiv>
                </Word>
                <Word id="tr_1_tl_103_w2" custom="readingOrder {index:1;}">
                    <Coords points="635,2998 635,3058 718,3058 718,2998"/>
                    <TextEquiv>
                        <Unicode>ihren</Unicode>
                    </TextEquiv>
                </Word>
                <Word id="tr_1_tl_103_w3" custom="readingOrder {index:2;}">
                    <Coords points="750,2992 750,3052 905,3052 905,2992"/>
                    <TextEquiv>
                        <Unicode>Stempel</Unicode>
                    </TextEquiv>
                </Word>
                <Word id="tr_1_tl_103_w4" custom="readingOrder {index:3;}">
                    <Coords points="931,2986 931,3046 1170,3046 1170,2986"/>
                    <TextEquiv>
                        <Unicode>aufzudrücken.</Unicode>
                    </TextEquiv>
                </Word>
                <Word id="tr_1_tl_103_w5" custom="readingOrder {index:4;}">
                    <Coords points="1196,2985 1196,3045 1289,3045 1289,2985"/>
                    <TextEquiv>
                        <Unicode>(Muß</Unicode>
                    </TextEquiv>
                </Word>
                <Word id="tr_1_tl_103_w6" custom="readingOrder {index:5;}">
                    <Coords points="1321,2980 1321,3040 1398,3040 1398,2980"/>
                    <TextEquiv>
                        <Unicode>aus¬</Unicode>
                    </TextEquiv>
                </Word>
                <TextEquiv>
                    <Unicode>Zeit ihren Stempel aufzudrücken. (Muß aus¬</Unicode>
                </TextEquiv>
            </TextLine>
            <TextLine id="tr_1_tl_104" custom="readingOrder {index:103;}">
                <Coords points="535,3102 1039,3078 1074,3106 1172,3076 1224,3102 1267,3074 1402,3078 1404,3028 535,3052"/>
                <Baseline points="546,3086 591,3083 636,3083 681,3081 726,3080 772,3077 817,3077 862,3074 907,3074 952,3074 998,3074 1043,3074 1088,3071 1133,3071 1178,3071 1224,3071 1269,3068 1314,3068 1359,3065 1405,3065"/>
                <Word id="tr_1_tl_104_w1" custom="readingOrder {index:0;}">
                    <Coords points="535,3043 535,3103 674,3103 674,3043"/>
                    <TextEquiv>
                        <Unicode>drücklich</Unicode>
                    </TextEquiv>
                </Word>
                <Word id="tr_1_tl_104_w2" custom="readingOrder {index:1;}">
                    <Coords points="701,3038 701,3098 810,3098 810,3038"/>
                    <TextEquiv>
                        <Unicode>gesagt</Unicode>
                    </TextEquiv>
                </Word>
                <Word id="tr_1_tl_104_w3" custom="readingOrder {index:2;}">
                    <Coords points="836,3034 836,3094 976,3094 976,3034"/>
                    <TextEquiv>
                        <Unicode>werden,</Unicode>
                    </TextEquiv>
                </Word>
                <Word id="tr_1_tl_104_w4" custom="readingOrder {index:3;}">
                    <Coords points="998,3034 998,3094 1049,3094 1049,3034"/>
                    <TextEquiv>
                        <Unicode>daß</Unicode>
                    </TextEquiv>
                </Word>
                <Word id="tr_1_tl_104_w5" custom="readingOrder {index:4;}">
                    <Coords points="1080,3031 1080,3091 1220,3091 1220,3031"/>
                    <TextEquiv>
                        <Unicode>zwischen</Unicode>
                    </TextEquiv>
                </Word>
                <Word id="tr_1_tl_104_w6" custom="readingOrder {index:5;}">
                    <Coords points="1252,3028 1252,3088 1303,3088 1303,3028"/>
                    <TextEquiv>
                        <Unicode>den</Unicode>
                    </TextEquiv>
                </Word>
                <Word id="tr_1_tl_104_w7" custom="readingOrder {index:6;}">
                    <Coords points="1335,3025 1335,3085 1402,3085 1402,3025"/>
                    <TextEquiv>
                        <Unicode>ein¬</Unicode>
                    </TextEquiv>
                </Word>
                <TextEquiv>
                    <Unicode>drücklich gesagt werden, daß zwischen den ein¬</Unicode>
                </TextEquiv>
            </TextLine>
            <TextLine id="tr_1_tl_105" custom="readingOrder {index:104;}">
                <Coords points="530,3141 1330,3128 1409,3117 1411,3080 530,3102"/>
                <Baseline points="543,3134 586,3129 629,3126 673,3125 716,3124 760,3122 803,3121 846,3119 890,3119 933,3118 977,3116 1020,3117 1063,3118 1107,3116 1150,3116 1194,3116 1237,3113 1280,3113 1324,3110 1367,3110 1411,3113"/>
                <Word id="tr_1_tl_105_w1" custom="readingOrder {index:0;}">
                    <Coords points="535,3089 535,3149 635,3149 635,3089"/>
                    <TextEquiv>
                        <Unicode>zelnen</Unicode>
                    </TextEquiv>
                </Word>
                <Word id="tr_1_tl_105_w2" custom="readingOrder {index:1;}">
                    <Coords points="676,3081 676,3141 929,3141 929,3081"/>
                    <TextEquiv>
                        <Unicode>Kunstperioden</Unicode>
                    </TextEquiv>
                </Word>
                <Word id="tr_1_tl_105_w3" custom="readingOrder {index:2;}">
                    <Coords points="965,3076 965,3136 1035,3136 1035,3076"/>
                    <TextEquiv>
                        <Unicode>auch</Unicode>
                    </TextEquiv>
                </Word>
                <Word id="tr_1_tl_105_w4" custom="readingOrder {index:3;}">
                    <Coords points="1096,3076 1096,3136 1192,3136 1192,3076"/>
                    <TextEquiv>
                        <Unicode>große</Unicode>
                    </TextEquiv>
                </Word>
                <Word id="tr_1_tl_105_w5" custom="readingOrder {index:4;}">
                    <Coords points="1248,3070 1248,3130 1399,3130 1399,3070"/>
                    <TextEquiv>
                        <Unicode>Künstler</Unicode>
                    </TextEquiv>
                </Word>
                <TextEquiv>
                    <Unicode>zelnen Kunstperioden auch große Künstler</Unicode>
                </TextEquiv>
            </TextLine>
            <TextLine id="tr_1_tl_106" custom="readingOrder {index:105;}">
                <Coords points="530,3178 1396,3174 1411,3117 530,3141"/>
                <Baseline points="543,3169 586,3169 629,3169 673,3169 716,3168 760,3165 803,3164 846,3164 890,3164 933,3163 977,3161 1020,3160 1063,3158 1107,3158 1150,3158 1194,3158 1237,3155 1280,3155 1324,3155 1367,3155 1411,3158"/>
                <Word id="tr_1_tl_106_w1" custom="readingOrder {index:0;}">
                    <Coords points="534,3129 534,3189 608,3189 608,3129"/>
                    <TextEquiv>
                        <Unicode>noch</Unicode>
                    </TextEquiv>
                </Word>
                <Word id="tr_1_tl_106_w2" custom="readingOrder {index:1;}">
                    <Coords points="638,3128 638,3188 766,3188 766,3128"/>
                    <TextEquiv>
                        <Unicode>existent</Unicode>
                    </TextEquiv>
                </Word>
                <Word id="tr_1_tl_106_w3" custom="readingOrder {index:2;}">
                    <Coords points="801,3124 801,3184 920,3184 920,3124"/>
                    <TextEquiv>
                        <Unicode>werden</Unicode>
                    </TextEquiv>
                </Word>
                <Word id="tr_1_tl_106_w4" custom="readingOrder {index:3;}">
                    <Coords points="975,3120 975,3180 1038,3180 1038,3120"/>
                    <TextEquiv>
                        <Unicode>und</Unicode>
                    </TextEquiv>
                </Word>
                <Word id="tr_1_tl_106_w5" custom="readingOrder {index:4;}">
                    <Coords points="1074,3118 1074,3178 1187,3178 1187,3118"/>
                    <TextEquiv>
                        <Unicode>wirken</Unicode>
                    </TextEquiv>
                </Word>
                <Word id="tr_1_tl_106_w6" custom="readingOrder {index:5;}">
                    <Coords points="1242,3115 1242,3175 1404,3175 1404,3115"/>
                    <TextEquiv>
                        <Unicode>können?)</Unicode>
                    </TextEquiv>
                </Word>
                <TextEquiv>
                    <Unicode>noch existent werden und wirken können?)</Unicode>
                </TextEquiv>
            </TextLine>
            <TextLine id="tr_1_tl_107" custom="readingOrder {index:106;}">
                <Coords points="537,3228 1396,3208 1385,3161 796,3165 637,3198 537,3176"/>
                <Baseline points="549,3211 591,3211 634,3211 676,3211 719,3209 762,3208 804,3208 847,3206 890,3205 932,3205 975,3205 1018,3204 1060,3202 1103,3202 1146,3202 1188,3201 1231,3199 1274,3199 1316,3199 1359,3196 1402,3193"/>
                <Word id="tr_1_tl_107_w1" custom="readingOrder {index:0;}">
                    <Coords points="541,3171 541,3231 612,3231 612,3171"/>
                    <TextEquiv>
                        <Unicode>Wir</Unicode>
                    </TextEquiv>
                </Word>
                <Word id="tr_1_tl_107_w2" custom="readingOrder {index:1;}">
                    <Coords points="641,3169 641,3229 760,3229 760,3169"/>
                    <TextEquiv>
                        <Unicode>erleben</Unicode>
                    </TextEquiv>
                </Word>
                <Word id="tr_1_tl_107_w3" custom="readingOrder {index:2;}">
                    <Coords points="794,3166 794,3226 874,3226 874,3166"/>
                    <TextEquiv>
                        <Unicode>keine</Unicode>
                    </TextEquiv>
                </Word>
                <Word id="tr_1_tl_107_w4" custom="readingOrder {index:3;}">
                    <Coords points="904,3165 904,3225 1022,3225 1022,3165"/>
                    <TextEquiv>
                        <Unicode>Kunst,</Unicode>
                    </TextEquiv>
                </Word>
                <Word id="tr_1_tl_107_w5" custom="readingOrder {index:4;}">
                    <Coords points="1042,3162 1042,3222 1099,3222 1099,3162"/>
                    <TextEquiv>
                        <Unicode>von</Unicode>
                    </TextEquiv>
                </Word>
                <Word id="tr_1_tl_107_w6" custom="readingOrder {index:5;}">
                    <Coords points="1133,3161 1133,3221 1185,3221 1185,3161"/>
                    <TextEquiv>
                        <Unicode>der</Unicode>
                    </TextEquiv>
                </Word>
                <Word id="tr_1_tl_107_w7" custom="readingOrder {index:6;}">
                    <Coords points="1234,3159 1234,3219 1295,3219 1295,3159"/>
                    <TextEquiv>
                        <Unicode>wir</Unicode>
                    </TextEquiv>
                </Word>
                <Word id="tr_1_tl_107_w8" custom="readingOrder {index:7;}">
                    <Coords points="1343,3155 1343,3215 1381,3215 1381,3155"/>
                    <TextEquiv>
                        <Unicode>an</Unicode>
                    </TextEquiv>
                </Word>
                <TextEquiv>
                    <Unicode>Wir erleben keine Kunst, von der wir an</Unicode>
                </TextEquiv>
            </TextLine>
            <TextLine id="tr_1_tl_108" custom="readingOrder {index:107;}">
                <Coords points="530,3269 1326,3261 1409,3252 1411,3206 530,3228"/>
                <Baseline points="543,3256 586,3256 629,3256 673,3254 716,3253 760,3253 803,3253 846,3252 890,3250 933,3250 977,3249 1020,3247 1063,3247 1107,3246 1150,3244 1194,3244 1237,3244 1280,3241 1324,3241 1367,3241 1411,3238"/>
                <Word id="tr_1_tl_108_w1" custom="readingOrder {index:0;}">
                    <Coords points="534,3216 534,3276 662,3276 662,3216"/>
                    <TextEquiv>
                        <Unicode>nehmen</Unicode>
                    </TextEquiv>
                </Word>
                <Word id="tr_1_tl_108_w2" custom="readingOrder {index:1;}">
                    <Coords points="707,3213 707,3273 845,3273 845,3213"/>
                    <TextEquiv>
                        <Unicode>können,</Unicode>
                    </TextEquiv>
                </Word>
                <Word id="tr_1_tl_108_w3" custom="readingOrder {index:2;}">
                    <Coords points="871,3210 871,3270 929,3270 929,3210"/>
                    <TextEquiv>
                        <Unicode>daß</Unicode>
                    </TextEquiv>
                </Word>
                <Word id="tr_1_tl_108_w4" custom="readingOrder {index:3;}">
                    <Coords points="964,3208 964,3268 1004,3268 1004,3208"/>
                    <TextEquiv>
                        <Unicode>sie</Unicode>
                    </TextEquiv>
                </Word>
                <Word id="tr_1_tl_108_w5" custom="readingOrder {index:4;}">
                    <Coords points="1039,3206 1039,3266 1133,3266 1133,3206"/>
                    <TextEquiv>
                        <Unicode>unser</Unicode>
                    </TextEquiv>
                </Word>
                <Word id="tr_1_tl_108_w6" custom="readingOrder {index:5;}">
                    <Coords points="1173,3204 1173,3264 1231,3264 1231,3204"/>
                    <TextEquiv>
                        <Unicode>und</Unicode>
                    </TextEquiv>
                </Word>
                <Word id="tr_1_tl_108_w7" custom="readingOrder {index:6;}">
                    <Coords points="1272,3201 1272,3261 1399,3261 1399,3201"/>
                    <TextEquiv>
                        <Unicode>unserer</Unicode>
                    </TextEquiv>
                </Word>
                <TextEquiv>
                    <Unicode>nehmen können, daß sie unser und unserer</Unicode>
                </TextEquiv>
            </TextLine>
            <TextLine id="tr_1_tl_109" custom="readingOrder {index:108;}">
                <Coords points="539,3321 1406,3300 1409,3252 541,3267"/>
                <Baseline points="552,3304 595,3301 638,3299 681,3298 724,3296 767,3295 810,3295 853,3295 896,3295 939,3294 983,3292 1026,3291 1069,3289 1112,3289 1155,3289 1198,3289 1241,3289 1284,3286 1327,3286 1370,3286 1414,3283"/>
                <Word id="tr_1_tl_109_w1" custom="readingOrder {index:0;}">
                    <Coords points="539,3262 539,3322 612,3322 612,3262"/>
                    <TextEquiv>
                        <Unicode>Zeit</Unicode>
                    </TextEquiv>
                </Word>
                <Word id="tr_1_tl_109_w2" custom="readingOrder {index:1;}">
                    <Coords points="640,3255 640,3315 861,3315 861,3255"/>
                    <TextEquiv>
                        <Unicode>überlebender</Unicode>
                    </TextEquiv>
                </Word>
                <Word id="tr_1_tl_109_w3" custom="readingOrder {index:2;}">
                    <Coords points="888,3252 888,3312 1052,3312 1052,3252"/>
                    <TextEquiv>
                        <Unicode>Ausdeuck</Unicode>
                    </TextEquiv>
                </Word>
                <Word id="tr_1_tl_109_w4" custom="readingOrder {index:3;}">
                    <Coords points="1074,3249 1074,3309 1126,3309 1126,3249"/>
                    <TextEquiv>
                        <Unicode>ist.</Unicode>
                    </TextEquiv>
                </Word>
                <Word id="tr_1_tl_109_w5" custom="readingOrder {index:4;}">
                    <Coords points="1148,3249 1148,3309 1311,3309 1311,3249"/>
                    <TextEquiv>
                        <Unicode>Vielleicht</Unicode>
                    </TextEquiv>
                </Word>
                <Word id="tr_1_tl_109_w6" custom="readingOrder {index:5;}">
                    <Coords points="1333,3246 1333,3306 1396,3306 1396,3246"/>
                    <TextEquiv>
                        <Unicode>sind</Unicode>
                    </TextEquiv>
                </Word>
                <TextEquiv>
                    <Unicode>Zeit überlebender Ausdeuck ist. Vielleicht sind</Unicode>
                </TextEquiv>
            </TextLine>
            <TextLine id="tr_1_tl_110" custom="readingOrder {index:109;}">
                <Coords points="537,3358 1319,3350 1409,3337 1411,3302 537,3315"/>
                <Baseline points="549,3346 592,3344 635,3343 678,3343 722,3343 765,3343 808,3342 851,3340 895,3339 938,3337 981,3337 1024,3336 1068,3334 1111,3333 1154,3331 1197,3331 1241,3334 1284,3334 1327,3331 1370,3328 1414,3328"/>
                <Word id="tr_1_tl_110_w1" custom="readingOrder {index:0;}">
                    <Coords points="542,3305 542,3365 567,3365 567,3305"/>
                    <TextEquiv>
                        <Unicode>in</Unicode>
                    </TextEquiv>
                </Word>
                <Word id="tr_1_tl_110_w2" custom="readingOrder {index:1;}">
                    <Coords points="604,3303 604,3363 650,3363 650,3303"/>
                    <TextEquiv>
                        <Unicode>der</Unicode>
                    </TextEquiv>
                </Word>
                <Word id="tr_1_tl_110_w3" custom="readingOrder {index:2;}">
                    <Coords points="677,3303 677,3363 842,3363 842,3303"/>
                    <TextEquiv>
                        <Unicode>Baukunst</Unicode>
                    </TextEquiv>
                </Word>
                <Word id="tr_1_tl_110_w4" custom="readingOrder {index:3;}">
                    <Coords points="869,3299 869,3359 921,3359 921,3299"/>
                    <TextEquiv>
                        <Unicode>von</Unicode>
                    </TextEquiv>
                </Word>
                <Word id="tr_1_tl_110_w5" custom="readingOrder {index:4;}">
                    <Coords points="958,3296 958,3356 1045,3356 1045,3296"/>
                    <TextEquiv>
                        <Unicode>heute</Unicode>
                    </TextEquiv>
                </Word>
                <Word id="tr_1_tl_110_w6" custom="readingOrder {index:5;}">
                    <Coords points="1072,3291 1072,3351 1196,3351 1196,3291"/>
                    <TextEquiv>
                        <Unicode>Ansätze</Unicode>
                    </TextEquiv>
                </Word>
                <Word id="tr_1_tl_110_w7" custom="readingOrder {index:6;}">
                    <Coords points="1228,3293 1228,3353 1253,3353 1253,3293"/>
                    <TextEquiv>
                        <Unicode>zu</Unicode>
                    </TextEquiv>
                </Word>
                <Word id="tr_1_tl_110_w8" custom="readingOrder {index:7;}">
                    <Coords points="1285,3289 1285,3349 1409,3349 1409,3289"/>
                    <TextEquiv>
                        <Unicode>finden,</Unicode>
                    </TextEquiv>
                </Word>
                <TextEquiv>
                    <Unicode>in der Baukunst von heute Ansätze zu finden,</Unicode>
                </TextEquiv>
            </TextLine>
            <TextLine id="tr_1_tl_111" custom="readingOrder {index:110;}">
                <Coords points="535,3395 1293,3391 1406,3380 1409,3339 537,3361"/>
                <Baseline points="546,3387 589,3390 632,3388 676,3387 719,3386 763,3384 806,3384 849,3383 893,3381 936,3381 980,3380 1023,3378 1066,3378 1110,3377 1153,3375 1197,3378 1240,3375 1283,3375 1327,3375 1370,3372 1414,3372"/>
                <Word id="tr_1_tl_111_w1" custom="readingOrder {index:0;}">
                    <Coords points="538,3349 538,3409 617,3409 617,3349"/>
                    <TextEquiv>
                        <Unicode>aber</Unicode>
                    </TextEquiv>
                </Word>
                <Word id="tr_1_tl_111_w2" custom="readingOrder {index:1;}">
                    <Coords points="645,3346 645,3406 752,3406 752,3346"/>
                    <TextEquiv>
                        <Unicode>wenn,</Unicode>
                    </TextEquiv>
                </Word>
                <Word id="tr_1_tl_111_w3" custom="readingOrder {index:2;}">
                    <Coords points="780,3343 780,3403 859,3403 859,3343"/>
                    <TextEquiv>
                        <Unicode>dann</Unicode>
                    </TextEquiv>
                </Word>
                <Word id="tr_1_tl_111_w4" custom="readingOrder {index:3;}">
                    <Coords points="892,3341 892,3401 961,3401 961,3341"/>
                    <TextEquiv>
                        <Unicode>auch</Unicode>
                    </TextEquiv>
                </Word>
                <Word id="tr_1_tl_111_w5" custom="readingOrder {index:4;}">
                    <Coords points="994,3338 994,3398 1064,3398 1064,3338"/>
                    <TextEquiv>
                        <Unicode>noch</Unicode>
                    </TextEquiv>
                </Word>
                <Word id="tr_1_tl_111_w6" custom="readingOrder {index:5;}">
                    <Coords points="1101,3335 1101,3395 1180,3395 1180,3335"/>
                    <TextEquiv>
                        <Unicode>nicht</Unicode>
                    </TextEquiv>
                </Word>
                <Word id="tr_1_tl_111_w7" custom="readingOrder {index:6;}">
                    <Coords points="1213,3335 1213,3395 1296,3395 1296,3335"/>
                    <TextEquiv>
                        <Unicode>mehr</Unicode>
                    </TextEquiv>
                </Word>
                <Word id="tr_1_tl_111_w8" custom="readingOrder {index:7;}">
                    <Coords points="1348,3332 1348,3392 1394,3392 1394,3332"/>
                    <TextEquiv>
                        <Unicode>als</Unicode>
                    </TextEquiv>
                </Word>
                <TextEquiv>
                    <Unicode>aber wenn, dann auch noch nicht mehr als</Unicode>
                </TextEquiv>
            </TextLine>
            <TextLine id="tr_1_tl_112" custom="readingOrder {index:111;}">
                <Coords points="537,3437 609,3458 1406,3426 1406,3380 537,3395"/>
                <Baseline points="549,3432 592,3432 635,3432 678,3430 721,3429 764,3429 807,3428 850,3426 893,3426 936,3426 980,3425 1023,3423 1066,3423 1109,3423 1152,3422 1195,3420 1238,3420 1281,3420 1324,3417 1367,3417 1411,3414"/>
                <Word id="tr_1_tl_112_w1" custom="readingOrder {index:0;}">
                    <Coords points="537,3392 537,3452 678,3452 678,3392"/>
                    <TextEquiv>
                        <Unicode>Ansätze.</Unicode>
                    </TextEquiv>
                </Word>
                <Word id="tr_1_tl_112_w2" custom="readingOrder {index:1;}">
                    <Coords points="699,3389 699,3449 760,3449 760,3389"/>
                    <TextEquiv>
                        <Unicode>Die</Unicode>
                    </TextEquiv>
                </Word>
                <Word id="tr_1_tl_112_w3" custom="readingOrder {index:2;}">
                    <Coords points="785,3386 785,3446 962,3446 962,3386"/>
                    <TextEquiv>
                        <Unicode>Dichtkunst</Unicode>
                    </TextEquiv>
                </Word>
                <Word id="tr_1_tl_112_w4" custom="readingOrder {index:3;}">
                    <Coords points="984,3383 984,3443 1059,3443 1059,3383"/>
                    <TextEquiv>
                        <Unicode>aber</Unicode>
                    </TextEquiv>
                </Word>
                <Word id="tr_1_tl_112_w5" custom="readingOrder {index:4;}">
                    <Coords points="1085,3383 1085,3443 1120,3443 1120,3383"/>
                    <TextEquiv>
                        <Unicode>ist</Unicode>
                    </TextEquiv>
                </Word>
                <Word id="tr_1_tl_112_w6" custom="readingOrder {index:5;}">
                    <Coords points="1141,3381 1141,3441 1201,3441 1201,3381"/>
                    <TextEquiv>
                        <Unicode>tot,</Unicode>
                    </TextEquiv>
                </Word>
                <Word id="tr_1_tl_112_w7" custom="readingOrder {index:6;}">
                    <Coords points="1217,3380 1217,3440 1303,3440 1303,3380"/>
                    <TextEquiv>
                        <Unicode>wenn</Unicode>
                    </TextEquiv>
                </Word>
                <Word id="tr_1_tl_112_w8" custom="readingOrder {index:7;}">
                    <Coords points="1334,3377 1334,3437 1399,3437 1399,3377"/>
                    <TextEquiv>
                        <Unicode>auch</Unicode>
                    </TextEquiv>
                </Word>
                <TextEquiv>
                    <Unicode>Ansätze. Die Dichtkunst aber ist tot, wenn auch</Unicode>
                </TextEquiv>
            </TextLine>
            <TextLine id="tr_1_tl_113" custom="readingOrder {index:112;}">
                <Coords points="537,3487 1404,3482 1404,3426 1330,3419 537,3439"/>
                <Baseline points="549,3477 594,3475 639,3474 684,3474 729,3474 775,3471 820,3471 865,3471 910,3471 955,3468 1001,3468 1046,3468 1091,3465 1136,3465 1181,3465 1227,3465 1272,3465 1317,3465 1362,3465 1408,3462"/>
                <Word id="tr_1_tl_113_w1" custom="readingOrder {index:0;}">
                    <Coords points="541,3436 541,3496 590,3496 590,3436"/>
                    <TextEquiv>
                        <Unicode>die</Unicode>
                    </TextEquiv>
                </Word>
                <Word id="tr_1_tl_113_w2" custom="readingOrder {index:1;}">
                    <Coords points="620,3434 620,3494 777,3494 777,3434"/>
                    <TextEquiv>
                        <Unicode>Literatur</Unicode>
                    </TextEquiv>
                </Word>
                <Word id="tr_1_tl_113_w3" custom="readingOrder {index:2;}">
                    <Coords points="812,3431 812,3491 989,3491 989,3431"/>
                    <TextEquiv>
                        <Unicode>weiterlebt</Unicode>
                    </TextEquiv>
                </Word>
                <Word id="tr_1_tl_113_w4" custom="readingOrder {index:3;}">
                    <Coords points="1019,3427 1019,3487 1077,3487 1077,3427"/>
                    <TextEquiv>
                        <Unicode>und</Unicode>
                    </TextEquiv>
                </Word>
                <Word id="tr_1_tl_113_w5" custom="readingOrder {index:4;}">
                    <Coords points="1107,3425 1107,3485 1245,3485 1245,3425"/>
                    <TextEquiv>
                        <Unicode>versucht</Unicode>
                    </TextEquiv>
                </Word>
                <Word id="tr_1_tl_113_w6" custom="readingOrder {index:5;}">
                    <Coords points="1271,3425 1271,3485 1402,3485 1402,3425"/>
                    <TextEquiv>
                        <Unicode>Spiegel</Unicode>
                    </TextEquiv>
                </Word>
                <TextEquiv>
                    <Unicode>die Literatur weiterlebt und versucht Spiegel</Unicode>
                </TextEquiv>
            </TextLine>
            <TextLine id="tr_1_tl_114" custom="readingOrder {index:113;}">
                <Coords points="530,3543 1365,3521 1400,3517 1402,3480 530,3487"/>
                <Baseline points="543,3522 586,3522 629,3520 672,3519 715,3517 758,3516 801,3516 844,3515 887,3513 930,3513 974,3513 1017,3513 1060,3512 1103,3510 1146,3510 1189,3510 1232,3507 1275,3507 1318,3507 1361,3507 1405,3501"/>
                <Word id="tr_1_tl_114_w1" custom="readingOrder {index:0;}">
                    <Coords points="535,3481 535,3541 664,3541 664,3481"/>
                    <TextEquiv>
                        <Unicode>unserer</Unicode>
                    </TextEquiv>
                </Word>
                <Word id="tr_1_tl_114_w2" custom="readingOrder {index:1;}">
                    <Coords points="691,3476 691,3536 759,3536 759,3476"/>
                    <TextEquiv>
                        <Unicode>Zeit</Unicode>
                    </TextEquiv>
                </Word>
                <Word id="tr_1_tl_114_w3" custom="readingOrder {index:2;}">
                    <Coords points="785,3476 785,3536 811,3536 811,3476"/>
                    <TextEquiv>
                        <Unicode>zu</Unicode>
                    </TextEquiv>
                </Word>
                <Word id="tr_1_tl_114_w4" custom="readingOrder {index:3;}">
                    <Coords points="837,3473 837,3533 915,3533 915,3473"/>
                    <TextEquiv>
                        <Unicode>sein.</Unicode>
                    </TextEquiv>
                </Word>
                <Word id="tr_1_tl_114_w5" custom="readingOrder {index:4;}">
                    <Coords points="936,3473 936,3533 978,3533 978,3473"/>
                    <TextEquiv>
                        <Unicode>Je</Unicode>
                    </TextEquiv>
                </Word>
                <Word id="tr_1_tl_114_w6" custom="readingOrder {index:5;}">
                    <Coords points="1005,3472 1005,3532 1087,3532 1087,3472"/>
                    <TextEquiv>
                        <Unicode>mehr</Unicode>
                    </TextEquiv>
                </Word>
                <Word id="tr_1_tl_114_w7" custom="readingOrder {index:6;}">
                    <Coords points="1114,3470 1114,3530 1149,3530 1149,3470"/>
                    <TextEquiv>
                        <Unicode>sie</Unicode>
                    </TextEquiv>
                </Word>
                <Word id="tr_1_tl_114_w8" custom="readingOrder {index:7;}">
                    <Coords points="1171,3469 1171,3529 1233,3529 1233,3469"/>
                    <TextEquiv>
                        <Unicode>uns</Unicode>
                    </TextEquiv>
                </Word>
                <Word id="tr_1_tl_114_w9" custom="readingOrder {index:8;}">
                    <Coords points="1260,3467 1260,3527 1327,3527 1327,3467"/>
                    <TextEquiv>
                        <Unicode>aber</Unicode>
                    </TextEquiv>
                </Word>
                <Word id="tr_1_tl_114_w10" custom="readingOrder {index:9;}">
                    <Coords points="1354,3464 1354,3524 1405,3524 1405,3464"/>
                    <TextEquiv>
                        <Unicode>zu¬</Unicode>
                    </TextEquiv>
                </Word>
                <TextEquiv>
                    <Unicode>unserer Zeit zu sein. Je mehr sie uns aber zu¬</Unicode>
                </TextEquiv>
            </TextLine>
            <TextLine id="tr_1_tl_115" custom="readingOrder {index:114;}">
                <Coords points="546,3582 1409,3569 1409,3515 1337,3508 546,3530"/>
                <Baseline points="558,3566 600,3563 643,3563 686,3561 729,3560 772,3560 814,3559 857,3558 900,3558 943,3558 986,3557 1028,3555 1071,3555 1114,3554 1157,3552 1200,3552 1242,3552 1285,3552 1328,3549 1371,3549 1414,3549"/>
                <Word id="tr_1_tl_115_w1" custom="readingOrder {index:0;}">
                    <Coords points="546,3523 546,3583 628,3583 628,3523"/>
                    <TextEquiv>
                        <Unicode>sagt,</Unicode>
                    </TextEquiv>
                </Word>
                <Word id="tr_1_tl_115_w2" custom="readingOrder {index:1;}">
                    <Coords points="649,3521 649,3581 720,3581 720,3521"/>
                    <TextEquiv>
                        <Unicode>desto</Unicode>
                    </TextEquiv>
                </Word>
                <Word id="tr_1_tl_115_w3" custom="readingOrder {index:2;}">
                    <Coords points="747,3519 747,3579 834,3579 834,3519"/>
                    <TextEquiv>
                        <Unicode>mehr</Unicode>
                    </TextEquiv>
                </Word>
                <Word id="tr_1_tl_115_w4" custom="readingOrder {index:3;}">
                    <Coords points="855,3518 855,3578 937,3578 937,3518"/>
                    <TextEquiv>
                        <Unicode>kehrt</Unicode>
                    </TextEquiv>
                </Word>
                <Word id="tr_1_tl_115_w5" custom="readingOrder {index:4;}">
                    <Coords points="963,3517 963,3577 1000,3577 1000,3517"/>
                    <TextEquiv>
                        <Unicode>sie</Unicode>
                    </TextEquiv>
                </Word>
                <Word id="tr_1_tl_115_w6" custom="readingOrder {index:5;}">
                    <Coords points="1021,3515 1021,3575 1066,3575 1066,3515"/>
                    <TextEquiv>
                        <Unicode>sich</Unicode>
                    </TextEquiv>
                </Word>
                <Word id="tr_1_tl_115_w7" custom="readingOrder {index:6;}">
                    <Coords points="1093,3513 1093,3573 1144,3573 1144,3513"/>
                    <TextEquiv>
                        <Unicode>von</Unicode>
                    </TextEquiv>
                </Word>
                <Word id="tr_1_tl_115_w8" custom="readingOrder {index:7;}">
                    <Coords points="1175,3512 1175,3572 1227,3572 1227,3512"/>
                    <TextEquiv>
                        <Unicode>der</Unicode>
                    </TextEquiv>
                </Word>
                <Word id="tr_1_tl_115_w9" custom="readingOrder {index:8;}">
                    <Coords points="1248,3509 1248,3569 1402,3569 1402,3509"/>
                    <TextEquiv>
                        <Unicode>Dichtung</Unicode>
                    </TextEquiv>
                </Word>
                <TextEquiv>
                    <Unicode>sagt, desto mehr kehrt sie sich von der Dichtung</Unicode>
                </TextEquiv>
            </TextLine>
            <TextLine id="tr_1_tl_116" custom="readingOrder {index:115;}">
                <Coords points="543,3615 1400,3604 1380,3554 543,3585"/>
                <Baseline points="555,3608 597,3608 640,3608 682,3608 725,3606 767,3603 810,3602 852,3600 895,3599 937,3599 980,3598 1022,3597 1065,3598 1107,3596 1150,3596 1192,3596 1235,3595 1277,3593 1320,3593 1362,3593 1405,3593"/>
                <Word id="tr_1_tl_116_w1" custom="readingOrder {index:0;}">
                    <Coords points="542,3568 542,3628 581,3628 581,3568"/>
                    <TextEquiv>
                        <Unicode>ab</Unicode>
                    </TextEquiv>
                </Word>
                <Word id="tr_1_tl_116_w2" custom="readingOrder {index:1;}">
                    <Coords points="621,3568 621,3628 680,3628 680,3568"/>
                    <TextEquiv>
                        <Unicode>und</Unicode>
                    </TextEquiv>
                </Word>
                <Word id="tr_1_tl_116_w3" custom="readingOrder {index:2;}">
                    <Coords points="715,3561 715,3621 926,3621 926,3561"/>
                    <TextEquiv>
                        <Unicode>konkretisiert</Unicode>
                    </TextEquiv>
                </Word>
                <Word id="tr_1_tl_116_w4" custom="readingOrder {index:3;}">
                    <Coords points="956,3557 956,3617 1182,3617 1182,3557"/>
                    <TextEquiv>
                        <Unicode>Zeitgeschehen</Unicode>
                    </TextEquiv>
                </Word>
                <Word id="tr_1_tl_116_w5" custom="readingOrder {index:4;}">
                    <Coords points="1227,3554 1227,3614 1251,3614 1251,3554"/>
                    <TextEquiv>
                        <Unicode>in</Unicode>
                    </TextEquiv>
                </Word>
                <Word id="tr_1_tl_116_w6" custom="readingOrder {index:5;}">
                    <Coords points="1291,3553 1291,3613 1394,3613 1394,3553"/>
                    <TextEquiv>
                        <Unicode>Kunst</Unicode>
                    </TextEquiv>
                </Word>
                <TextEquiv>
                    <Unicode>ab und konkretisiert Zeitgeschehen in Kunst</Unicode>
                </TextEquiv>
            </TextLine>
            <TextLine id="tr_1_tl_117" custom="readingOrder {index:116;}">
                <Coords points="550,3665 1406,3645 1406,3604 1278,3591 1233,3624 550,3615"/>
                <Baseline points="561,3656 603,3653 646,3653 688,3648 731,3649 773,3648 816,3647 858,3645 901,3644 943,3644 986,3642 1028,3641 1071,3641 1113,3641 1156,3641 1198,3640 1241,3638 1283,3638 1326,3638 1368,3635 1411,3632"/>
                <Word id="tr_1_tl_117_w1" custom="readingOrder {index:0;}">
                    <Coords points="544,3613 544,3673 644,3673 644,3613"/>
                    <TextEquiv>
                        <Unicode>form.</Unicode>
                    </TextEquiv>
                </Word>
                <Word id="tr_1_tl_117_w2" custom="readingOrder {index:1;}">
                    <Coords points="703,3608 703,3668 794,3668 794,3608"/>
                    <TextEquiv>
                        <Unicode>Denn</Unicode>
                    </TextEquiv>
                </Word>
                <Word id="tr_1_tl_117_w3" custom="readingOrder {index:2;}">
                    <Coords points="867,3604 867,3664 952,3664 952,3604"/>
                    <TextEquiv>
                        <Unicode>nicht</Unicode>
                    </TextEquiv>
                </Word>
                <Word id="tr_1_tl_117_w4" custom="readingOrder {index:3;}">
                    <Coords points="1011,3601 1011,3661 1212,3661 1212,3601"/>
                    <TextEquiv>
                        <Unicode>Erbauung,</Unicode>
                    </TextEquiv>
                </Word>
                <Word id="tr_1_tl_117_w5" custom="readingOrder {index:4;}">
                    <Coords points="1271,3597 1271,3657 1400,3657 1400,3597"/>
                    <TextEquiv>
                        <Unicode>sondern</Unicode>
                    </TextEquiv>
                </Word>
                <TextEquiv>
                    <Unicode>form. Denn nicht Erbauung, sondern</Unicode>
                </TextEquiv>
            </TextLine>
            <TextLine id="tr_1_tl_118" custom="readingOrder {index:117;}">
                <Coords points="550,3704 1406,3700 1385,3641 550,3665"/>
                <Baseline points="561,3695 603,3695 646,3695 688,3695 731,3695 773,3693 816,3690 858,3689 901,3689 943,3689 986,3688 1028,3686 1071,3686 1113,3686 1156,3685 1198,3683 1241,3683 1283,3683 1326,3680 1368,3680 1411,3674"/>
                <Word id="tr_1_tl_118_w1" custom="readingOrder {index:0;}">
                    <Coords points="550,3655 550,3715 751,3715 751,3655"/>
                    <TextEquiv>
                        <Unicode>Spannung,</Unicode>
                    </TextEquiv>
                </Word>
                <Word id="tr_1_tl_118_w2" custom="readingOrder {index:1;}">
                    <Coords points="797,3649 797,3709 883,3709 883,3649"/>
                    <TextEquiv>
                        <Unicode>nicht</Unicode>
                    </TextEquiv>
                </Word>
                <Word id="tr_1_tl_118_w3" custom="readingOrder {index:2;}">
                    <Coords points="914,3646 914,3706 1105,3706 1105,3646"/>
                    <TextEquiv>
                        <Unicode>Erfüllung,</Unicode>
                    </TextEquiv>
                </Word>
                <Word id="tr_1_tl_118_w4" custom="readingOrder {index:3;}">
                    <Coords points="1152,3643 1152,3703 1283,3703 1283,3643"/>
                    <TextEquiv>
                        <Unicode>sondern</Unicode>
                    </TextEquiv>
                </Word>
                <Word id="tr_1_tl_118_w5" custom="readingOrder {index:4;}">
                    <Coords points="1324,3640 1324,3700 1409,3700 1409,3640"/>
                    <TextEquiv>
                        <Unicode>Aus¬</Unicode>
                    </TextEquiv>
                </Word>
                <TextEquiv>
                    <Unicode>Spannung, nicht Erfüllung, sondern Aus¬</Unicode>
                </TextEquiv>
            </TextLine>
            <TextLine id="tr_1_tl_119" custom="readingOrder {index:118;}">
                <Coords points="552,3763 1356,3735 1324,3685 552,3704"/>
                <Baseline points="564,3740 603,3740 643,3740 683,3740 723,3738 763,3737 803,3735 842,3734 882,3733 922,3731 962,3731 1002,3731 1042,3731 1082,3729 1121,3728 1161,3728 1201,3728 1241,3727 1281,3725 1321,3725 1361,3728"/>
                <Word id="tr_1_tl_119_w1" custom="readingOrder {index:0;}">
                    <Coords points="551,3700 551,3760 675,3760 675,3700"/>
                    <TextEquiv>
                        <Unicode>füllung</Unicode>
                    </TextEquiv>
                </Word>
                <Word id="tr_1_tl_119_w2" custom="readingOrder {index:1;}">
                    <Coords points="700,3697 700,3757 803,3757 803,3697"/>
                    <TextEquiv>
                        <Unicode>suchen</Unicode>
                    </TextEquiv>
                </Word>
                <Word id="tr_1_tl_119_w3" custom="readingOrder {index:2;}">
                    <Coords points="839,3693 839,3753 898,3753 898,3693"/>
                    <TextEquiv>
                        <Unicode>wir</Unicode>
                    </TextEquiv>
                </Word>
                <Word id="tr_1_tl_119_w4" custom="readingOrder {index:3;}">
                    <Coords points="923,3691 923,3751 982,3751 982,3691"/>
                    <TextEquiv>
                        <Unicode>und</Unicode>
                    </TextEquiv>
                </Word>
                <Word id="tr_1_tl_119_w5" custom="readingOrder {index:4;}">
                    <Coords points="1013,3690 1013,3750 1092,3750 1092,3690"/>
                    <TextEquiv>
                        <Unicode>wird</Unicode>
                    </TextEquiv>
                </Word>
                <Word id="tr_1_tl_119_w6" custom="readingOrder {index:5;}">
                    <Coords points="1122,3688 1122,3748 1181,3748 1181,3688"/>
                    <TextEquiv>
                        <Unicode>uns</Unicode>
                    </TextEquiv>
                </Word>
                <Word id="tr_1_tl_119_w7" custom="readingOrder {index:6;}">
                    <Coords points="1206,3685 1206,3745 1354,3745 1354,3685"/>
                    <TextEquiv>
                        <Unicode>geboten.</Unicode>
                    </TextEquiv>
                </Word>
                <TextEquiv>
                    <Unicode>füllung suchen wir und wird uns geboten.</Unicode>
                </TextEquiv>
            </TextLine>
            <TextLine id="tr_1_tl_120" custom="readingOrder {index:119;}">
                <Coords points="593,3800 1411,3787 1413,3728 1311,3754 596,3752"/>
                <Baseline points="605,3787 645,3789 686,3790 726,3790 767,3789 808,3786 848,3784 889,3783 929,3781 970,3781 1011,3781 1051,3781 1092,3781 1132,3779 1173,3780 1214,3780 1254,3778 1295,3778 1335,3778 1376,3775 1417,3775"/>
                <Word id="tr_1_tl_120_w1" custom="readingOrder {index:0;}">
                    <Coords points="592,3747 592,3807 656,3807 656,3747"/>
                    <TextEquiv>
                        <Unicode>Wie</Unicode>
                    </TextEquiv>
                </Word>
                <Word id="tr_1_tl_120_w2" custom="readingOrder {index:1;}">
                    <Coords points="686,3750 686,3810 764,3810 764,3750"/>
                    <TextEquiv>
                        <Unicode>ganz</Unicode>
                    </TextEquiv>
                </Word>
                <Word id="tr_1_tl_120_w3" custom="readingOrder {index:2;}">
                    <Coords points="790,3743 790,3803 908,3803 908,3743"/>
                    <TextEquiv>
                        <Unicode>anders</Unicode>
                    </TextEquiv>
                </Word>
                <Word id="tr_1_tl_120_w4" custom="readingOrder {index:3;}">
                    <Coords points="943,3741 943,3801 1046,3801 1046,3741"/>
                    <TextEquiv>
                        <Unicode>waren</Unicode>
                    </TextEquiv>
                </Word>
                <Word id="tr_1_tl_120_w5" custom="readingOrder {index:4;}">
                    <Coords points="1081,3740 1081,3800 1288,3800 1288,3740"/>
                    <TextEquiv>
                        <Unicode>Atmosphäre</Unicode>
                    </TextEquiv>
                </Word>
                <Word id="tr_1_tl_120_w6" custom="readingOrder {index:5;}">
                    <Coords points="1343,3735 1343,3795 1402,3795 1402,3735"/>
                    <TextEquiv>
                        <Unicode>und</Unicode>
                    </TextEquiv>
                </Word>
                <TextEquiv>
                    <Unicode>Wie ganz anders waren Atmosphäre und</Unicode>
                </TextEquiv>
            </TextLine>
            <TextLine id="tr_1_tl_121" custom="readingOrder {index:120;}">
                <Coords points="546,3848 1413,3830 1413,3791 1369,3780 696,3815 546,3776"/>
                <Baseline points="558,3838 603,3835 648,3835 693,3835 738,3835 784,3830 829,3829 874,3829 919,3829 964,3826 1010,3826 1055,3826 1100,3823 1145,3823 1190,3823 1236,3823 1281,3823 1326,3820 1371,3817 1417,3817"/>
                <Word id="tr_1_tl_121_w1" custom="readingOrder {index:0;}">
                    <Coords points="551,3795 551,3855 686,3855 686,3795"/>
                    <TextEquiv>
                        <Unicode>Milieu,</Unicode>
                    </TextEquiv>
                </Word>
                <Word id="tr_1_tl_121_w2" custom="readingOrder {index:1;}">
                    <Coords points="712,3794 712,3854 771,3854 771,3794"/>
                    <TextEquiv>
                        <Unicode>aus</Unicode>
                    </TextEquiv>
                </Word>
                <Word id="tr_1_tl_121_w3" custom="readingOrder {index:2;}">
                    <Coords points="802,3789 802,3849 852,3849 852,3789"/>
                    <TextEquiv>
                        <Unicode>dem</Unicode>
                    </TextEquiv>
                </Word>
                <Word id="tr_1_tl_121_w4" custom="readingOrder {index:3;}">
                    <Coords points="903,3786 903,3846 1004,3846 1004,3786"/>
                    <TextEquiv>
                        <Unicode>Artur</Unicode>
                    </TextEquiv>
                </Word>
                <Word id="tr_1_tl_121_w5" custom="readingOrder {index:4;}">
                    <Coords points="1034,3783 1034,3843 1200,3843 1200,3783"/>
                    <TextEquiv>
                        <Unicode>Schnitzler</Unicode>
                    </TextEquiv>
                </Word>
                <Word id="tr_1_tl_121_w6" custom="readingOrder {index:5;}">
                    <Coords points="1231,3783 1231,3843 1316,3843 1316,3783"/>
                    <TextEquiv>
                        <Unicode>kam.</Unicode>
                    </TextEquiv>
                </Word>
                <Word id="tr_1_tl_121_w7" custom="readingOrder {index:6;}">
                    <Coords points="1361,3777 1361,3837 1406,3837 1406,3777"/>
                    <TextEquiv>
                        <Unicode>Er</Unicode>
                    </TextEquiv>
                </Word>
                <TextEquiv>
                    <Unicode>Milieu, aus dem Artur Schnitzler kam. Er</Unicode>
                </TextEquiv>
            </TextLine>
            <TextLine id="tr_1_tl_122" custom="readingOrder {index:121;}">
                <Coords points="543,3898 1380,3876 1413,3830 543,3848"/>
                <Baseline points="555,3880 598,3881 641,3880 684,3878 727,3879 770,3878 813,3876 856,3874 899,3873 942,3871 986,3871 1029,3871 1072,3870 1115,3868 1158,3868 1201,3868 1244,3868 1287,3868 1330,3865 1373,3865 1417,3859"/>
                <Word id="tr_1_tl_122_w1" custom="readingOrder {index:0;}">
                    <Coords points="547,3840 547,3900 611,3900 611,3840"/>
                    <TextEquiv>
                        <Unicode>und</Unicode>
                    </TextEquiv>
                </Word>
                <Word id="tr_1_tl_122_w2" custom="readingOrder {index:1;}">
                    <Coords points="641,3838 641,3898 720,3898 720,3838"/>
                    <TextEquiv>
                        <Unicode>seine</Unicode>
                    </TextEquiv>
                </Word>
                <Word id="tr_1_tl_122_w3" custom="readingOrder {index:2;}">
                    <Coords points="750,3835 750,3895 912,3895 912,3835"/>
                    <TextEquiv>
                        <Unicode>Freunde,</Unicode>
                    </TextEquiv>
                </Word>
                <Word id="tr_1_tl_122_w4" custom="readingOrder {index:3;}">
                    <Coords points="933,3831 933,3891 982,3891 982,3831"/>
                    <TextEquiv>
                        <Unicode>der</Unicode>
                    </TextEquiv>
                </Word>
                <Word id="tr_1_tl_122_w5" custom="readingOrder {index:4;}">
                    <Coords points="1012,3830 1012,3890 1061,3890 1061,3830"/>
                    <TextEquiv>
                        <Unicode>ihm</Unicode>
                    </TextEquiv>
                </Word>
                <Word id="tr_1_tl_122_w6" custom="readingOrder {index:5;}">
                    <Coords points="1106,3828 1106,3888 1130,3888 1130,3828"/>
                    <TextEquiv>
                        <Unicode>in</Unicode>
                    </TextEquiv>
                </Word>
                <Word id="tr_1_tl_122_w7" custom="readingOrder {index:6;}">
                    <Coords points="1160,3828 1160,3888 1214,3888 1214,3828"/>
                    <TextEquiv>
                        <Unicode>den</Unicode>
                    </TextEquiv>
                </Word>
                <Word id="tr_1_tl_122_w8" custom="readingOrder {index:7;}">
                    <Coords points="1244,3828 1244,3888 1308,3888 1308,3828"/>
                    <TextEquiv>
                        <Unicode>Tod</Unicode>
                    </TextEquiv>
                </Word>
                <Word id="tr_1_tl_122_w9" custom="readingOrder {index:8;}">
                    <Coords points="1338,3824 1338,3884 1411,3884 1411,3824"/>
                    <TextEquiv>
                        <Unicode>vor¬</Unicode>
                    </TextEquiv>
                </Word>
                <TextEquiv>
                    <Unicode>und seine Freunde, der ihm in den Tod vor¬</Unicode>
                </TextEquiv>
            </TextLine>
            <TextLine id="tr_1_tl_123" custom="readingOrder {index:122;}">
                <Coords points="543,3934 1411,3917 1411,3869 543,3893"/>
                <Baseline points="555,3925 598,3925 641,3923 684,3922 727,3922 770,3922 813,3920 856,3918 899,3916 942,3915 986,3913 1029,3913 1072,3913 1115,3912 1158,3910 1201,3910 1244,3910 1287,3913 1330,3913 1373,3910 1417,3907"/>
                <Word id="tr_1_tl_123_w1" custom="readingOrder {index:0;}">
                    <Coords points="547,3882 547,3942 774,3942 774,3882"/>
                    <TextEquiv>
                        <Unicode>angegangene</Unicode>
                    </TextEquiv>
                </Word>
                <Word id="tr_1_tl_123_w2" custom="readingOrder {index:1;}">
                    <Coords points="804,3878 804,3938 892,3938 892,3878"/>
                    <TextEquiv>
                        <Unicode>Hrgo</Unicode>
                    </TextEquiv>
                </Word>
                <Word id="tr_1_tl_123_w3" custom="readingOrder {index:2;}">
                    <Coords points="941,3873 941,3933 1000,3933 1000,3873"/>
                    <TextEquiv>
                        <Unicode>von</Unicode>
                    </TextEquiv>
                </Word>
                <Word id="tr_1_tl_123_w4" custom="readingOrder {index:3;}">
                    <Coords points="1040,3870 1040,3930 1296,3930 1296,3870"/>
                    <TextEquiv>
                        <Unicode>Hofmannsthal</Unicode>
                    </TextEquiv>
                </Word>
                <Word id="tr_1_tl_123_w5" custom="readingOrder {index:4;}">
                    <Coords points="1346,3869 1346,3929 1405,3929 1405,3869"/>
                    <TextEquiv>
                        <Unicode>und</Unicode>
                    </TextEquiv>
                </Word>
                <TextEquiv>
                    <Unicode>angegangene Hrgo von Hofmannsthal und</Unicode>
                </TextEquiv>
            </TextLine>
            <TextLine id="tr_1_tl_124" custom="readingOrder {index:123;}">
                <Coords points="543,3984 1406,3967 1406,3919 1354,3915 543,3937"/>
                <Baseline points="555,3969 597,3969 640,3969 683,3967 726,3964 769,3963 811,3963 854,3961 897,3958 940,3957 983,3957 1025,3957 1068,3956 1111,3955 1154,3955 1197,3955 1239,3955 1282,3952 1325,3955 1368,3952 1411,3952"/>
                <Word id="tr_1_tl_124_w1" custom="readingOrder {index:0;}">
                    <Coords points="547,3927 547,3987 815,3987 815,3927"/>
                    <TextEquiv>
                        <Unicode>Beer-Hofmann</Unicode>
                    </TextEquiv>
                </Word>
                <Word id="tr_1_tl_124_w2" custom="readingOrder {index:1;}">
                    <Coords points="859,3917 859,3977 1074,3977 1074,3917"/>
                    <TextEquiv>
                        <Unicode>entstammten</Unicode>
                    </TextEquiv>
                </Word>
                <Word id="tr_1_tl_124_w3" custom="readingOrder {index:2;}">
                    <Coords points="1118,3913 1118,3973 1410,3973 1410,3913"/>
                    <TextEquiv>
                        <Unicode>hochkultivierten,</Unicode>
                    </TextEquiv>
                </Word>
                <TextEquiv>
                    <Unicode>Beer-Hofmann entstammten hochkultivierten,</Unicode>
                </TextEquiv>
            </TextLine>
            <TextLine id="tr_1_tl_125" custom="readingOrder {index:124;}">
                <Coords points="550,4024 1365,4011 1409,4004 1411,3965 550,3980"/>
                <Baseline points="561,4011 603,4014 646,4011 688,4011 731,4011 774,4007 816,4005 859,4005 902,4003 944,4002 987,4001 1030,3999 1072,3999 1115,3998 1158,3996 1200,3996 1243,3996 1286,3996 1328,3996 1371,3996 1414,3993"/>
                <Word id="tr_1_tl_125_w1" custom="readingOrder {index:0;}">
                    <Coords points="550,3973 550,4033 658,4033 658,3973"/>
                    <TextEquiv>
                        <Unicode>geistig</Unicode>
                    </TextEquiv>
                </Word>
                <Word id="tr_1_tl_125_w2" custom="readingOrder {index:1;}">
                    <Coords points="684,3967 684,4027 855,4027 855,3967"/>
                    <TextEquiv>
                        <Unicode>ungemel;</Unicode>
                    </TextEquiv>
                </Word>
                <Word id="tr_1_tl_125_w3" custom="readingOrder {index:2;}">
                    <Coords points="876,3961 876,4021 1031,4021 1031,3961"/>
                    <TextEquiv>
                        <Unicode>regsamen</Unicode>
                    </TextEquiv>
                </Word>
                <Word id="tr_1_tl_125_w4" custom="readingOrder {index:3;}">
                    <Coords points="1063,3956 1063,4016 1404,4016 1404,3956"/>
                    <TextEquiv>
                        <Unicode>jübisch-wienerischen</Unicode>
                    </TextEquiv>
                </Word>
                <TextEquiv>
                    <Unicode>geistig ungemel; regsamen jübisch-wienerischen</Unicode>
                </TextEquiv>
            </TextLine>
            <TextLine id="tr_1_tl_126" custom="readingOrder {index:125;}">
                <Coords points="550,4065 1396,4050 1398,4002 552,4026"/>
                <Baseline points="561,4053 603,4056 645,4056 687,4053 729,4050 771,4050 813,4047 855,4047 897,4047 939,4045 981,4044 1023,4044 1065,4043 1107,4041 1149,4041 1191,4040 1233,4039 1275,4041 1317,4038 1359,4038 1402,4038"/>
                <Word id="tr_1_tl_126_w1" custom="readingOrder {index:0;}">
                    <Coords points="550,4012 550,4072 845,4072 845,4012"/>
                    <TextEquiv>
                        <Unicode>Bürgerfamilien,</Unicode>
                    </TextEquiv>
                </Word>
                <Word id="tr_1_tl_126_w2" custom="readingOrder {index:1;}">
                    <Coords points="872,4005 872,4065 1006,4065 1006,4005"/>
                    <TextEquiv>
                        <Unicode>wuchsen</Unicode>
                    </TextEquiv>
                </Word>
                <Word id="tr_1_tl_126_w3" custom="readingOrder {index:2;}">
                    <Coords points="1043,4003 1043,4063 1068,4063 1068,4003"/>
                    <TextEquiv>
                        <Unicode>in</Unicode>
                    </TextEquiv>
                </Word>
                <Word id="tr_1_tl_126_w4" custom="readingOrder {index:3;}">
                    <Coords points="1105,4000 1105,4060 1194,4060 1194,4000"/>
                    <TextEquiv>
                        <Unicode>einer</Unicode>
                    </TextEquiv>
                </Word>
                <Word id="tr_1_tl_126_w5" custom="readingOrder {index:4;}">
                    <Coords points="1231,3998 1231,4058 1391,4058 1391,3998"/>
                    <TextEquiv>
                        <Unicode>Behaglich</Unicode>
                    </TextEquiv>
                </Word>
                <TextEquiv>
                    <Unicode>Bürgerfamilien, wuchsen in einer Behaglich</Unicode>
                </TextEquiv>
            </TextLine>
            <TextLine id="tr_1_tl_127" custom="readingOrder {index:126;}">
                <Coords points="552,4106 1411,4095 1411,4048 1378,4045 1315,4069 1100,4041 856,4074 554,4065"/>
                <Baseline points="564,4104 606,4101 649,4101 691,4099 734,4096 776,4095 819,4093 861,4092 904,4090 946,4089 989,4089 1031,4089 1074,4088 1116,4086 1159,4086 1201,4085 1244,4083 1286,4086 1329,4089 1371,4083 1414,4083"/>
                <Word id="tr_1_tl_127_w1" custom="readingOrder {index:0;}">
                    <Coords points="557,4062 557,4122 618,4122 618,4062"/>
                    <TextEquiv>
                        <Unicode>keit</Unicode>
                    </TextEquiv>
                </Word>
                <Word id="tr_1_tl_127_w2" custom="readingOrder {index:1;}">
                    <Coords points="639,4060 639,4120 701,4120 701,4060"/>
                    <TextEquiv>
                        <Unicode>und</Unicode>
                    </TextEquiv>
                </Word>
                <Word id="tr_1_tl_127_w3" custom="readingOrder {index:2;}">
                    <Coords points="733,4055 733,4115 819,4115 819,4055"/>
                    <TextEquiv>
                        <Unicode>einem</Unicode>
                    </TextEquiv>
                </Word>
                <Word id="tr_1_tl_127_w4" custom="readingOrder {index:3;}">
                    <Coords points="862,4049 862,4109 1001,4109 1001,4049"/>
                    <TextEquiv>
                        <Unicode>geistigen</Unicode>
                    </TextEquiv>
                </Word>
                <Word id="tr_1_tl_127_w5" custom="readingOrder {index:4;}">
                    <Coords points="1038,4046 1038,4106 1187,4106 1187,4046"/>
                    <TextEquiv>
                        <Unicode>Konfort</Unicode>
                    </TextEquiv>
                </Word>
                <Word id="tr_1_tl_127_w6" custom="readingOrder {index:5;}">
                    <Coords points="1234,4044 1234,4104 1306,4104 1306,4044"/>
                    <TextEquiv>
                        <Unicode>auf,</Unicode>
                    </TextEquiv>
                </Word>
                <Word id="tr_1_tl_127_w7" custom="readingOrder {index:6;}">
                    <Coords points="1348,4043 1348,4103 1404,4103 1404,4043"/>
                    <TextEquiv>
                        <Unicode>von</Unicode>
                    </TextEquiv>
                </Word>
                <TextEquiv>
                    <Unicode>keit und einem geistigen Konfort auf, von</Unicode>
                </TextEquiv>
            </TextLine>
            <TextLine id="tr_1_tl_128" custom="readingOrder {index:127;}">
                <Coords points="546,4178 741,4154 922,4191 989,4156 1115,4171 1152,4137 1413,4156 1415,4100 546,4104"/>
                <Baseline points="558,4152 603,4147 648,4148 693,4147 738,4146 784,4143 829,4140 874,4137 919,4137 964,4134 1010,4134 1055,4134 1100,4134 1145,4134 1190,4131 1236,4131 1281,4128 1326,4128 1371,4131 1417,4134"/>
                <Word id="tr_1_tl_128_w1" custom="readingOrder {index:0;}">
                    <Coords points="553,4109 553,4169 610,4169 610,4109"/>
                    <TextEquiv>
                        <Unicode>dem</Unicode>
                    </TextEquiv>
                </Word>
                <Word id="tr_1_tl_128_w2" custom="readingOrder {index:1;}">
                    <Coords points="651,4106 651,4166 755,4166 755,4106"/>
                    <TextEquiv>
                        <Unicode>unsere</Unicode>
                    </TextEquiv>
                </Word>
                <Word id="tr_1_tl_128_w3" custom="readingOrder {index:2;}">
                    <Coords points="779,4098 779,4158 912,4158 912,4098"/>
                    <TextEquiv>
                        <Unicode>Jugend</Unicode>
                    </TextEquiv>
                </Word>
                <Word id="tr_1_tl_128_w4" custom="readingOrder {index:3;}">
                    <Coords points="953,4094 953,4154 1017,4154 1017,4094"/>
                    <TextEquiv>
                        <Unicode>gar</Unicode>
                    </TextEquiv>
                </Word>
                <Word id="tr_1_tl_128_w5" custom="readingOrder {index:4;}">
                    <Coords points="1041,4094 1041,4154 1139,4154 1139,4094"/>
                    <TextEquiv>
                        <Unicode>nichts</Unicode>
                    </TextEquiv>
                </Word>
                <Word id="tr_1_tl_128_w6" custom="readingOrder {index:5;}">
                    <Coords points="1186,4091 1186,4151 1272,4151 1272,4091"/>
                    <TextEquiv>
                        <Unicode>mehr</Unicode>
                    </TextEquiv>
                </Word>
                <Word id="tr_1_tl_128_w7" custom="readingOrder {index:6;}">
                    <Coords points="1320,4090 1320,4150 1417,4150 1417,4090"/>
                    <TextEquiv>
                        <Unicode>weiß.</Unicode>
                    </TextEquiv>
                </Word>
                <TextEquiv>
                    <Unicode>dem unsere Jugend gar nichts mehr weiß.</Unicode>
                </TextEquiv>
            </TextLine>
            <TextEquiv>
                <Unicode></Unicode>
            </TextEquiv>
        </TextRegion>
    </Page>
</PcGts>
