3392 4320
136 279 259 339 12.

311 282 904 342 Schuitzler's
974 277 1215 337 Deatl

545 513 790 573 NYSUN

733 634 765 694 33

212 745 525 805 SCHNITZLER
582 745 622 805 IS
679 742 863 802 BURIED

206 834 458 894 Playwright
496 833 579 893 Laid
627 832 663 892 to
711 834 800 894 Rest
837 833 868 893 in

356 880 541 940 Pauper's
573 882 723 942 Coffin.

235 963 415 1023 VIENNA,
432 965 508 1025 Oct.
526 963 554 1023 23
584 963 638 1023 (A.
660 963 879 1023 P.).—Arthur

196 1010 396 1070 Schnitzler,
413 1010 558 1070 Austrian
588 1007 792 1067 playwright,
809 1009 871 1069 who

202 1053 266 1113 died
297 1055 332 1115 on
366 1055 584 1115 Wednesday,
607 1055 672 1115 was
699 1055 806 1115 buried
841 1055 882 1115 to-

202 1100 258 1160 day
285 1100 312 1160 in
339 1103 350 1163 a
381 1103 529 1163 pauper's
556 1103 651 1163 coffin
678 1103 738 1163 like
766 1103 776 1163 a
804 1103 872 1163 man

202 1146 340 1206 without
367 1148 377 1208 a
412 1146 535 1206 friend.

228 1186 253 1246 It
288 1184 351 1244 was
390 1184 424 1244 at
460 1184 509 1244 his
548 1184 611 1244 own
656 1184 804 1244 request,
836 1185 888 1245 ex¬

201 1221 326 1281 pressed
351 1219 375 1279 in
404 1219 414 1279 a
444 1222 557 1282 codicil
576 1219 604 1279 to
632 1219 643 1279 a
672 1219 735 1279 will
754 1222 874 1282 written

201 1256 318 1316 twenty
347 1258 439 1318 years
465 1258 543 1318 ago,
564 1258 717 1318 directing
746 1258 817 1318 that
842 1258 877 1318 no

197 1295 255 1355 one
283 1295 365 1355 wear
390 1294 555 1354 mourning
582 1297 637 1357 and
665 1296 737 1356 that
761 1294 809 1354 the
837 1294 884 1354 fu¬

202 1333 293 1393 neral
316 1333 348 1393 be
375 1333 408 1393 of
434 1333 485 1393 the
515 1332 607 1392 “very
637 1334 714 1394 last"
748 1333 780 1393 or
807 1333 884 1393 pau¬

201 1372 258 1432 per
283 1369 386 1429 class.

344 1640 668 1700 BROOKLYN
705 1660 942 1720 EAGLE.

574 1825 635 1885 20
691 1834 938 1894 OCTBR.

309 2070 606 2130 Schnitzler
638 2076 826 2136 Buried

411 2142 450 2202 In
499 2148 753 2208 Pauper's
786 2148 936 2208 Coffin

347 2195 482 2255 Vienna,
521 2197 593 2257 Oct.
632 2199 665 2259 23
704 2202 761 2262 (P)
781 2200 790 2260 —
839 2202 954 2262 Arthur

306 2240 501 2300 Schnitzler,
524 2243 612 2303 noted
661 2246 848 2306 dramatist,
889 2249 950 2309 who

310 2286 371 2346 died
401 2285 434 2345 on
468 2288 680 2348 Wednesday,
695 2291 752 2351 was
776 2294 878 2354 buried
907 2294 954 2354 to¬

305 2333 361 2393 day
387 2333 412 2393 in
439 2336 452 2396 a
478 2335 620 2395 pauper's
642 2336 732 2396 coffin
763 2339 818 2399 like
840 2339 853 2399 a
879 2342 943 2402 man

310 2378 439 2438 without
461 2379 469 2439 »
491 2381 611 2441 friend.
641 2381 671 2441 It
693 2381 748 2441 was
770 2384 800 2444 at
817 2384 865 2444 his
882 2384 942 2444 own

310 2423 430 2483 request
459 2426 617 2486 expressed
647 2427 670 2487 in
705 2428 719 2488 a
743 2428 858 2488 codicil
878 2431 906 2491 to
936 2431 945 2491 a

308 2467 371 2527 will
394 2470 509 2530 written
541 2470 568 2530 20
596 2473 682 2533 years
706 2474 778 2534 ago.

348 2515 405 2575 The
444 2518 612 2578 dramatist
646 2520 708 2580 also
747 2521 877 2581 directed
916 2522 944 2582 in

301 2558 353 2618 his
382 2560 443 2620 will
473 2561 544 2621 that
578 2563 591 2623 a
631 2566 735 2626 needle
774 2565 807 2625 be
841 2569 950 2629 thrust

307 2605 437 2665 through
475 2607 522 2667 his
546 2607 639 2667 heart
663 2608 765 2668 before
795 2613 897 2673 burial
921 2617 948 2677 to

310 2643 432 2703 remove
458 2645 514 2705 any
540 2645 629 2705 doubt
655 2646 687 2706 of
704 2649 753 2709 his
770 2649 884 2709 deati.

648 2830 974 2890 ERVER

264 2845 427 2905 OS

352 2899 373 2959 I.
391 2897 511 2957 österr.
525 2896 671 2956 behördl.
689 2890 987 2950 konzessioniertes

306 2942 546 3002 Unternehmen
577 2936 624 2996 für
650 2932 1033 2992 Zeitungs-Ausschnitte

363 2996 508 3056 WIEN,
535 2998 581 3058 I.,
608 2996 892 3056 WOLLZEILE
939 2993 985 3053 11

462 3048 675 3108 TELEPHON
713 3045 884 3105 R-23-0-43

260 3196 487 3256 Ausschnitt
517 3193 605 3253 aus:

626 3365 726 3425 23.
747 3358 877 3418 OKT.
899 3349 999 3409 1937

269 3423 381 3483 vom:

263 3500 449 3560 Schnitz'ers
475 3497 700 3557 Beerdigung.
740 3491 887 3551 Wien.
920 3488 991 3548 Die
1011 3485 1139 3545 irdische

219 3542 309 3602 Hülle
331 3542 453 3602 Aktyur
480 3540 666 3600 Schnitzlers
687 3539 761 3599 wird
789 3536 916 3596 Freitag
938 3533 974 3593 um
1012 3533 1081 3593 halb
1103 3531 1134 3591 12

221 3588 281 3648 Uhr
305 3587 477 3647 vormittag
501 3585 556 3645 vom
594 3584 804 3644 Trauerhaus
823 3580 850 3640 in
874 3578 925 3638 der
944 3576 1140 3636 Sternwar¬

219 3632 374 3692 tenstraße
400 3631 457 3691 auf
473 3629 524 3689 den
550 3627 824 3687 Zentralfriedhof
841 3623 985 3683 gebracht
1006 3621 1063 3681 und
1089 3619 1140 3679 auf

222 3676 268 3736 der
299 3676 515 3736 israelitischen
553 3671 722 3731 Abteilung
759 3670 924 3730 beigesetzt.
945 3665 1012 3725 Der
1044 3664 1131 3724 Sohn

223 3719 409 3779 Schnitzlers
450 3718 523 3778 teilt
565 3716 616 3776 die
663 3715 808 3775 folgende
845 3712 1145 3772 letztwillige

219 3763 500 3823 Verfügung
527 3760 606 3820 mit,
633 3759 680 3819 die
718 3756 765 3816 sich
808 3755 834 3815 im
877 3755 1010 3815 Nachlaß
1042 3754 1142 3814 seines

222 3808 340 3868 Vaters
377 3805 532 3865 gefunden
574 3804 645 3864 hat.
671 3802 733 3862 Sie
770 3801 831 3861 sind
869 3801 909 3861 am
961 3799 1018 3859 29.
1044 3796 1147 3856 April

216 3855 295 3915 1912
352 3850 651 3910 niedergeschrieben
708 3847 834 3907 worden
891 3847 951 3907 und
1004 3842 1148 3902 lauten:

234 3895 409 3955 Herzstich,
436 3894 534 3954 Keine
560 3891 715 3951 Kränze!
741 3890 839 3950 Keine
866 3888 984 3948 Parte,
1011 3886 1078 3946 auch
1114 3885 1140 3945 in

217 3939 266 3999 der
295 3939 433 3999 Zeitung
467 3936 561 3996 nicht.
584 3936 766 3996 Begräbnis
795 3933 894 3993 letzter
928 3931 1044 3991 Klasse.
1067 3930 1139 3990 Das

217 3982 301 4042 durch
344 3983 391 4043 die
429 3981 608 4041 Befolgung
657 3979 757 4039 dieser
790 3977 1054 4037 Bestimmungen
1092 3973 1144 4033 er¬

221 4027 347 4087 übrigte
369 4026 442 4086 Geld
475 4026 506 4086 ist
528 4025 765 4085 Spitalzwecken
798 4023 1025 4083 zuzuwenden.
1041 4020 1141 4080 Keine

226 4071 354 4131 Reden!
386 4069 619 4129 (Vermeidung
655 4068 733 4128 allen
770 4067 914 4127 rituellen
951 4065 1147 4125 Beiwerkes,

219 4115 446 4175 insbesondere
478 4112 737 4172 Leichenwächter
769 4112 875 4172 usw.).
896 4109 970 4169 Kein
1003 4109 1144 4169 Trauer¬

455 4161 577 4221 minen
608 4164 645 4224 a
837 4158 867 4218 e
883 4152 912 4212 ue

1427 267 1558 327 box
1636 267 1867 327 43/25

1194 1449 1911 1509 OBSERVER

1283 1505 1304 1565 I.
1317 1503 1439 1563 österr.
1452 1503 1604 1563 behördl.
1613 1503 1917 1563 konzessioniertes

1233 1545 1470 1605 Unternehmen
1500 1544 1545 1604 für
1575 1542 1959 1602 Zeitungs-Ausschnitte

1295 1602 1431 1662 WIEN,
1464 1605 1510 1665 I.,
1537 1605 1818 1665 WOLLZEILE
1864 1606 1909 1666 11

1382 1652 1601 1712 TELEPHON
1637 1653 1810 1713 F.-23-0-43

1190 1796 1411 1856 Ausschnitt
1434 1797 1525 1857 aus:

1495 1888 1798 1948 Kronenzeitung,
1815 1873 1893 1933 Wien

1186 2021 1299 2081 vom:

1482 2040 1500 2100 2
1531 2037 1579 2097 4.
1599 2031 1717 2091 OKT.
1747 2020 1834 2080 1937

1265 2169 1385 2229 Artur
1427 2163 1649 2223 Schnitzlers
1701 2157 1973 2217 Leichenfeier.

1259 2219 1379 2279 Gestern
1409 2216 1533 2276 mittags
1559 2214 1593 2274 um
1636 2212 1701 2272 halb
1727 2208 1756 2268 12
1787 2208 1842 2268 Uhr
1869 2207 1967 2267 wurde
1997 2205 2039 2265 der

1184 2257 1267 2317 Sarg
1303 2257 1360 2317 mit
1387 2253 1434 2313 der
1470 2251 1602 2311 irdischen
1638 2248 1725 2308 Hülle
1757 2245 1805 2305 des
1841 2242 2034 2302 verblichenen

1189 2295 1313 2355 Dichters
1339 2293 1433 2353 Artur
1460 2290 1614 2350 Schnitzler
1640 2288 1691 2348 aus
1718 2285 1764 2345 dem
1803 2279 2039 2339 Sterbezimmer

1185 2333 1210 2393 in
1241 2333 1335 2393 seinem
1378 2330 1447 2390 Heim
1490 2328 1515 2388 in
1546 2326 1593 2386 der
1620 2324 1911 2384 Sternwartestraße
1938 2320 1984 2380 71,
2006 2318 2040 2378 an

1189 2375 1266 2435 einem
1309 2369 1416 2429 starken
1446 2368 1574 2428 Spalier
1601 2363 1652 2423 von
1687 2362 1901 2422 Trauergästen
1935 2357 2051 2417 vorbei,

1191 2411 1213 2471 in
1244 2411 1297 2471 das
1328 2405 1519 2465 Leichenauto
1546 2402 1669 2462 gehoben
1705 2402 1758 2462 und
1790 2399 1833 2459 die
1861 2396 1953 2456 Fahrt
1980 2395 2033 2455 zum

1190 2446 1440 2506 Zentralfriedhof
1463 2440 1655 2500 angetreten.
1673 2438 1736 2498 Der
1760 2436 1892 2496 Kondurt
1910 2431 2070 2491 passierte,

1195 2487 1212 2547 in
1251 2486 1486 2546 verlangsamtem
1534 2479 1641 2539 Tempo
1671 2476 1723 2536 das
1757 2473 1959 2533 Burgtheater
1989 2469 2044 2529 und

1195 2525 1270 2585 setzte
1305 2524 1410 2584 sodann
1450 2519 1529 2579 seine
1565 2517 1661 2577 Fahrt
1692 2514 1767 2574 über
1802 2511 1850 2571 den
1890 2509 2044 2569 Rennweg

1190 2563 1244 2623 zum
1285 2558 1539 2618 Zentralfriedhof
1567 2554 1639 2614 fort.
1658 2554 1698 2614 Im
1735 2551 1848 2611 Vorhof
1876 2550 1920 2610 des
1948 2546 2052 2606 Fried¬

1195 2603 1270 2663 hofes
1310 2599 1385 2659 hatte
1420 2594 1469 2654 sich
1504 2594 1566 2654 eine
1602 2592 1738 2652 stattliche
1774 2587 2047 2647 Trauergemeinde

1191 2637 1407 2697 eingefunden.
1438 2634 1508 2694 Man
1546 2631 1592 2691 sah
1630 2630 1675 2690 den
1713 2625 2047 2685 Generalintendanten

1195 2673 1529 2733 Schaeiderhan,
1559 2670 1610 2730 vom
1658 2661 2035 2721 Unterrichtsministerium

1195 2715 1359 2775 Ministerio
1377 2709 1428 2769 rat
1476 2706 1657 2766 Wisoko,
1723 2703 1774 2763 den
1835 2698 2055 2758 Landesamts¬

1197 2754 1320 2814 direktor
1347 2751 1391 2811 Dr
1427 2746 1572 2806 Hartl,
1595 2744 1740 2804 Stadtrat
1767 2741 1912 2801 Professor
1943 2734 2053 2794 Doktor

1195 2790 1306 2850 Tand
1341 2788 1384 2848 er
1457 2787 1504 2847 die
1535 2781 1908 2841 Universitätsprofessoren
1948 2773 2054 2833 Doktor

1197 2829 1334 2889 Hupka
1373 2824 1428 2884 und
1458 2823 1522 2883 Dr.
1544 2822 1694 2882 Hofer,
1737 2817 1951 2877 Herausgeber
2003 2811 2054 2871 der

1200 2867 1313 2927 „Neuen
1350 2862 1449 2922 Freien
1485 2860 1607 2920 Presse“
1640 2854 1698 2914 Dr.
1722 2853 1812 2913 Ernst
1839 2849 2061 2909 Benedikt,

1196 2904 1239 2964 die
1270 2905 1380 2965 Spitzen
1416 2901 1459 2961 des
1490 2899 1609 2959 Journe
1631 2896 1719 2956 isten=
1746 2894 1802 2954 und
1834 2888 2057 2948 Schriftsteller¬

1195 2944 1327 3004 vereines
1383 2938 1678 2998 „Concordi.l,
1742 2932 1791 2992 vom
1854 2927 2058 2987 Burgtheater

1202 2982 1311 3042 Hofrat
1343 2979 1540 3039 Reimers
1585 2975 1646 3035 Dr.
1669 2970 1884 3030 Herterich
1924 2966 1977 3026 und
2012 2966 2056 3026 die

1202 3020 1405 3080 Schauspieler
1433 3016 1587 3076 Aslan,
1623 3012 1831 3072 Paulsen,
1868 3005 2062 3065 Waldan,

1202 3061 1285 3121 Hans
1312 3058 1497 3118 Thimig,
1515 3053 1554 3113 die
1585 3049 1881 3109 Schauspielerinnen
1912 3043 2061 3103 Blecb¬

1197 3098 1311 3158 treu,
1336 3096 1523 3156 Geßner,
1547 3091 1623 3151 Alire
1653 3088 1825 3148 Hetsey,
1864 3080 2050 3140 Wesselz

1201 3137 1275 3197 Auch
1302 3136 1350 3196 alle
1377 3136 1496 3196 übrigen
1524 3130 1652 3190 Theater
1670 3127 1753 3187 sowie
1780 3126 1819 3186 die
1842 3119 2063 3179 Schriftsteller¬

1204 3178 1260 3238 und
1285 3174 1462 3234 Aerztewelt
1487 3170 1587 3230 Wiens
1613 3168 1705 3228 waren
1738 3163 1810 3223 stark
1831 3160 1992 3220 vertreten.

1284 3212 1344 3272 Dem
1392 3209 1481 3269 letzten
1521 3208 1641 3268 Wunsch
1676 3205 1722 3265 des
1758 3202 1963 3262 Verblichenen
2003 3195 2067 3255 ent¬

1208 3252 1371 3312 sprechend,
1392 3250 1521 3310 bewegte
1547 3246 1594 3306 sich
1624 3244 1671 3304 der
1702 3243 1877 3303 Leichenzug
1908 3238 1976 3298 ohne
2007 3234 2066 3294 jed¬

1201 3292 1296 3352 wedes
1330 3288 1488 3348 Gepränge
1522 3286 1550 3346 zu
1584 3283 1634 3343 dem
1680 3279 1913 3339 nahegelegenen
1947 3273 2067 3333 Ehren¬

1212 3331 1295 3391 grab.
1340 3326 1401 3386 Der
1451 3324 1534 3384 Sarg
1587 3319 1644 3379 mit
1693 3318 1741 3378 der
1790 3315 1922 3375 irdischen
1976 3311 2063 3371 Hülle

1207 3368 1306 3428 wurde
1340 3366 1360 3426 in
1390 3364 1439 3424 das
1469 3363 1552 3423 Grab
1582 3359 1693 3419 gesenkt
1723 3357 1776 3417 und
1807 3355 1848 3415 die
1873 3354 1960 3414 ersten
1994 3350 2068 3410 Erd¬

1213 3408 1322 3468 schollen
1357 3405 1440 3465 fielen
1480 3402 1504 3462 in
1540 3399 1579 3459 die
1609 3399 1707 3459 Tiefe.

1284 3477 1346 3537 Der
1375 3476 1600 3536 Journalisten=
1648 3471 1705 3531 und
1754 3467 2060 3527 Schriftstellerverein

1215 3518 1491 3578 „Concordia“
1523 3512 1595 3572 hielt
1623 3509 1731 3569 gestern
1772 3507 1799 3567 zu
1840 3504 1930 3564 Ehren
1971 3503 2066 3563 seines

1209 3558 1410 3618 verstorbenen
1444 3551 1718 3611 Ehrenmitgliedes
1767 3545 1863 3605 Artur
1911 3542 2069 3602 Schuitzler

1220 3599 1281 3659 eine
1312 3596 1535 3656 Trauersitzung
1567 3592 1612 3652 ab.

2206 133 2226 193 I.
2238 133 2361 193 österr.
2373 136 2520 196 behördl.
2537 133 2835 193 konzessioniertes

2165 174 2395 234 Unternehmen
2428 174 2472 234 für
2497 172 2881 232 Zeitungs-Ausschnitte

2217 232 2359 292 WIEN,
2391 234 2434 294 I.,
2466 233 2745 293 WOLLZEILE
2795 233 2832 293 11

2309 282 2530 342 TELEPHON
2563 282 2732 342 R-23-0-43

2106 422 2330 482 Ausschnitt
2356 420 2448 480 aus:

2371 488 2566 548 Houigkeits
2591 491 2787 551 Weltblatt,
2796 496 2908 556 Wies.

2439 593 2694 653 PT.
2711 575 2782 635 192

2109 626 2179 686 ..—

2438 725 2547 785 Vom
2636 729 2833 789 Tuge.

2224 828 2381 888 Stilles
2417 829 2688 889 Begräbnis
2724 828 2793 888 des
2829 831 3030 891 Dichters

2397 905 2572 965 Arthur
2609 906 2876 966 Schnitzler.

2187 966 2296 1026 Heute
2352 968 2473 1028 mittag
2518 969 2657 1029 wurde,
2690 969 2767 1029 nach
2812 969 2922 1029 seinen
2967 969 3104 1029 eigenen

2147 1013 2303 1073 Wunsch,
2352 1013 2416 1073 auf
2471 1014 2524 1074 die
2579 1016 2757 1076 einfachste
2812 1016 2925 1076 Weise
2980 1016 3114 1076 Arthur

2142 1062 2405 1122 Schnitzler
2443 1062 2475 1122 zu
2512 1061 2628 1121 Grabe
2665 1065 2845 1125 getragen.
2872 1066 2914 1126 Im
2967 1063 3120 1123 Trauer¬

2149 1109 2265 1169 hause,
2286 1112 2624 1172 Sternwartestraße
2657 1113 2715 1173 71,
2736 1112 2847 1172 hatten
2879 1112 2931 1172 sich
2969 1112 3032 1172 nur
3064 1112 3111 1172 die

2146 1157 2290 1217 nächsten
2321 1160 2480 1220 Freunde
2507 1158 2563 1218 des
2589 1160 2836 1220 Verstorbenen
2868 1160 3120 1220 eingefunden,

2146 1201 2230 1261 aiele
2262 1207 2441 1267 Vertreter
2473 1206 2526 1266 des
2558 1207 2837 1267 österreichischen
2875 1207 3117 1267 Schrifttums,

2148 1251 2314 1311 darunter
2342 1254 2428 1314 Karl
2450 1255 2741 1315 Schönherr,
2758 1255 2957 1315 Werfel,
2979 1254 3114 1314 Beer¬

2147 1301 2406 1361 Hofmann,
2451 1303 2545 1363 Felix
2595 1303 2800 1363 Salten,
2845 1303 2961 1363 ferner
3011 1304 3110 1364 Hugo

2147 1348 2355 1408 Thimig,
2390 1350 2564 1410 Heine,
2599 1351 2689 1411 dann
2735 1349 2796 1409 der
2825 1350 3012 1410 Präsident
3052 1349 3113 1409 der

2148 1399 2429 1459 Aerztekammer
2457 1399 2586 1459 Hofrat
2602 1399 2673 1459 Dr.
2689 1400 2905 1460 Thenen,
2922 1399 3116 1459 Prorektor

2152 1444 2424 1504 Gleispach,
2465 1446 2598 1506 Hofrat
2621 1446 2987 1506 Frankfurter,
3028 1445 3120 1505 Pro¬

2150 1491 2247 1551 fessor
2292 1494 2359 1554 Dr.
2396 1495 2494 1555 Paul
2538 1497 2859 1557 Weingarten
2909 1496 2976 1556 und
3026 1496 3111 1556 viele

2144 1540 2295 1600 andere.

2197 1588 2258 1648 Der
2310 1590 2456 1650 einfache
2485 1591 2666 1651 Holzsarg,
2707 1590 2848 1650 bedeckt
2894 1589 2960 1649 mit
3007 1590 3097 1650 einem

2152 1635 2328 1695 schwarzen
2363 1637 2550 1697 Bahrtuch,
2573 1637 2661 1697 stand
2695 1637 2722 1697 im
2767 1637 3027 1697 Schlafzimmer
3060 1636 3110 1696 des

2152 1685 2411 1745 Verblichenen.
2456 1683 2528 1743 Auf
2578 1685 2627 1745 ihm
2701 1685 2794 1745 lagen
2856 1686 2944 1746 zwei
2973 1686 3121 1746 Kränze.

2152 1732 2250 1792 Einer
2290 1733 2395 1793 davon
2440 1731 2506 1791 mit
2540 1730 2729 1790 rotweißer
2762 1733 2912 1793 Schleife
2946 1733 3023 1793 trug
3062 1733 3117 1793 die

2156 1778 2353 1838 Aufschrift:
2384 1781 2535 1841 „Seinem
2596 1781 2722 1841 großen
2765 1781 2897 1841 Dichter
2940 1781 3018 1841 1895
3061 1781 3108 1841 bis

2152 1825 2224 1885 1931
2259 1827 2315 1887 das
2349 1825 2530 1885 darkbare
2559 1828 2812 1888 Burgtheater“

2197 1874 2260 1934 Der
2289 1873 2381 1933 Sarg
2417 1876 2532 1936 wurde
2562 1876 2648 1936 dann
2689 1876 2787 1936 gegen
2822 1875 2897 1935 ½12
2933 1873 3001 1933 Uhr
3031 1875 3117 1935 ohne

2148 1924 2288 1984 weitere
2316 1924 2559 1984 Feierlichkeit
2587 1923 2646 1983 auf
2674 1924 2733 1984 den
2771 1924 2928 1984 Fourgon
2966 1924 3112 1984 gehoben

2152 1970 2215 2030 und
2244 1970 2308 2030 auf
2326 1972 2383 2032 den
2418 1969 2720 2029 Zentralfriedhof
2744 1969 2946 2029 überführt,
2964 1972 3010 2032 wo
3045 1972 3114 2032 nach

2148 2017 2241 2077 einer
2281 2018 2447 2078 einfachen
2492 2017 2668 2077 religiösen
2708 2019 2912 2079 Zeremonie
2952 2018 3001 2078 die
3040 2019 3123 2079 Bei¬

2149 2064 2275 2124 setzung
2305 2067 2362 2127 auf
2386 2066 2443 2126 dem
2484 2065 2720 2125 israelitischen
2756 2066 2917 2126 Friedhof
2940 2067 3124 2127 stattfand.

2190 2112 2261 2172 Vom
2306 2112 2532 2172 Trauerhaus
2566 2114 2654 2174 nahm
2699 2114 2759 2174 der
2787 2115 2853 2175 Zug
2892 2115 2997 2175 seinen
3036 2117 3113 2177 Weg

2143 2163 2197 2223 am
2264 2163 2611 2223 Burgtheater
2662 2163 2899 2223 vorüber,
2943 2163 2993 2223 wo
3048 2163 3114 2223 das

2148 2210 2272 2270 Tempo
2305 2209 2542 2269 verlangsamt
2570 2211 2704 2271 wurde.
2727 2211 2775 2271 Am
2819 2209 3121 2269 Zentralfriedhof

2147 2255 2233 2315 hielt
2251 2258 2476 2318 Oberkantor
2506 2258 2684 2318 Fischer
2714 2258 2760 2318 die
2789 2258 3026 2318 Trauerrede.

2196 2306 2240 2366 Am
2290 2306 2593 2366 Zentralfriedhof
2627 2306 2737 2366 hatten
2776 2305 2831 2365 sich
2870 2307 2908 2367 u.
2937 2308 2975 2368 a.
3003 2307 3118 2367 einge¬

2152 2355 2298 2415 funden:
2321 2351 2597 2411 Ministerialrat
2626 2354 2693 2414 Dr.
2716 2354 3021 2414 Wieser=Koch
3055 2354 3117 2414 mit

2150 2401 2398 2461 Sektionschef
2445 2401 2513 2461 Dr.
2554 2402 2958 2462 Thomasberger
3034 2402 3097 2462 vom

2769 2452 3120 2512 Generalindendant

2154 2449 2621 2509 Unterrichtsministerium,

2153 2499 2513 2559 Schneiderhan
2550 2500 2615 2560 mit
2646 2497 2754 2557 vielen
2790 2499 3013 2559 Mitgliedern
3056 2497 3115 2557 der

2155 2548 2287 2608 Wiener
2321 2546 2492 2606 Theater,
2515 2545 2686 2605 Stadtrat
2715 2545 2781 2605 Dr.
2804 2546 3025 2606 Tandler
3059 2545 3125 2605 mit

2155 2595 2547 2655 Landesamtsdirektor
2581 2595 2652 2655 Dr.
2675 2596 2840 2656 Hartl,
2869 2593 2968 2653 sowie
3002 2594 3112 2654 vielen

2151 2643 2349 2703 Vertretern
2383 2643 2442 2703 der
2470 2640 2734 2700 Schriftsteller=
2762 2643 2821 2703 und
2855 2640 3119 2700 Künstlerwelt.

2192 2763 2223 2823 Im
2261 2763 2392 2823 Nachlaß
2430 2762 2486 2822 des
2511 2763 2648 2823 Dichters
2680 2765 2755 2825 fand
2781 2766 2849 2826 man
2881 2766 3018 2826 folgende
3044 2766 3118 2826 letzt¬

2149 2811 2256 2871 willige
2285 2808 2492 2868 Vertügung:

2189 2858 2310 2918 „Wien,
2332 2855 2382 2915 29.
2403 2858 2494 2918 April
2515 2860 2606 2920 1912.

2189 2906 2459 2966 Bestimmungen,
2499 2907 2549 2967 die
2590 2907 2629 2967 ich
2686 2908 2759 2968 nach
2805 2909 2922 2969 meinem
2980 2909 3109 2969 Ableben

2146 2957 2178 3017 zu
2210 2954 2330 3014 erfüllen
2363 2955 2467 3015 bitte:

2188 3005 2408 3065 Herzstich,

2188 3052 2313 3112 Keine
2341 3052 2536 3112 Kränze!

2188 3098 2318 3158 Keine
2341 3100 2499 3160 Parte!
2522 3098 2595 3158 Auch
2625 3097 2647 3157 in
2682 3097 2732 3157 der
2755 3097 2879 3157 Zeitung
2908 3097 3009 3157 nicht!

2194 3148 2437 3208 Begräbnis
2471 3146 2614 3206 letzter
2648 3147 2820 3207 Klasse!
2848 3145 2914 3205 Das
2948 3145 3036 3205 durch
3064 3144 3125 3204 Be¬

2148 3195 2271 3255 folgung
2317 3192 2409 3252 dieser
2451 3193 2703 3253 Bestimmungen
2760 3196 2914 3256 erübrigte
2956 3195 3032 3255 Geld
3089 3196 3125 3256 ist

2152 3244 2402 3304 Spitalszwecken
2431 3244 2662 3304 zuzuwenden.

2188 3291 2318 3351 Keine
2345 3291 2517 3351 Reden!

2191 3338 2400 3398 Vermeidung
2439 3339 2560 3399 allen
2605 3339 2743 3399 rituellen
2793 3339 2980 3399 Beiwerkes.
3031 3339 3124 3399 (Ins¬

2146 3386 2312 3446 besondere
2337 3387 2449 3447 Leichen
2474 3387 2590 3447 vächter
2616 3386 2711 3446 usw.)

2188 3433 2317 3493 Keine
2372 3435 2544 3495 Trauer
2588 3437 2695 3497 tragen
2744 3433 2809 3493 nach
2858 3434 2971 3494 meinem
3031 3434 3128 3494 Tode,

2748 3479 2869 3539 Arthur
2891 3481 3089 3541 Schnitzler."

2146 3479 2272 3539 absolut
2297 3482 2394 3542 keine.

2190 3527 2242 3587 Die
2280 3528 2347 3588 hier
2385 3530 2521 3590 gesperrt
2553 3530 2726 3590 gedruckten
2764 3527 2868 3587 Worte
2906 3528 2963 3588 sind
3001 3528 3032 3588 in
3069 3529 3121 3589 der

2146 3578 2488 3638 Otiginalhandschrift
2509 3578 2743 3638 unterstrichen.

2226 3639 2667 3699 Schnitzler-Gedenkfeier
2701 3639 2752 3699 bei
2785 3639 2901 3699 Radio
2935 3641 3058 3701 Wien.

2189 3700 2332 3760 Sonntag
2364 3699 2430 3759 wird
2462 3699 2559 3759 Radio
2586 3698 2662 3758 Wien
2694 3699 2724 3759 um
2766 3699 2848 3759 13.10
2874 3697 2930 3757 Uhr
2957 3697 3018 3757 eine
3039 3699 3121 3759 Feier

2144 3739 2364 3799 veranstalten,
2385 3739 2427 3799 die
2452 3739 2502 3799 dem
2535 3737 2690 3797 Gedenken
2723 3736 2769 3796 des
2790 3736 2890 3796 soeben
2915 3736 3119 3796 verstorbenen

2150 3778 2318 3838 berühmten
2359 3777 2605 3837 österreichischen
2633 3776 2769 3836 Dichters
2806 3775 2906 3835 Artur
2930 3775 3125 3835 Schnitzler

2153 3817 2279 3877 geweihi
2298 3816 2348 3876 ist.
2376 3815 2434 3875 Dr.
2453 3816 2543 3876 Ernst
2562 3817 2721 3877 Lothar
2758 3813 2830 3873 wird
2862 3813 2907 3873 die
2931 3814 3126 3874 Gedenkrede

2149 3856 2264 3916 halten,
2282 3853 2330 3913 der
2357 3853 2418 3913 eine
2441 3853 2635 3913 Aufführung
2662 3853 2715 3913 von
2746 3853 2918 3913 Schnitzlers
2945 3853 3108 3913 einaktigem

2149 3890 2237 3950 Spiel
2260 3891 2285 3951 in
2317 3891 2418 3951 Versen
2454 3891 2671 3951 „Paracensus"
2711 3890 2799 3950 unter
2835 3889 2887 3949 der
2914 3888 3122 3948 Spielleitung

2145 3926 2198 3986 von
2231 3928 2294 3988 Dr.
2308 3927 2393 3987 Hans
2417 3927 2620 3987 Nüchtern
2652 3927 2747 3987 folgt.
2775 3926 2851 3986 Auch
2897 3927 2951 3987 das
2979 3927 3123 3987 Wiener

2150 3967 2570 4027 Sinfonieorchester
2612 3966 2701 4026 unter
2739 3966 2789 4026 der
2823 3966 2948 4026 Leitung
2986 3966 3117 4026 Oswald

2147 4008 2349 4068 Kabastas
2378 4008 2447 4068 wird
2477 4008 2511 4068 an
2541 4005 2632 4065 dieser
2656 4005 2743 4065 Feier
2767 4005 2951 4065 mitwirken.
