3344 4352
194 324 271 384 2.

1450 318 1573 378 box
1652 321 1837 381 43/3

339 329 918 389 SchnitzlerS

1052 329 1217 389 eatl

718 428 754 488 I.
765 431 884 491 österr,
895 434 1043 494 behördl.
1054 437 1341 497 konzessioniertes

665 471 904 531 Unternehmen
935 474 982 534 für
1004 476 1396 536 Zeitungs-Ausschnitte

717 530 868 590 WIEN,
895 536 940 596 I.,
967 539 1250 599 WOLLZEILE
1304 539 1343 599 11

820 585 1034 645 TELEPHON
1071 589 1244 649 R-23-0-43

615 724 833 784 Ausschnitt
861 724 951 784 aus:

460 1000 765 1060 Ausschnitt
800 998 868 1058 aus

490 1097 519 1157 8
550 1097 677 1157 Wor

990 1273 1177 1333 40
1245 1282 1343 1342 403

464 1294 838 1354 Nr..vom.

983 1443 1310 1503 Asthur
1388 1443 1896 1503 Schnitglei
2018 1448 2226 1508 Weg

822 1554 933 1614 Zum
1013 1553 1117 1613 Tod
1178 1553 1281 1613 des
1326 1555 1542 1615 großen
1604 1553 2099 1613 österreichischen
2152 1559 2412 1619 Dichters

1650 1628 1822 1688 Personen,
1844 1631 1897 1691 von
1931 1631 2017 1691 denen
2055 1631 2130 1691 zwei
2153 1633 2288 1693 Männer
2321 1634 2423 1694 immer
2450 1635 2498 1695 die
2527 1634 2645 1694 gleichen
2683 1634 2818 1694 öleiben,

1649 1673 1769 1733 Anatol
1795 1673 1850 1733 und
1886 1674 1977 1734 Max,
1997 1674 2138 1734 während
2170 1676 2215 1736 die
2245 1679 2366 1739 Frauen
2402 1677 2553 1737 wechseln.

1715 1716 1776 1776 Der
1797 1718 1915 1778 Dichter
1942 1718 1993 1778 hat
2014 1719 2054 1779 sich
2086 1718 2147 1778 auch
2174 1720 2230 1780 mit
2251 1721 2395 1781 wichtigen
2427 1721 2601 1781 Problemen
2633 1721 2679 1781 des
2705 1723 2808 1783 Tages

1647 1759 1765 1819 befaßt,
1786 1762 1864 1822 ohne
1885 1762 1915 1822 zu
1942 1762 1993 1822 den
2024 1762 2190 1822 Konflikten
2221 1764 2366 1824 Stellung
2392 1765 2422 1825 zu
2455 1765 2593 1825 nehmen.
2636 1765 2682 1825 In
2713 1765 2806 1825 seinen

1647 1803 1765 1863 Werken
1796 1804 1940 1864 schwingt
1966 1806 2012 1866 die
2039 1807 2239 1867 Atmosphäre
2270 1807 2316 1867 des
2353 1809 2496 1869 morbiden
2533 1807 2728 1867 Oesterreichs
2760 1807 2811 1867 der

1653 1849 1879 1909 Vorkriegszeit
1900 1849 1967 1909 mit,
1988 1849 2028 1909 die
2055 1849 2085 1909 er
2106 1851 2131 1911 in
2163 1852 2240 1912 ihrer
2266 1853 2374 1913 ganzen
2405 1855 2518 1915 Tragik
2539 1852 2719 1912 empfindet.
2761 1852 2806 1912 Zu

1652 1891 1703 1951 den
1740 1894 1935 1954 bekanntesten
1971 1894 2090 1954 Werken
2126 1896 2311 1956 Schnitzlers
2348 1897 2466 1957 gehören
2508 1899 2682 1959 „Professor
2714 1896 2816 1956 Bern¬

1653 1936 1774 1996 hardi",
1801 1936 1848 1996 der
1880 1936 1996 1996 Roman
2034 1938 2112 1998 „Der
2145 1938 2213 1998 Weg
2246 1938 2293 1998 ins
2325 1938 2451 1998 Freie",
2473 1938 2519 1998 die
2547 1939 2605 1999 viel
2632 1941 2816 2001 umkämpfte

1650 1980 1849 2040 Dialogfolge
1877 1981 1957 2041 „Der
1979 1980 2130 2040 Reigen",
2152 1981 2195 2041 die
2217 1982 2265 2042 die
2287 1983 2405 2043 niedere
2427 1983 2513 2043 Liebe
2541 1984 2691 2044 schildert.
2730 1986 2810 2046 „Der

1654 2025 1741 2085 junge
1772 2024 1983 2084 Medardus",
2014 2024 2076 2084 eine
2107 2027 2302 2087 dramatische
2339 2028 2483 2088 Historie,
2510 2028 2591 2088 deren
2628 2028 2813 2088 Hauptrolle

1650 2067 1752 2127 Kains
1795 2070 1962 2130 zugedacht
2000 2070 2081 2130 war,
2125 2073 2222 2133 „Fink
2249 2071 2303 2131 und
2336 2070 2579 2130 Fliederbusch",
2617 2072 2665 2132 die
2693 2070 2816 2130 Novelle

1656 2115 1820 2175 „Fräulein
1855 2110 1945 2170 Else“
1980 2113 2036 2173 und
2071 2115 2149 2175 „Die
2179 2116 2263 2176 Frau
2298 2116 2349 2176 des
2383 2115 2558 2175 Richters“.

505 2496 569 2556 Mit
597 2497 715 2557 Arthur
748 2494 916 2554 Schnitzler
944 2494 981 2554 ist
1009 2494 1089 2554 einer
1122 2495 1171 2555 der
1199 2493 1323 2553 größten
1356 2492 1599 2552 österreichischen

439 2541 655 2601 Schriftsteller
687 2537 739 2597 und
771 2537 898 2597 Dichter
925 2539 1193 2599 dahingegangen.
1237 2537 1305 2597 Wie
1337 2537 1384 2597 für
1416 2535 1511 2595 Lesser
1538 2535 1600 2595 Ury

435 2585 533 2645 waren
563 2584 626 2644 auch
656 2583 700 2643 für
725 2583 769 2643 den
799 2583 1015 2643 Verstorbenen
1045 2584 1074 2644 zu
1104 2582 1192 2642 seinem
1233 2580 1286 2640 70.
1301 2580 1492 2640 Geburtstag
1518 2580 1606 2640 große

438 2628 546 2688 Feiern
577 2628 716 2688 geplant,
737 2626 783 2686 die
809 2625 855 2685 der
882 2626 1020 2686 Jubilar
1047 2627 1124 2687 nicht
1150 2625 1227 2685 mehr
1253 2625 1366 2685 erleben
1403 2625 1495 2685 sollte.
1537 2624 1603 2684 Der

437 2663 501 2723 Tod
532 2671 652 2731 Arthur
678 2670 860 2730 Schnitzlers
890 2670 935 2730 kam
981 2670 1067 2730 yöllig
1098 2670 1283 2730 unerwartet
1309 2667 1364 2727 und
1395 2667 1445 2727 hat
1471 2667 1516 2727 ihn
1546 2667 1601 2727 aus

436 2716 516 2776 einem
557 2718 663 2778 immer
684 2715 749 2775 noch
775 2715 1028 2775 schaffensfrehen
1059 2715 1149 2775 Leben
1180 2712 1438 2772 herausgerissen.
1454 2712 1529 2772 Man
1560 2712 1610 2772 hat

439 2759 554 2819 einmal
594 2760 714 2820 gesagt,
751 2758 871 2818 Arthur
912 2758 1098 2818 Schnitzler,
1134 2756 1188 2816 das
1224 2756 1264 2816 sei
1294 2755 1345 2815 der
1376 2755 1481 2815 immer
1516 2756 1606 2816 junge

437 2804 574 2864 Dichter.
606 2803 653 2863 In
680 2801 769 2861 dieser
796 2803 876 2863 Form
913 2801 944 2861 ist
966 2801 1013 2861 die
1035 2801 1241 2861 Behauptung
1268 2800 1341 2860 nicht
1363 2798 1484 2858 richtig.
1522 2798 1600 2858 Auch

437 2849 555 2909 Arthur
586 2847 750 2907 Schnitzler
782 2846 834 2906 hat
865 2846 911 2906 dem
958 2846 1050 2906 Alter
1082 2846 1174 2906 seinen
1210 2843 1329 2903 Tribut
1355 2843 1442 2903 zollen
1484 2843 1607 2903 müssen.

443 2889 535 2949 Seine
561 2891 648 2951 starke
670 2891 906 2951 Männlichkeit,
928 2891 989 2951 die,
1010 2891 1164 2951 vermengt
1191 2888 1247 2948 mit
1273 2886 1365 2946 feinem
1407 2885 1525 2945 Spott,
1546 2885 1597 2945 das

439 2935 707 2995 Charakteristikum
754 2932 847 2992 seiner
883 2932 970 2992 besten
1012 2933 1156 2993 Arbeiten
1193 2932 1275 2992 war,
1323 2929 1389 2989 wich
1426 2929 1451 2989 in
1493 2929 1590 2989 spätem

436 2978 523 3038 Alter
554 2977 719 3037 steigender
751 2977 962 3037 Schwermut.
1004 2977 1091 3037 Aber
1123 2977 1174 3037 der
1205 2976 1324 3036 Dichter
1355 2974 1412 3034 hat
1444 2974 1520 3034 nicht
1547 2974 1598 3034 den

438 3022 568 3082 Kontakt
588 3022 643 3082 mit
669 3021 713 3081 der
740 3021 815 3081 Zeit
835 3022 991 3082 verloren,
1011 3022 1036 3082 er
1062 3021 1132 3081 fand
1158 3021 1182 3081 in
1213 3019 1303 3079 seinen
1334 3019 1429 3079 letzten
1460 3016 1595 3076 Novellen

437 3061 446 3121 —
507 3066 672 3126 „Fräulein
708 3063 798 3123 Else“
834 3064 899 3124 war
930 3067 969 3127 ein
1010 3068 1116 3128 großer
1147 3064 1332 3124 Bucherfolg
1363 3058 1373 3118 —
1434 3061 1498 3121 eine
1529 3061 1599 3121 neue

436 3112 708 3172 Ausdrucksform,
735 3110 780 3170 die
812 3109 889 3169 seine
925 3109 1095 3169 Anhänger
1126 3109 1311 3169 überraschte
1343 3106 1399 3166 und
1435 3106 1481 3166 ihm
1528 3106 1599 3166 neue

437 3155 576 3215 Freunde
602 3153 705 3213 warb.
746 3153 870 3213 Arthur
901 3153 1086 3213 Schnitzler,
1108 3153 1159 3213 der
1190 3152 1221 3212 am
1268 3150 1319 3210 15.
1345 3149 1417 3209 Mai
1443 3149 1520 3209 1862
1557 3148 1603 3208 ge¬

429 3196 517 3256 boren
547 3195 665 3255 worden
695 3198 743 3258 ist,
764 3195 881 3255 gehörte
911 3195 975 3255 auch
1005 3196 1034 3256 zu
1069 3196 1117 3256 dem
1157 3195 1245 3255 Kreis
1275 3194 1324 3254 der
1349 3193 1594 3253 vordrängenden

433 3244 543 3304 jungen
573 3243 785 3303 Generation,
806 3243 855 3303 die
881 3242 941 3302 mit
967 3240 1072 3300 Macht
1098 3240 1188 3300 unter
1219 3240 1365 3300 Führung
1395 3237 1450 3297 von
1486 3240 1606 3300 Haupt¬

429 3286 517 3346 mann
552 3288 606 3348 das
641 3285 778 3345 Theater
803 3285 975 3345 eroberten.
1025 3285 1107 3345 Aber
1138 3285 1162 3345 er
1192 3283 1256 3343 war
1286 3282 1339 3342 kein
1374 3282 1604 3342 Revolutionär

430 3329 456 3389 in
488 3332 535 3392 der
562 3332 673 3392 Form.
710 3329 810 3389 Seine
832 3332 921 3392 ganze
953 3329 1216 3389 schriftstellerische
1243 3326 1301 3386 Art
1322 3326 1375 3386 und
1407 3326 1485 3386 seine
1507 3325 1602 3385 Denk¬

431 3375 516 3435 weise
541 3374 765 3434 widersprachen
795 3374 866 3434 allen
895 3374 976 3434 mehr
1000 3373 1067 3433 oder
1087 3371 1201 3431 minder
1216 3371 1364 3431 gewagten
1388 3369 1608 3429 Neuerungen.

431 3417 529 3477 Seine
554 3419 686 3479 überaus
711 3419 852 3479 gepflegte
877 3417 1014 3477 Sprache
1039 3416 1093 3476 und
1123 3416 1176 3476 sein
1206 3413 1274 3473 Stil
1294 3410 1441 3470 forderten
1471 3412 1495 3472 in
1520 3410 1598 3470 jeder

429 3464 591 3524 Kunstform
635 3461 822 3521 Anlehnung
852 3462 886 3522 an
920 3461 1047 3521 andere,
1077 3459 1126 3519 die
1161 3457 1239 3517 diese
1274 3456 1387 3516 bereits
1426 3455 1480 3515 zur
1515 3455 1602 3515 Voll¬

432 3506 548 3566 endung
579 3506 702 3566 geführt
728 3506 839 3566 haben.

495 3547 541 3607 Es
572 3548 608 3608 ist
634 3547 752 3607 schwer,
774 3547 964 3607 jemandem,
986 3547 1032 3607 der
1058 3545 1104 3605 für
1136 3546 1177 3606 die
1203 3542 1430 3602 Schnitzlersche
1457 3543 1518 3603 Art
1545 3542 1596 3602 kein

431 3592 637 3652 Verständnis
668 3590 733 3650 hat,
753 3589 803 3649 den
835 3590 920 3650 Wert
945 3589 1036 3649 seiner
1067 3590 1162 3650 Kunst
1188 3591 1218 3651 zu
1249 3588 1394 3648 erklären.
1436 3586 1501 3646 Der
1526 3584 1601 3644 Ver¬

427 3637 561 3697 storbene
586 3636 662 3696 nahm
701 3634 763 3694 stets
792 3634 854 3694 eine
879 3634 1133 3694 Sonderstellung
1162 3634 1224 3694 ein,
1239 3634 1267 3694 er
1292 3632 1397 3692 schrieb
1426 3631 1507 3691 meist
1527 3629 1598 3689 über

432 3679 604 3739 Menschen,
630 3679 673 3739 die
704 3679 782 3739 einem
822 3679 1004 3739 bestimmten
1040 3676 1128 3736 Kreis
1163 3673 1350 3733 angehören,
1375 3673 1419 3733 die
1449 3673 1606 3733 kultiviert

435 3721 493 3781 und
523 3722 601 3782 meist
627 3720 710 3780 leicht
735 3720 872 3780 dekadent
897 3720 975 3780 sind.
1015 3720 1157 3780 Darüber
1182 3720 1251 3780 kann
1281 3718 1344 3778 auch
1374 3718 1452 3778 nicht
1473 3718 1604 3778 hinweg¬

427 3768 586 3828 täuschen,
629 3765 685 3825 daß
717 3765 882 3825 Schnitzler
914 3765 965 3825 auf
991 3762 1043 3822 der
1069 3763 1182 3823 Bühne
1209 3762 1255 3822 als
1287 3762 1338 3822 der
1364 3762 1488 3822 heitere,
1510 3762 1607 3822 frohe,

1242 3805 1294 3865 In
1354 3804 1434 3864 allen
1493 3804 1594 3864 seinen

431 3810 619 3870 wienerische
652 3810 793 3870 Dichter,
817 3810 1047 3870 aufgenommen
1085 3807 1207 3867 wurde.

439 3855 574 3915 Arbeiten
605 3854 680 3914 liegt
706 3852 766 3912 eine
792 3852 902 3912 gewisse
928 3852 1140 3912 Schwermut,
1161 3852 1206 3912 die
1231 3849 1276 3909 sich
1307 3849 1352 3909 oft
1373 3849 1468 3909 hinter
1494 3848 1609 3908 Spott,

428 3898 543 3958 Ironie
574 3900 629 3960 und
660 3898 751 3958 feinem
793 3897 919 3957 Lächeln
950 3897 1101 3957 verbirgt,
1122 3895 1167 3955 die
1193 3894 1258 3954 aber
1284 3893 1461 3953 namentlich
1492 3893 1517 3953 in
1548 3891 1598 3951 den

437 3941 611 4001 Tragödien
644 3941 822 4001 Schnitzlers
850 3941 897 4001 den
929 3941 1024 4001 Hörer
1051 3941 1104 4001 und
1131 3938 1300 3998 Zuschauer
1321 3936 1389 3996 stets
1411 3935 1527 3995 gepackt
1544 3936 1612 3996 hat.

504 3986 668 4046 Schnitzler
700 3985 761 4045 war
793 3984 828 4044 ein
865 3983 999 4043 überaus
1030 3983 1220 4043 produktiver
1247 3981 1380 4041 Dichter.
1422 3980 1468 4040 Es
1500 3980 1535 4040 ist
1562 3978 1607 4038 ge¬

438 4029 492 4089 wiß
528 4030 567 4090 ein
599 4031 689 4091 hohes
719 4028 774 4088 Lob
805 4028 855 4088 für
881 4028 930 4088 den
961 4028 1197 4088 Verstorbenen,
1218 4025 1298 4085 wenn
1334 4025 1394 4085 man
1424 4024 1475 4084 von
1510 4022 1600 4082 vielen

438 4073 532 4133 seiner
559 4073 659 4133 Werke
681 4073 765 4133 sagen
792 4074 876 4134 darf,
897 4073 950 4133 daß
982 4073 1013 4133 sie
1040 4073 1130 4133 etwas
1162 4072 1230 4132 ganz
1256 4070 1377 4130 Neues,
1394 4070 1468 4130 ganz
1495 4068 1604 4128 Eigen¬

439 4120 550 4180 #etiges
577 4118 714 4178 gebracht
736 4117 847 4177 haben.
869 4117 932 4177 Das
965 4118 1022 4178 gilt
1044 4118 1091 4178 für
1119 4117 1293 4177 „Anatol“,
1310 4114 1489 4174 Schnitzlers
1522 4114 1606 4174 erstes

433 4165 535 4225 Buch,
562 4162 653 4222 sieben
697 4162 827 4222 überaus
865 4163 1005 4223 reizvolle
1038 4163 1222 4223 Gespräche,
1250 4162 1379 4222 zwischen
1422 4163 1508 4223 zwei,
1536 4160 1605 4220 drei
