3344 4384
1181 303 1313 363 box
1394 302 1581 362 44/5

162 327 270 387 13.
326 328 973 388 Miscellansous

820 690 1116 750 ORATIS
1204 679 1525 739 GRATIS

819 814 1541 874 OBSERVER

909 887 930 947 I.
944 883 1067 943 österr.
1080 879 1230 939 behördl.
1243 876 1551 936 konzessioniertes

861 926 1098 986 Unternehmen
1129 921 1176 981 für
1203 918 1591 978 Zeltungs-Ausschnitte

913 985 1067 1045 WIEN,
1095 986 1142 1046 I.,
1170 981 1452 1041 WOLLZEILE
1500 977 1547 1037 11

1019 1037 1233 1097 TELEPHON
1265 1032 1443 1092 R-23-0-43

1276 1191 1591 1251 GRAIIS

731 1285 866 1345 Lrtrait
884 1285 915 1345 de

1009 1304 1584 1364 COMOEDIA

921 1360 995 1420 150,
1030 1363 1164 1423 AVENUE
1190 1369 1247 1429 DES
1282 1379 1684 1439 CHAETS-ELY.LES-VIn¬

731 1478 842 1538 Date:

1081 1520 1141 1580 31
1184 1527 1286 1587 MAI
1318 1530 1440 1590 1932

739 1575 934 1635 Signature:

734 1678 911 1738 Eaposition

1212 1740 1463 1800 LETTRE
1542 1737 1621 1797 DE
1700 1733 1951 1793 VIENNE

871 1914 1035 1974 Petit
1098 1911 1459 1971 panorama
1532 1909 1605 1969 de
1689 1905 1739 1965 la
1813 1902 1915 1962 vie
1988 1895 2307 1955 litteraire

1360 2034 1419 2094 et
1489 2031 1835 2091 artistique
1907 2007 2104 2067 Mercel
2155 2002 2302 2062 Dunen

1314 2169 1460 2229 Vienne,
1482 2169 1567 2229 mai.

999 2222 1054 2282 (De
1083 2218 1181 2278 notre
1210 2217 1492 2277 correspondant)

933 2283 978 2343 Un
1020 2283 1119 2343 grand
1156 2280 1251 2340 poète
1284 2277 1470 2337 autrichien
1511 2277 1602 2337 vient

887 2324 924 2384 de
975 2322 1180 2382 disparaître
1227 2316 1520 2376 prématurément
1563 2311 1596 2371 en

891 2360 999 2420 pleine
1030 2358 1169 2418 activité
1200 2355 1369 2415 littéraire
1404 2352 1434 2412 et
1461 2352 1500 2412 au
1535 2352 1608 2412 len¬

893 2396 1022 2456 demain
1056 2393 1094 2453 de
1127 2393 1152 2453 la
1186 2393 1316 2453 clôture
1345 2391 1496 2451 brusque
1530 2390 1596 2450 d'un

893 2432 1075 2492 intermède
1104 2432 1389 2492 bureaucratique
1422 2429 1458 2489 de
1487 2429 1519 2489 sa
1552 2426 1601 2486 vie

896 2474 950 2534 par
973 2471 1115 2531 instants
1139 2471 1208 2531 fort
1226 2468 1355 2528 agitée.
1369 2468 1470 2528 Anton
1503 2465 1608 2525 Wild¬

894 2513 995 2573 gans,
1009 2510 1043 2570 né
1066 2510 1074 2570 à
1101 2507 1224 2567 Vienne
1252 2507 1277 2567 en
1309 2507 1401 2567 1881,
1419 2507 1503 2567 était
1521 2504 1600 2564 venu

889 2552 902 2612 a
937 2549 962 2609 la
997 2549 1162 2609 notoriété
1193 2546 1318 2606 comme
1349 2546 1448 2606 poète
1475 2543 1608 2603 lyrique

895 2588 972 2648 avec
1005 2585 1058 2645 ses
1087 2585 1234 2645 Sonnets
1264 2585 1275 2645 à
1309 2585 1398 2645 Ead,
1423 2582 1615 2642 Printemps

893 2623 1108 2683 d'automne,
1138 2623 1234 2683 Midi,
1268 2622 1419 2682 volumes
1458 2620 1495 2680 de
1538 2618 1613 2678 vers

898 2662 1099 2722 échelonnés
1127 2660 1163 2720 de
1195 2662 1273 2722 1913
1306 2659 1319 2719 à
1352 2659 1452 2719 1917,
1470 2657 1534 2717 qui
1557 2656 1612 2716 ré¬

896 2701 1042 2761 vélaient
1073 2701 1103 2761 en
1143 2698 1190 2758 lui
1217 2698 1255 2758 un
1295 2698 1416 2758 maître
1447 2698 1615 2758 accompli

899 2742 936 2802 de
966 2740 991 2800 la
1020 2740 1141 2800 forme,
1163 2738 1246 2798 nous
1272 2737 1401 2797 dirions
1431 2736 1615 2796 volontiers

895 2779 934 2839 un
973 2779 1168 2839 parnassien
1208 2776 1420 2836 autrichien,
1446 2776 1476 2836 si
1507 2773 1611 2833 Wild¬

901 2818 980 2878 gans
1003 2815 1039 2875 ne
1066 2814 1181 2874 devait
1200 2814 1257 2874 pas
1280 2812 1556 2872 l'impeccabilité
1579 2811 1614 2871 de

895 2856 947 2916 son
989 2854 1070 2914 style
1108 2853 1140 2913 et
1169 2853 1201 2913 sa
1239 2852 1382 2912 vigueur
1415 2850 1611 2910 concentrée

899 2895 960 2955 aux
995 2892 1181 2952 classiques
1211 2889 1315 2949 latins
1346 2889 1424 2949 plus
1455 2889 1523 2949 qu'à
1559 2889 1614 2949 des

909 2931 1088 2991 influences
1113 2929 1318 2989 françaises,
1339 2929 1398 2989 par
1423 2927 1565 2987 ailleurs
1590 2925 1619 2985 si

908 2970 1012 3030 fortes
1034 2970 1089 3030 sur
1116 2970 1137 3030 la
1164 2970 1358 3030 littérature
1384 2967 1618 3027 autrichienne

904 3009 1205 3069 contemporaine.

948 3062 1294 3122 Poète-philosophe,
1317 3057 1348 3117 il
1376 3058 1489 3118 aurait
1521 3056 1616 3116 quel¬

903 3101 983 3161 ques
1027 3099 1130 3159 traits
1175 3098 1354 3158 communs
1402 3095 1477 3155 avec
1526 3095 1621 3155 notre

904 3139 995 3199 Sully
1038 3137 1284 3197 Prudhomme,
1315 3134 1401 3194 mais
1441 3134 1518 3194 avec
1557 3134 1617 3194 une

904 3176 1091 3236 sensibilité
1123 3176 1275 3236 vibrante
1306 3176 1364 3236 qui
1391 3173 1619 3233 l'apparente-

908 3218 978 3278 rait
1008 3216 1088 3276 dans
1122 3215 1184 3275 une
1218 3212 1293 3272 tout
1327 3212 1423 3272 autre
1457 3209 1616 3269 direction

909 3256 986 3316 avec
1012 3253 1050 3313 un
1081 3252 1192 3312 Albert
1219 3251 1368 3311 Samain.
1386 3251 1429 3311 De
1455 3250 1480 3310 la
1511 3249 1618 3309 poésie

911 3294 1039 3354 lyrique
1076 3292 1089 3352 à
1126 3291 1153 3351 la
1190 3289 1304 3349 poésie
1337 3289 1570 3349 dramatique,
1598 3287 1625 3347 il

913 3332 961 3392 n'y
997 3331 1010 3391 a
1046 3331 1143 3391 qu’un
1180 3329 1254 3389 pas,
1282 3327 1348 3387 vite
1384 3328 1477 3388 sauté
1508 3325 1521 3385 à
1562 3325 1623 3385 une

909 3370 1038 3430 époque
1064 3370 1096 3430 où
1130 3368 1201 3428 tout
1227 3367 1461 3427 versificateur
1486 3364 1628 3424 pouvait

912 3409 1030 3469 encore
1066 3406 1163 3466 rêver
1199 3404 1234 3464 do
1270 3405 1442 3465 l'éclatant
1474 3403 1623 3463 exemple

913 3447 949 3507 de
981 3444 1098 3504 succès
1127 3442 1232 3502 donné
1269 3442 1329 3502 par
1362 3442 1507 3502 Edmond
1544 3439 1625 3499 Ros-

915 3483 1010 3543 tand.
1028 3482 1200 3542 Wildgans
1223 3480 1261 3540 fit
1284 3479 1378 3539 jouer
1405 3478 1478 3538 tour
1505 3479 1517 3539 à
1544 3477 1638 3537 tour,

913 3522 952 3582 de
989 3522 1068 3582 1914
1096 3521 1109 3581 à
1150 3519 1247 3579 1920,
1270 3519 1310 3579 de
1342 3516 1485 3576 grandes
1521 3514 1632 3574 tragé-

915 3560 983 3620 dies
1032 3558 1064 3618 en
1114 3558 1211 3618 vers,
1248 3555 1373 3615 Armut
1418 3552 1633 3612 (Pauvreté),

909 3600 1004 3660 Liebe
1031 3597 1204 3657 (Amour),
1222 3597 1300 3657 Dies
1327 3594 1404 3654 ira,
1418 3594 1517 3654 Cain.
1535 3591 1622 3651 Cette

919 3636 1072 3696 dernière
1101 3634 1234 3694 ouvre,
1259 3634 1270 3694 «
1303 3633 1420 3693 poème
1453 3630 1627 3690 mythique

917 3675 949 3735 en
982 3675 1050 3735 cinq
1079 3672 1169 3732 actes
1198 3673 1230 3733 »,
1251 3672 1344 3732 jouée
1373 3670 1409 3730 au
1442 3669 1633 3729 Burgthea-

915 3711 983 3771 ter,
1005 3715 1018 3775 y
1049 3712 1238 3772 consacrait
1264 3708 1428 3768 l'alliance
1454 3707 1493 3767 de
1519 3705 1631 3765 l'éeri-

917 3752 991 3812 vain
1042 3749 1117 3809 avec
1163 3746 1480 3806 l'administration.
1522 3743 1630 3803 Wild-

915 3788 1011 3848 gans,
1037 3791 1072 3851 en
1112 3788 1221 3848 pleine
1257 3787 1344 3847 crise
1380 3785 1419 3845 do
1454 3782 1630 3842 l'inflation

923 3827 955 3887 et
987 3827 1027 3887 de
1069 3825 1093 3885 la
1134 3824 1267 3884 débâcle
1305 3823 1345 3883 de
1386 3821 1410 3881 la
1451 3821 1641 3881 couronne.

923 3866 1016 3926 avait
1041 3863 1175 3923 accepté
1204 3863 1228 3923 le
1261 3860 1350 3920 poste
1383 3860 1530 3920 tentant,
1555 3860 1636 3920 mais

924 3903 1080 3963 terrible,
1106 3902 1143 3962 de
1178 3899 1347 3959 directeur
1381 3899 1419 3959 de
1453 3899 1478 3959 la
1512 3897 1639 3957 grande

920 3940 1012 4000 scène
1042 3940 1096 4000 non
1126 3939 1257 3999 lyrique
1283 3937 1548 3997 subventionnée
1574 3936 1633 3996 que

929 3981 952 4041 la
980 3979 1186 4039 République
1210 3976 1304 4036 avait
1324 3976 1450 4036 héritée
1478 3976 1511 4036 de
1535 3975 1637 4035 l'Em-

930 4019 996 4079 pire
1034 4017 1110 4077 sans
1148 4015 1290 4075 pouvoir
1324 4015 1379 4075 lui
1413 4014 1547 4074 assurer
1585 4012 1639 4072 des

928 4054 1119 4114 ressources
1141 4052 1358 4112 budgétaires
1386 4052 1483 4112 aussi
1501 4051 1647 4111 stables.

925 4093 1018 4153 Cette
1042 4095 1206 4155 première
1234 4090 1365 4150 période
1394 4089 1563 4149 d'activité
1587 4089 1637 4149 di-

929 4131 1105 4191 rectoriale
1128 4130 1183 4190 fut
1206 4128 1374 4188 traversée
1397 4128 1433 4188 do
1461 4128 1533 4188 tant
1557 4127 1638 4187 d'in-

935 4169 1059 4229 rigues
1083 4168 1145 4228 que
1175 4167 1342 4227 Wildgans
1366 4167 1452 4227 évita
1482 4164 1620 4224 toujour
