3392 4192
239 256 368 316 12.
419 267 1018 327 Schnitzler's
1079 270 1308 330 Death

1519 273 1652 333 box
1732 282 1928 342 42/7

233 1050 903 1110 OBSERVER

268 1109 294 1169 I.
308 1109 428 1169 österr.
438 1109 590 1169 behördl.
604 1115 904 1175 konzessioniertes

220 1149 465 1209 Unternehmen
494 1151 542 1211 für
567 1154 951 1214 Zeitungs-Ausschnitte

273 1209 429 1269 WIEN,
457 1214 504 1274 I.,
532 1217 811 1277 WOLLZEILE
859 1217 899 1277 11

374 1264 594 1324 TELEPHON
632 1265 803 1325 R-23-0-43

205 1402 393 1462 Jusschnitt
417 1403 506 1463 aus:

448 1542 620 1602 Bremer
647 1519 908 1579 Nachriohton

576 1640 666 1700 22.
697 1643 898 1703 UKI.126

1110 1698 1198 1758 deren
1228 1702 1368 1762 graziöser
1398 1706 1527 1766 Sprache
1569 1707 1598 1767 in
1651 1710 1733 1770 einer
1757 1711 1815 1771 fast
1839 1712 2021 1772 spielerischen
2057 1715 2115 1775 Art
2145 1715 2268 1775 erschien
2304 1718 2468 1778 „Sterben"
2498 1718 2544 1778 das
2580 1719 2621 1779 die
2651 1722 2738 1782 letzten
2774 1724 2850 1784 Tage
2880 1724 2962 1784 eines
2992 1727 3144 1787 Schwind¬

204 1733 449 1793 Arthur
497 1733 883 1793 Schnitzler

1118 1748 1189 1808 schon
1221 1748 1267 1808 die
1294 1751 1438 1811 Eigenart
1465 1752 1516 1812 von
1548 1757 1723 1817 Schnitzlers
1755 1759 1863 1819 Talent
1889 1762 1997 1822 zeigen.
2039 1763 2111 1823 Sein

2141 1766 2279 1826 süchtigen
2319 1766 2373 1826 mit
2396 1769 2551 1829 scharfem,
2574 1769 2640 1829 aber
2668 1771 2735 1831 auch
2763 1773 2918 1833 peinlichem
2968 1775 3145 1835 Realismus

1118 1787 1238 1847 nächstes
1274 1791 1329 1851 und
1359 1793 1480 1853 zugleich
1526 1794 1575 1854 das
1626 1796 1696 1856 erste
1727 1800 1913 1860 aufgeführte
1944 1802 2024 1862 Werk
2054 1802 2114 1862 war

2149 1814 2295 1874 schildert,
2335 1814 2402 1874 1894
2454 1815 2532 1875 „Die
2561 1817 2731 1877 Blumen",
2771 1820 2838 1880 1895
2872 1823 2945 1883 „Ein
2980 1826 3148 1886 Abschied",

348 1820 429 1880 wtb.
453 1820 588 1880 Wien,
611 1821 656 1881 21.
680 1820 754 1880 Okt.
786 1821 905 1881 Arthur
928 1822 1071 1882 Schnitzle

1119 1838 1220 1898 „Das
1248 1839 1448 1899 Märchen"
1481 1841 1589 1901 (1893).
1605 1844 1649 1904 In
1676 1845 1724 1905 der
1746 1847 1833 1907 gleich
1855 1848 1903 1908 den
1930 1849 2114 1909 vorgenann¬

2150 1858 2214 1918 1896
2245 1862 2321 1922 „Die
2346 1861 2422 1921 Frau
2452 1863 2498 1923 des
2523 1864 2670 1924 Weisen",
2694 1867 2759 1927 1897
2789 1870 2865 1930 „Der
2890 1870 3055 1930 Ehrentag"
3091 1873 3143 1933 und

308 1875 344 1935 ist
366 1874 450 1934 heute
477 1873 566 1933 abend
604 1873 682 1933 einem
725 1874 936 1934 Schlaganfall
958 1876 1090 1936 erlegen.

1112 1882 1156 1942 ten
1191 1886 1397 1946 Schöpfungen
1452 1887 1500 1947 dem
1565 1891 1688 1951 Wiener
1723 1894 1831 1954 Milieu
1885 1897 2106 1957 entnommener

2145 1910 2227 1970 „Die
2245 1909 2333 1969 Toten
2363 1912 2551 1972 schweigen",
2570 1912 2634 1972 1900
2659 1915 2817 1975 „Andreas
2841 1918 3035 1978 Thalmayer"
3065 1921 3141 1981 „Der

197 1948 238 2008 fur
257 1948 412 2008 Schnitzler
437 1946 532 2006 wurde
557 1946 593 2006 am
629 1945 677 2005 15.
696 1946 767 2006 Mai
786 1946 851 2006 1862
876 1945 899 2005 in
930 1947 1007 2007 Wien
1038 1948 1086 2008 ge¬
1110 1933 1362 1993 „iebelei",
1423 1937 1603 1997 Schnitzlers
1658 1942 1813 2002 seinerzeit
1862 1948 2096 2008 meistgespieltem

2149 1956 2248 2016 blinde
2270 1957 2453 2017 Geronima“
2476 1960 2525 2020 wie
2548 1961 2613 2021 auch
2636 1963 2675 2023 die
2697 1964 2819 2024 Novelle
2842 1966 3007 2026 „Leutnant
3024 1966 3151 2026 Gustl";

1116 1984 1301 2044 Schauspiel,
1322 1984 1414 2044 klingt
1441 1986 1491 2046 das
1523 1990 1728 2050 Anatolmotiv
1760 1993 1883 2053 wieder.
1920 1995 2022 2055 Dessen
2054 1994 2115 2054 Ur¬

209 1997 262 2057 als
284 1999 370 2059 Sohn
414 1996 468 2056 des
512 1996 582 2056 ord.
599 1997 766 2057 Professors
810 1995 842 2055 an
892 1995 940 2055 der
968 1996 1081 2056 Wiene:

2147 2005 2244 2065 ferner
2280 2007 2302 2067 im
2343 2008 2459 2068 gleichen
2494 2011 2609 2071 Jahre:
2638 2014 2731 2074 „Frau
2766 2014 2858 2074 Berta
2887 2017 3043 2077 Garlan",
3067 2017 3135 2077 dann

1110 2032 1295 2092 aufführung
1326 2032 1424 2092 (1895)
1445 2034 1475 2094 am
1517 2038 1717 2098 Burgtheater
1744 2040 1805 2100 war
1831 2043 2001 2103 Schnitzlers
2027 2043 2109 2103 erster

198 2047 278 2107 sität,
301 2047 365 2107 Dr.
387 2047 512 2107 Johann
545 2044 723 2104 Schnitzler,
745 2044 826 2104 eines
859 2047 1081 2107 Laryngologer

2159 2056 2223 2116 „Die
2253 2056 2413 2116 griechische
2438 2056 2603 2116 Tänzerin"
2639 2061 2751 2121 (1902),
2775 2064 3005 2124 „Weissagung"
3042 2067 3153 2127 (1904),

198 2096 353 2156 deutung,
365 2095 393 2155 zu
423 2094 503 2154 dessen
538 2094 774 2154 Patientenkreis
798 2092 872 2152 viele
895 2094 1079 2154 prominente
1103 2079 1212 2139 großer
1230 2081 1471 2141 Bühnenerfolg.
1495 2085 1540 2145 In
1564 2087 1644 2147 Wien
1662 2088 1748 2148 spielt
1766 2088 1823 2148 auch
1841 2089 1892 2149 das
1910 2091 2013 2151 nächste
2031 2092 2111 2152 Stück

2144 2105 2227 2165 „Das
2261 2104 2333 2164 neue
2367 2103 2450 2163 Lied"
2489 2106 2600 2166 (1905),
2623 2109 2700 2169 „Der
2735 2110 2795 2170 Tod
2829 2112 2873 2172 des
2907 2115 3140 2175 Junggesellen"

199 2145 284 2205 pieler
309 2144 364 2204 und
389 2143 511 2203 Sänger
536 2142 690 2202 gehörten.
721 2142 788 2202 Der
813 2142 898 2202 junge
924 2142 1083 2202 Schnitzler
1115 2130 1360 2190 „Freiwild"
1398 2133 1508 2193 (1896).
1551 2134 1594 2194 In
1631 2135 1704 2195 diese
1736 2138 1834 2198 Jahre
1865 2139 1938 2199 fällt
1963 2139 2005 2199 die
2037 2140 2110 2200 Ent¬

2146 2151 2259 2211 (1907),
2288 2153 2361 2213 „Der
2396 2153 2452 2213 tote
2481 2154 2622 2214 Gabriel“
2663 2158 2776 2218 (1908),
2799 2160 2883 2220 „Das
2912 2163 3060 2223 Tagebuch
3094 2163 3144 2223 der

1113 2178 1226 2238 stehung
1258 2179 1304 2239 des
1340 2181 1552 2241 „Reigen",
1574 2184 1635 2244 zehn
1672 2187 1785 2247 Szenen
1822 2187 1878 2247 mit
1905 2189 1951 2249 dem
1993 2190 2106 2250 gleicher

190 2196 211 2256 e
239 2193 399 2253 gleichfalls
433 2193 560 2253 Medizin
594 2193 621 2253 in
655 2191 759 2251 Wien,
782 2191 981 2251 promovierte
1009 2190 1081 2250 188:

2147 2199 2337 2259 Redegonda"
2372 2204 2487 2264 (1909),
2522 2205 2608 2265 „Der
2638 2205 2782 2265 Mörder"
2817 2209 2926 2269 (1910),
2967 2211 3140 2271 „Dreifache

1118 2226 1263 2286 erotischen
1294 2229 1516 2289 Grundmotiv,
1536 2232 1581 2292 die
1607 2233 1677 2293 aber
1703 2235 1763 2295 erst
1789 2235 1844 2295 viel
1870 2238 1965 2298 später
1991 2241 2116 2301 gedruckt

192 2243 240 2303 hr,
257 2242 371 2302 nachdem
415 2241 441 2301 er
474 2238 685 2298 (1886—1889)
708 2241 761 2301 auf
784 2241 989 2301 verschiedenen
1022 2240 1076 2300 Kli

2144 2250 2322 2310 Warnung"
2358 2251 2409 2311 und
2444 2253 2658 2313 „Hirtenflöte"
2693 2256 2808 2316 (1911),
2832 2259 2923 2319 „Frou
2959 2259 3050 2319 Beate
3086 2259 3137 2319 und

1110 2270 1164 2330 und
1195 2274 1280 2334 1920,
1306 2276 1447 2336 durchaus
1478 2279 1553 2339 nicht
1579 2281 1624 2341 dem
1670 2283 1775 2343 Willen
1806 2285 1851 2345 des
1887 2285 2017 2345 Dichters
2048 2287 2098 2347 ent

192 2291 355 2351 praktiziert
387 2288 439 2348 und
472 2288 535 2348 auch
567 2288 630 2348 eine
657 2288 735 2348 Reise
762 2288 815 2348 zum
858 2290 989 2350 Studium
1037 2288 1079 2348 der

2144 2299 2188 2359 ihr
2223 2297 2324 2357 Sohn"
2364 2300 2476 2360 (1913),
2500 2300 2629 2360 „Doktor
2663 2303 2810 2363 Gräsler,
2833 2306 2996 2366 Badearzt"
3036 2308 3148 2368 (1917),

191 2341 265 2401 ischen
297 2339 522 2399 Einrichtungen
554 2338 616 2398 nach
642 2336 754 2396 London
779 2337 835 2397 und
861 2339 954 2399 Paris
980 2328 1280 2388 unter¬prechend,
1306 2326 1387 2386 unter
1419 2327 1462 2387 dem
1506 2329 1706 2389 Widerspruch
1738 2333 1781 2393 der
1813 2335 1975 2395 damaligen
2007 2334 2094 2394 rechts

2149 2346 2336 2406 „Casanovas
2393 2348 2581 2408 Heimfahrt"
2637 2350 2753 2410 (1918).
2798 2354 2974 2414 Schnitzlers
3030 2357 3140 2417 neueste

1116 2373 1257 2433 stehenden
1295 2375 1393 2435 Kreise
1421 2378 1594 2438 aufgeführt
1622 2381 1757 2441 wurden.

193 2387 214 2447 n
242 2387 336 2447 hatte,
370 2387 413 2447 bis
441 2387 513 2447 1893
541 2387 679 2447 Assistent
702 2387 790 2447 seines
813 2387 923 2447 Vaters
968 2387 1000 2447 an
1034 2387 1083 2447 der

2145 2396 2313 2456 erzählende
2342 2396 2440 2456 Werke
2464 2398 2539 2458 sind:
2563 2399 2655 2459 „Frl.
2673 2399 2754 2459 Else"
2789 2403 2899 2463 (1924),
2917 2403 2980 2463 eine
3004 2405 3033 2465 in
3062 2405 3142 2465 ihrer

223 2435 413 2495 allgemeinen
450 2435 630 2495 Poliklinik.
688 2435 754 2495 Den
806 2435 1074 2495 militärärztlichen

1147 2423 1313 2483 Schnitzlers
1343 2424 1435 2484 Werke
1459 2427 1550 2487 reihen
1580 2429 1625 2489 sich
1655 2430 1712 2490 nun
1742 2432 1764 2492 in
1794 2433 1903 2493 rascher
1926 2434 2030 2494 Folge.
2065 2435 2105 2495 Es
2146 2444 2325 2504 schwierigen
2366 2447 2446 2507 Form
2493 2447 2631 2507 geradezu
2672 2450 2867 2510 meisterhafte
2903 2453 3035 2513 Novelle,
3071 2457 3145 2517 „Die

216 2485 238 2545 in
273 2485 319 2545 den
354 2485 509 2545 Schnitzler
533 2484 630 2544 später
654 2484 734 2544 trat,
752 2484 855 2544 mußte
879 2484 907 2544 er
937 2484 999 2544 nach
1029 2485 1074 2545 der
1104 2474 1282 2534 erschienen:
1312 2475 1392 2535 „Das
1421 2475 1640 2535 Vermächtnis"
1676 2478 1785 2538 (1897),
1808 2479 1848 2539 die
1877 2481 1934 2541 drei
1958 2482 2096 2542 Einakter

2141 2492 2223 2552 Frau
2252 2492 2295 2552 des
2318 2493 2467 2553 Richters"
2495 2494 2589 2554 (1925)
2612 2494 2667 2554 und
2695 2495 2733 2555 als
2762 2497 2850 2557 letztes
2872 2500 3138 2560 „Traumnovelle“

184 2530 263 2590 ation
300 2534 392 2594 seines
417 2533 589 2593 „Leutnant
614 2531 718 2591 Gustl“
749 2533 890 2593 aufgeben
921 2533 982 2593 und
1014 2530 1074 2590 bald
1112 2519 1345 2579 „Paracelsus",
1358 2522 1431 2582 „Die
1450 2523 1646 2583 Gefährtin",
1653 2526 1733 2586 „Der
1746 2527 1837 2587 grüne
1856 2527 1984 2587 Kakadu"
2009 2532 2101 2592 (1898)

2150 2542 2259 2602 (1926).
2294 2542 2358 2602 Alle
2381 2542 2450 2602 diese
2474 2542 2572 2602 Werke
2596 2544 2647 2604 sind
2671 2545 2838 2605 durchwegs
2862 2548 2977 2608 kürzere
3001 2548 3133 2608 Arbeiten

1108 2571 1159 2631 sein
1185 2569 1319 2629 Drama:
1340 2571 1412 2631 „Der
1438 2572 1561 2632 Schleier
1588 2573 1634 2633 der
1655 2575 1809 2635 Beatrice"
1836 2577 1944 2637 (1899),
1965 2579 2037 2639 dann
2063 2581 2109 2641 der

177 2578 211 2638 e
235 2580 263 2640 er
286 2581 332 2641 sich
361 2584 569 2644 ausschließlich
598 2581 644 2641 der
668 2581 835 2641 Literatur.

2147 2590 2331 2650 erzählenden
2354 2592 2504 2652 Inhalts,
2516 2591 2654 2651 Novellen
2678 2594 2735 2654 und
2759 2596 2949 2656 Noveletten.
2967 2599 3133 2659 Schnitzlers

1104 2620 1363 2680 Einakterzyklus:
1393 2622 1569 2682 „Lebendige
1600 2623 1775 2683 Stunden",
1806 2626 1917 2686 woraus
1954 2628 2106 2688 besonders
2143 2636 2277 2696 einziger
2308 2639 2413 2699 großer
2449 2640 2561 2700 Roman
2597 2641 2714 2701 erschien
2756 2645 2844 2705 1908:
2874 2647 2956 2707 „Der
2986 2649 3056 2709 Weg
3092 2648 3138 2708 ins

198 2639 395 2699 Atmosphäre
435 2640 485 2700 der
514 2641 694 2701 Geistigkeit,
735 2639 779 2699 die
825 2639 852 2699 in
898 2641 1078 2701 Schnitzlers

1107 2668 1295 2728 „Literatur“
1319 2668 1495 2728 hervorragt
1525 2672 1636 2732 (1901),
1661 2674 1707 2734 das
1737 2674 1849 2734 Drama
1879 2676 1955 2736 „Der
1985 2678 2108 2738 einsame
2139 2684 2267 2744 Freie",
2286 2687 2350 2747 eine
2368 2688 2438 2748 groß
2469 2688 2597 2748 gesehene
2622 2691 2768 2751 Synthese
2792 2693 2833 2753 des
2864 2694 2992 2754 geistigen
3022 2697 3139 2757 Wiener

182 2688 247 2748 haus
275 2688 425 2748 herrschte,
464 2688 508 2748 die
536 2688 602 2748 enge
631 2688 812 2748 Berührung
852 2689 912 2749 mit
930 2688 979 2748 der
1024 2691 1067 2751 sog

1106 2713 1188 2773 Weg"
1228 2715 1333 2775 (1903),
1361 2715 1399 2775 die
1427 2717 1565 2777 Komödie
1599 2721 1842 2781 „Zwischenspiel"
1882 2724 1992 2784 (1904),
2015 2724 2108 2784 ferner

187 2737 374 2797 Gesellschaft
397 2736 447 2796 der
475 2736 535 2796 80er
563 2737 618 2797 und
653 2736 718 2796 90er
741 2737 857 2797 Jahre,
880 2736 957 2796 einer
985 2736 1079 2796 eigen¬

2147 2733 2256 2793 Lebens
2285 2735 2330 2795 zur
2354 2737 2418 2797 Zeit
2441 2739 2487 2799 der
2511 2737 2596 2797 letzten
2632 2739 2960 2799 Jahrhundertwende.

1105 2766 1129 2826 im
1170 2764 1285 2824 gleichen
1316 2766 1391 2826 Jahr
1422 2766 1482 2826 eine
1502 2769 1572 2829 neue
1598 2769 1834 2829 Einakterreihe:
1860 2772 2111 2832 „Marionetten“.

181 2790 191 2850 si
214 2787 346 2847 spezifisch
369 2785 601 2845 österreichischen
636 2787 785 2847 Mischung
808 2787 857 2847 von
886 2787 1073 2847 heterogenen

2174 2790 2220 2850 Es
2247 2792 2280 2852 ist
2307 2793 2346 2853 ein
2374 2796 2638 2856 charakteristisches
2666 2799 2817 2859 Merkmal
2838 2802 2884 2862 der
2911 2802 2930 2862 so
2958 2804 3129 2864 zahlreichen

1111 2814 1185 2874 „Der
1208 2814 1294 2874 junge
1316 2814 1516 2874 Medardus",
1538 2817 1619 2877 dessen
1652 2817 1819 2877 Titelrolle,
1842 2820 1884 2880 dem
1923 2821 2025 2881 großen
2058 2823 2106 2883 Jo¬

176 2833 262 2893 ten,
301 2835 349 2895 von
376 2835 554 2895 Gelehrten,
587 2835 862 2895 Großkaufleuten,
896 2836 1063 2896 Advokaten

2134 2843 2234 2903 Werke
2264 2850 2458 2910 Schnitzlers,
2482 2850 2528 2910 die
2559 2850 2605 2910 dem
2648 2853 2771 2913 Wiener
2801 2853 2906 2913 Milieu
2943 2856 3130 2916 entstammen

1105 2862 1142 2922 sef
1165 2862 1261 2922 Kainz
1289 2863 1451 2923 zugedacht,
1479 2865 1521 2925 dem
1565 2865 1700 2925 Künstler
1733 2868 1803 2928 nicht
1830 2870 1911 2930 mehr
1939 2871 1965 2931 zu
1998 2871 2100 2931 spielen

171 2883 250 2943 zern,
271 2883 417 2943 Bankiers
448 2883 478 2943 u.
499 2884 538 2944 a.,
574 2886 624 2946 der
665 2884 735 2944 enge
761 2883 892 2943 Kontakt
928 2886 988 2946 mit
1024 2886 1073 2946 der

2134 2900 2192 2960 und
2223 2901 2293 2961 auch
2323 2902 2440 2962 solcher,
2458 2903 2499 2963 die
2529 2903 2581 2963 erst
2606 2903 2635 2963 in
2665 2905 2712 2965 den
2742 2907 2912 2967 allerletzten
2943 2909 3054 2969 Jahren
3090 2909 3136 2969 er¬

1108 2911 1248 2971 vergönnt
1278 2911 1353 2971 war,
1379 2912 1413 2972 ist
1444 2912 1484 2972 ein
1519 2912 1630 2972 Drama
1661 2912 1715 2972 aus
1751 2913 1796 2973 dem
1842 2916 1936 2976 Tagen
1972 2917 2022 2977 der
2053 2916 2092 2976 Be

177 2933 192 2993 n
221 2930 270 2990 der
298 2933 402 2993 „ersten
436 2933 573 2993 deutschen
607 2933 750 2993 Bühne",
767 2933 816 2993 des
845 2933 1065 2993 Burgtheaters

2134 2951 2253 3011 schienen
2291 2954 2369 3014 sind,
2393 2954 2442 3014 daß
2479 2956 2514 3016 sie
2545 2956 2665 3016 zumeist
2690 2956 2793 3016 Bilder
2824 2958 2872 3018 der
2903 2960 2974 3020 Zeit
2999 2960 3054 3020 aus
3090 2963 3132 3023 des

1105 2957 1207 3017 setzung
1234 2958 1331 3018 Wiens
1358 2960 1434 3020 durch
1461 2960 1605 3020 Napoleon
1632 2960 1662 3020 I.
1678 2963 1843 3023 (erschienen
1874 2963 1972 3023 1909).
1993 2966 2091 3026 Diesen

191 2980 281 3040 seines
308 2981 419 3041 Vaters
446 2981 524 3041 Haus
551 2981 625 3041 aus=
647 2983 699 3043 und
726 2984 896 3044 eingingen,
912 2984 1059 3044 beeinfluß

2132 3005 2269 3065 Dichters
2300 3006 2438 3066 jüngeren
2469 3008 2583 3068 Jahren
2613 3008 2715 3068 geben.
2752 3011 2848 3071 Einer
2872 3011 2932 3071 viel
2957 3014 3125 3074 sorgloseren

1102 3005 1199 3065 Werke
1220 3008 1307 3068 folgte
1334 3007 1410 3067 „Das
1437 3008 1519 3068 weite
1540 3011 1637 3071 Land"
1669 3011 1781 3071 (1910),
1798 3011 1859 3071 eine
1885 3014 2101 3074 Tragikomödie

174 3030 320 3090 schnitzlers
349 3029 569 3089 Entwicklung;
592 3032 677 3092 dieses
711 3032 937 3092 Jugendmilieu
966 3032 1061 3092 drückt

1105 3053 1146 3113 des
1172 3056 1290 3116 Alterns
1316 3056 1372 3116 und
1399 3056 1466 3116 1902
1492 3059 1651 3119 „Professor
1672 3059 1858 3119 Berhardi",
1874 3059 1915 3119 ein
1941 3062 2090 3122 Schauspie

2135 3056 2194 3116 und
2225 3059 2483 3119 unbekümmerten
2514 3060 2610 3120 Welt,
2635 3062 2676 3122 als
2707 3062 2736 3122 es
2767 3063 2814 3123 die
2839 3065 2953 3125 heutige
2984 3067 3031 3127 ist,
3050 3067 3128 3127 eines

198 3083 333 3143 späteren
362 3086 498 3146 Schaffen
532 3086 605 3146 nicht
629 3086 758 3146 weniger
782 3087 826 3147 den
861 3086 1002 3146 Stempel
1025 3090 1075 3150 auf

1097 3104 1155 3164 aus
1182 3104 1229 3164 dem
1266 3104 1413 3164 ärztlichen
1446 3105 1556 3165 Beruf,
1578 3106 1619 3166 bei
1646 3106 1736 3166 seiner
1763 3107 1941 3167 Aufführung
1974 3109 2026 3169 von
2053 3111 2084 3171 po

2135 3109 2220 3169 satten
2264 3109 2318 3169 und
2356 3111 2441 3171 dabei
2467 3112 2681 3172 schöngeistigen
2718 3115 2945 3175 Bürgertums,
2982 3118 3018 3178 an
3075 3119 3129 3179 das

180 3136 199 3196 in
226 3136 381 3196 ärztlicher
402 3136 502 3196 Beruf

1102 3151 1220 3211 litischen
1251 3152 1390 3212 Gruppen
1422 3154 1664 3214 vielumstritten.
1690 3157 1737 3217 Im
1773 3157 1871 3217 Jahre
1897 3157 1964 3217 1915
1990 3157 2103 3217 erschie¬

2135 3166 2239 3226 soziale
2264 3166 2423 3226 Probleme
2448 3169 2527 3229 selten
2559 3170 2761 3230 herantreten.
2804 3172 2902 3232 Selten
2933 3175 3025 3235 hallen
3056 3176 3129 3236 seine

206 3190 372 3250 kleineren,
400 3191 496 3251 längst
524 3193 702 3253 vergessenen
740 3193 999 3253 Frühprodukten,
1026 3193 1074 3253 die
1102 3197 1155 3257 nen
1183 3199 1247 3259 drei
1264 3199 1398 3259 Einakter
1426 3202 1506 3262 unter
1534 3202 1576 3262 dem
1615 3202 1711 3262 Titel:
1734 3204 1890 3264 „Komödie
1912 3205 1954 3265 der
1982 3207 2089 3267 Worte"

2133 3217 2229 3277 Werke
2252 3218 2279 3278 in
2308 3220 2381 3280 einem
2421 3221 2545 3281 schrillen
2574 3223 2629 3283 Ton
2658 3224 2731 3284 aus,
2749 3226 2782 3286 sie
2805 3226 2963 3286 verklingen
2991 3226 3042 3286 und
3070 3228 3132 3288 ver¬

186 3245 365 3305 „Deutschen
392 3244 628 3304 Wochenschrift“
660 3244 754 3304 (1866)
776 3246 828 3306 und
855 3247 880 3307 in
913 3247 954 3307 der
981 3247 1065 3307 lange
1097 3249 1175 3309 1917
1207 3248 1259 3308 das
1291 3250 1422 3310 schwache
1455 3251 1543 3311 „Fink
1576 3251 1633 3311 und
1670 3253 1901 3313 Fliederbusch",
1928 3254 1991 3314 1919
2034 3257 2101 3317 „Die

2130 3265 2299 3325 dämmern.
2331 3269 2441 3329 Seine
2474 3270 2569 3330 weiche
2601 3271 2659 3331 und
2692 3271 2775 3331 dabei
2802 3275 2850 3335 oft
2872 3277 3046 3337 spielerische
3078 3276 3136 3336 Be¬

175 3295 243 3355 nehr
270 3299 449 3359 bestehenden
481 3299 643 3359 Zeitschrift
665 3300 722 3360 „An
755 3298 796 3358 der
823 3301 928 3361 schönen
960 3301 1065 3361 blauen
1092 3298 1271 3358 Schwestern
1308 3298 1371 3358 oder
1403 3299 1550 3359 Casanova
1582 3301 1608 3361 in
1645 3301 1745 3361 Spa",
1767 3301 1834 3361 1924
1872 3304 2024 3364 „Komödie
2056 3306 2098 3366 der

2133 3313 2282 3373 handlung
2310 3315 2354 3375 der
2382 3315 2537 3375 Probleme
2560 3317 2625 3377 läßt
2648 3318 2803 3378 Schnitzler
2831 3320 2875 3380 als
2903 3321 2947 3381 den
2976 3324 3130 3384 ausge¬

168 3333 194 3393 "
227 3342 329 3402 (1889)
357 3346 513 3406 erschienen
546 3348 621 3408 sind,
644 3348 681 3408 ist
709 3348 757 3408 sein
795 3348 897 3408 erstes,
919 3350 1049 3410 aufsehen

1095 3345 1310 3405 Verführung"
1343 3346 1396 3406 und
1435 3348 1499 3408 1925
1537 3348 1580 3408 die
1613 3350 1801 3410 dramatische
1834 3354 1990 3414 Dichtung:
2023 3354 2098 3414 „Der

2134 3363 2374 3423 sprochenen
2410 3366 2759 3426 österreichischen
2796 3370 2963 3430 Dichter
3012 3372 3132 3432 erschei¬

159 3389 235 3449 ndes
267 3393 323 3453 und
349 3395 374 3455 in
406 3396 452 3456 der
478 3396 643 3456 damaligen
674 3396 741 3456 Zeit
767 3396 808 3456 als
834 3397 900 3457 kühn
932 3398 1071 3458 empfun=
1097 3396 1189 3456 Gang
1216 3396 1267 3456 zum
1303 3394 1452 3454 Weiher“.

2125 3408 2200 3468 nen,
2227 3409 2275 3469 den
2314 3411 2481 3471 Dichter
2509 3414 2627 3474 eines
2660 3418 2962 3478 vergangenen
2995 3420 3135 3480 Wien,

199 3441 281 3501 Werk
307 3444 478 3504 „Anatol",
515 3444 576 3504 eine
623 3444 716 3504 Reihe
758 3444 809 3504 von
862 3447 1068 3507 dramatischen

1139 3446 1311 3506 Schnitzlers
1344 3448 1490 3508 Eigenart
1510 3449 1567 3509 und
1600 3450 1701 3510 großes
1734 3450 1843 3510 Talent
1869 3450 2022 3510 offenbar:
2048 3456 2092 3516 sich
2125 3458 2214 3518 dessen
2247 3460 2412 3520 Landschaft
2439 3462 2490 3522 und
2523 3463 2688 3523 Umgebung
2721 3465 2746 3525 in
2772 3467 2861 3527 seinen
2894 3471 3002 3531 Werken
3035 3472 3130 3532 leben¬

168 3495 232 3555 pen,
257 3495 296 3555 die
314 3495 378 3555 mit
395 3497 475 3557 ihren
500 3497 589 3557 scharf
614 3497 800 3557 beobuchteten
833 3498 978 3558 Menschen
1003 3498 1059 3558 und
1101 3500 1181 3560 nicht
1223 3501 1352 3561 weniger
1394 3503 1425 3563 in
1467 3504 1563 3564 seinen
1613 3504 1799 3564 erzählenden
1848 3506 1985 3566 Werken.
2019 3507 2091 3567 1892
2132 3510 2180 3570 dig
2205 3513 2294 3573 wird.
