3436 4352
212 354 280 414 12

396 359 973 419 Schnitzler's
1043 362 1273 422 Death

1498 368 1618 428 box
1695 371 1877 431 42/6

910 876 1633 936 OBSERVER

995 930 1020 990 I.
1038 930 1156 990 österr.
1174 930 1322 990 behördl.
1344 930 1632 990 konzessioniertes

968 971 1195 1031 Unternehmen
1228 968 1272 1028 für
1295 968 1666 1028 Zeitungs-Ausschnitte

1018 1025 1163 1085 WIEN,
1184 1030 1230 1090 I.,
1251 1031 1536 1091 WOLLZEILE
1576 1026 1622 1086 11

1106 1081 1326 1141 TELEPHON
1359 1080 1536 1140 R-23-0-43

903 1223 1128 1283 Ausschnitt
1155 1222 1219 1282 aus

1186 1368 1258 1428 Das
1273 1362 1381 1422 Klelne
1403 1361 1497 1421 Blatt,
1505 1354 1583 1414 Wien

908 1446 1019 1506 vom:

1151 1527 1250 1587 22.
1269 1515 1416 1575 OKT.
1435 1518 1534 1578 1937

1703 1721 1741 1781 an
1772 1726 1819 1786 der
1840 1727 1960 1787 Wiener
1982 1727 2166 1787 Universität
2188 1727 2238 1787 und
2260 1730 2401 1790 arbeitete
2423 1731 2466 1791 bis
2492 1733 2538 1793 zum

887 1750 1085 1810 Artur
1131 1753 1465 1813 Schnitzler
1511 1755 1636 1815 tot.

1706 1768 1807 1828 Jahre
1834 1768 1918 1828 1893,
1936 1771 1998 1831 eine
2025 1771 2162 1831 Zeitlang
2189 1771 2233 1831 als
2264 1771 2503 1831 Sekundararzt,
2522 1774 2556 1834 an

1712 1810 1918 1870 verschiedenen
1952 1813 2102 1873 Kliniken.
2124 1813 2214 1873 Dann
2244 1813 2342 1873 wurde
2369 1816 2415 1876 der
2441 1817 2557 1877 Dichter

884 1814 938 1874 Ein
973 1819 1081 1879 großer
1112 1819 1225 1879 Dichter
1265 1819 1304 1879 ist
1339 1819 1388 1879 von
1428 1822 1481 1882 uns
1517 1822 1664 1882 gegangen

1712 1852 1734 1912 in
1770 1855 1813 1915 ihm
1858 1855 1968 1915 stärker
1995 1855 2039 1915 als
2075 1855 2118 1915 der
2150 1856 2238 1916 Arzt,
2260 1858 2393 1918 wiewohl
2420 1858 2450 1918 er
2482 1858 2556 1918 seine

833 1858 955 1918 Gestern
993 1861 1081 1921 abend
1115 1861 1151 1921 ist
1199 1861 1259 1921 Dr.
1302 1859 1400 1919 Artur
1447 1867 1676 1927 Schnitzler

1711 1899 1905 1959 medizinische
1933 1900 2078 1960 Tätigkeit
2101 1900 2146 1960 nie
2169 1900 2250 1960 völlig
2278 1901 2382 1961 aufgab
2410 1901 2464 1961 und
2492 1903 2554 1963 auch

834 1900 945 1960 wenige
969 1903 1094 1963 Monate
1118 1903 1164 1963 vor
1188 1904 1369 1964 Vollendung
1398 1906 1490 1966 seines
1514 1909 1671 1969 siebzigster

836 1944 1067 2004 Lebensjahres,
1090 1947 1166 2007 eines
1194 1947 1305 2007 sanften
1333 1950 1426 2010 Todes
1449 1950 1685 2010 gestorben.
1709 1944 1741 2004 in
1769 1941 1862 2001 seinen
1896 1943 2088 2003 literarischen
2117 1942 2232 2002 Werken
2266 1944 2337 2004 nicht
2360 1946 2563 2006 verleugnete.

831 1988 896 2048 Der
920 1989 1031 2049 Dichter
1054 1989 1114 2049 war
1138 1989 1245 2049 bereits
1269 1992 1390 2052 längere
1413 1993 1478 2053 Zeit
1497 1992 1678 2052 herzleidend

1763 2001 1918 2061 Schnitzler
1953 2004 1991 2064 ist
2021 2004 2073 2064 der
2108 2004 2224 2064 Dichter
2259 2004 2312 2064 des
2351 2010 2550 2070 seinsinnigen

829 2031 975 2091 gewesen,
998 2034 1052 2094 doch
1080 2034 1158 2094 hatte
1186 2034 1212 2094 er
1240 2034 1286 2094 bis
1314 2035 1368 2095 zum
1410 2037 1501 2097 letzten
1533 2037 1610 2097 Tage
1638 2035 1679 2095 ge¬

1706 2046 1906 2106 Bürgertums
1933 2046 2101 2106 geworden.
2124 2048 2235 2108 Seinem
2279 2049 2364 2109 hellen
2395 2051 2471 2111 Blick
2493 2049 2559 2109 ent¬

832 2076 973 2136 arbeitet.
998 2076 1114 2136 Gestern
1152 2076 1309 2136 vormittag
1343 2078 1509 2138 unternahm
1555 2080 1584 2140 er
1618 2080 1667 2140 nod

1707 2092 1774 2152 ging
1813 2088 1884 2148 nicht
1919 2088 1961 2148 die
2001 2091 2163 2151 Auflösung
2207 2091 2255 2151 der
2289 2094 2548 2154 gesellschaftlichen

833 2118 916 2178 einen
947 2121 1173 2181 Spaziergang,
1195 2118 1243 2178 von
1280 2118 1328 2178 dem
1368 2119 1398 2179 er
1426 2121 1461 2181 um
1505 2121 1536 2181 11
1567 2123 1624 2183 Uhr
1651 2122 1677 2182 in

1713 2130 1853 2190 Formen,
1895 2131 1948 2191 wie
1977 2133 2012 2193 sie
2045 2133 2090 2193 sich
2136 2134 2350 2194 insbesondere
2400 2136 2427 2196 im
2469 2136 2559 2196 öster¬

829 2162 910 2222 seine
938 2162 1087 2222 Wohnung
1115 2162 1141 2222 in
1173 2162 1218 2222 der
1251 2162 1540 2222 Sternwartestraße
1568 2165 1681 2225 zurück¬

1707 2175 1865 2235 reichischen
1897 2175 2069 2235 Bürgertum
2115 2177 2264 2237 spiegelte,
2288 2177 2346 2237 und
2374 2177 2400 2237 er
2433 2180 2482 2240 hat
2510 2179 2550 2239 ihr

831 2204 938 2264 kehrte.
962 2206 1026 2266 Wie
1059 2206 1218 2266 alltäglich,
1242 2207 1376 2267 diktierte
1405 2207 1437 2267 er
1465 2207 1539 2267 dann
1582 2209 1674 2269 seiner
1713 2215 1768 2275 mit
1792 2217 1968 2277 geistreicher
1992 2218 2099 2278 Ironie
2127 2216 2192 2276 oder
2225 2219 2276 2279 mit
2300 2220 2393 2280 zarter
2421 2224 2560 2284 Wehmut

835 2249 1024 2309 Sekretärin.
1041 2248 1172 2308 Plötzlich
1199 2247 1209 2307 —
1257 2247 1288 2307 es
1315 2248 1378 2308 war
1405 2252 1541 2312 fünfzehn
1574 2252 1679 2312 Minu=
1711 2257 1832 2317 Gestalt
1864 2260 2022 2320 verliehen.
2054 2261 2112 2321 Mit
2139 2261 2444 2321 bewundernswerter
2482 2264 2560 2324 Hell¬

1712 2303 1850 2363 hörigkeit
1879 2303 2004 2363 lauschte
2047 2303 2075 2363 er
2110 2303 2157 2363 dem
2206 2303 2334 2363 Klingen
2374 2306 2421 2366 der
2455 2306 2560 2366 Seele.

1757 2351 1848 2411 Schon
1888 2353 2066 2413 Schnitzlers
2106 2356 2198 2416 erstes
2237 2352 2324 2412 Werk
2358 2359 2552 2419 „Anatol“

1705 2395 1822 2455 verriet
1882 2395 1921 2455 die
1966 2395 2112 2455 Eigeaart
2172 2397 2220 2457 des
2285 2398 2432 2458 Dichters.
2491 2401 2549 2461 Und

1700 2435 1767 2495 nun
1836 2440 1913 2500 folgt
1977 2438 2040 2498 eine
2104 2440 2240 2500 stattliche
2309 2440 2400 2500 Reihe
2464 2440 2559 2500 form¬

1705 2479 1889 2539 vollendeter
1919 2481 2124 2541 Kunstwerke,
2146 2482 2191 2542 die
2238 2482 2288 2542 den
2343 2483 2455 2543 Namen
2510 2482 2560 2542 des

1711 2522 1842 2582 Dichters
1874 2522 1895 2582 in
1927 2522 1970 2582 die
1997 2523 2076 2583 Welt
2099 2526 2222 2586 trugen.
2240 2524 2301 2584 Das
2350 2525 2407 2585 echt
2447 2527 2557 2587 wiene¬

1706 2564 1796 2624 rische
1829 2566 2005 2626 Schauspiel
2051 2565 2296 2625 „Liebelei",
2342 2568 2391 2628 das
2446 2571 2555 2631 mutige

1714 2607 1934 2667 Antiduellstück
1974 2609 2233 2669 „Freiwild“,
2262 2610 2309 2670 der
2354 2613 2565 2673 „Reigen“,

1706 2649 1883 2709 Schnitzlers
1916 2652 2140 2712 umstrittenstes
2178 2652 2275 2712 Werk,
2299 2653 2340 2713 die
2369 2653 2462 2713 beiden
2500 2652 2560 2712 No¬

1711 2691 1800 2751 vellen
1833 2694 2065 2754 „Leutnant
2089 2694 2219 2754 Gustl“
2243 2694 2299 2754 und
2327 2697 2550 2757 „Fräulein

1706 2733 1841 2793 Else",
1860 2735 2047 2795 meisterhaft
2070 2735 2093 2795 in
2126 2735 2173 2795 der
2206 2738 2294 2798 Kraft
2337 2738 2383 2798 der
2430 2738 2560 2798 Seelen¬

1713 2776 1889 2836 schilderung
1921 2777 1975 2837 und
2008 2779 2062 2839 mit
2103 2780 2225 2840 höchster
2271 2780 2465 2840 Sprachkunst
2511 2782 2561 2842 ge¬

1707 2816 1821 2876 formt,
1841 2819 1888 2879 der
1918 2819 2032 2879 Roman
2071 2822 2167 2882 „Der
2196 2822 2282 2882 Weg
2311 2822 2373 2882 ins
2407 2825 2565 2885 Freie“,

1711 2861 1762 2921 das
1795 2864 1953 2924 historische
1987 2864 2098 2924 Drama
2155 2864 2252 2924 „Der
2299 2867 2429 2927 junge
2481 2867 2560 2927 Me¬

1704 2903 1890 2963 dardus“
1923 2905 1982 2965 und
2014 2906 2054 2966 die
2087 2906 2141 2966 mit
2169 2906 2278 2966 kühner
2310 2909 2483 2969 Gesinnung
2515 2908 2560 2968 er¬

1713 2944 1799 3004 füllte
1828 2947 1967 3007 Komödie
2006 2949 2251 3009 „Professor
2285 2953 2568 3013 Bernhardi",

1712 2988 1753 3048 die
1782 2990 1865 3050 lange
1894 2992 1963 3052 Zeit
1987 2992 2033 3052 von
2066 2992 2113 3052 der
2155 2992 2393 3052 österreichischen
2440 2994 2556 3054 Zensur

1710 3031 1843 3091 verboten
1877 3032 1956 3092 war.
1977 3034 2039 3094 Vor
2069 3036 2168 3096 kurzem
2211 3037 2268 3097 erst
2294 3037 2327 3097 ist
2369 3035 2435 3095 eine
2482 3037 2556 3097 neue

1712 3076 2025 3136 Novellensammlung
2120 3077 2278 3137 „Flucht
2363 3079 2400 3139 in
2495 3079 2560 3139 die

1707 3118 1975 3178 Finsternis“
2009 3118 2164 3178 erschienen

829 3157 876 3217 ten
909 3159 969 3219 nach
998 3159 1030 3219 11
1054 3159 1110 3219 Uhr
1134 3157 1147 3217 —
1194 3159 1292 3219 wurde
1316 3159 1344 3219 er
1368 3160 1629 3220 bewußtlos.
1649 3159 1657 3219 E

1769 3165 1808 3225 Es
1839 3167 1905 3227 muß
1937 3168 2091 3228 Schnitzler
2122 3169 2175 3229 zur
2197 3171 2369 3231 besonderen
2405 3170 2480 3230 Ehre
2507 3168 2559 3228 an¬

831 3201 870 3261 ist
891 3201 945 3261 aus
971 3204 1066 3264 seiner
1087 3202 1252 3262 Ohnmacht
1278 3203 1348 3263 nicht
1374 3203 1454 3263 mehr
1479 3204 1615 3264 erwacht,
1630 3205 1665 3265 um
1716 3209 1866 3269 gerechnet
1897 3212 2027 3272 werden,
2053 3213 2098 3273 daß
2129 3212 2158 3272 er
2189 3212 2233 3272 sich
2264 3212 2309 3272 nie
2340 3213 2369 3273 an
2405 3213 2445 3273 die
2475 3213 2560 3273 Seite

831 3243 880 3303 ¼7
910 3246 964 3306 Uhr
994 3246 1067 3306 stand
1097 3246 1150 3306 das
1176 3247 1254 3307 Herz
1279 3246 1323 3306 des
1353 3246 1485 3306 Dichters
1515 3247 1583 3307 still.
1604 3246 1682 3306 Ver=
1712 3249 1761 3309 der
1791 3255 1992 3315 Kriegshetzer
2017 3255 2120 3315 stellte.
2145 3255 2184 3315 Es
2214 3255 2248 3315 ist
2278 3255 2351 3315 seine
2376 3256 2489 3316 Tragik
2514 3256 2562 3316 ge¬

833 3288 944 3348 mutlich
973 3288 1024 3348 hat
1047 3288 1089 3348 ein
1117 3290 1419 3350 Gehirnschlag
1448 3292 1540 3352 seinem
1583 3291 1670 3351 Leben
1709 3295 1824 3355 wesen,
1844 3298 1894 3358 daß
1927 3297 1973 3357 er,
1992 3297 2038 3357 der
2067 3297 2141 3357 letzte
2170 3297 2360 3357 künstlerische
2384 3299 2481 3359 Zeuge
2509 3296 2555 3356 des

833 3332 878 3392 ein
910 3332 991 3392 Ende
1019 3332 1158 3392 bereitet.

1706 3341 1810 3401 geistig
1842 3338 2077 3398 hochstehenden,
2119 3338 2259 3398 liberalen
2319 3340 2550 3400 österreichischen

1706 3380 1933 3440 Bürgertums,
1961 3383 2005 3443 den
2042 3383 2215 3443 Untergang
2247 3381 2328 3441 jener
2361 3380 2470 3440 Schicht
2511 3379 2560 3439 er¬

880 3409 956 3469 Das
993 3413 1094 3473 Leben
1136 3413 1201 3473 und
1237 3412 1344 3472 Werk
1374 3414 1433 3474 des
1464 3413 1641 3473 Dichlers.

1711 3422 1792 3482 leben
1829 3425 1943 3485 mußte,
1966 3425 2012 3485 die
2039 3425 2071 3485 er
2099 3425 2125 3485 in
2176 3423 2271 3483 seinen
2327 3422 2445 3482 Werken
2496 3421 2563 3481 ver¬

1713 3467 1804 3527 ewigt
1834 3467 1896 3527 hat.

893 3470 985 3530 Artur
1009 3470 1163 3530 Schnitzler
1192 3470 1284 3530 wurde
1313 3470 1345 3530 am
1388 3470 1434 3530 15.
1453 3470 1523 3530 Mai
1542 3470 1611 3530 1862
1640 3470 1682 3530 alt

833 3511 916 3571 Sohn
943 3512 991 3572 des
1018 3513 1173 3573 bekannten
1204 3512 1323 3572 Wiener
1346 3513 1452 3573 Arztes
1483 3515 1536 3575 und
1563 3515 1686 3575 Univer¬

1769 3517 1856 3577 Ganz
1888 3518 2077 3578 unerwartet
2104 3518 2139 3578 ist
2184 3518 2241 3578 nun
2295 3516 2352 3576 sein
2401 3516 2462 3576 Tod
2511 3515 2564 3575 ge¬

836 3556 1080 3616 sitätsprofessors
1115 3556 1178 3616 Dr.
1208 3556 1330 3616 Johann
1370 3557 1594 3617 Schnitzler
1629 3559 1682 3619 ge=
1713 3558 1864 3618 kommen.
1904 3560 1996 3620 Schon
2045 3560 2143 3620 waren
2197 3559 2246 3619 für
2290 3557 2343 3617 den
2393 3559 2554 3619 siebzigsten

828 3598 936 3658 boren.
958 3599 1039 3659 Zwei
1062 3599 1260 3659 Anregungen
1291 3601 1420 3661 empfing
1451 3601 1498 3661 der
1524 3601 1628 3661 Knabe
1654 3601 1680 3661 in

1712 3603 1897 3663 Geburtstag
1933 3602 1981 3662 des
2012 3601 2145 3661 Dichters
2176 3601 2263 3661 große
2313 3598 2405 3658 Ehren
2458 3598 2559 3658 vorbe¬

833 3643 882 3703 dem
924 3643 1023 3703 Hause
1046 3643 1090 3703 des
1118 3644 1312 3704 angesehenen
1340 3643 1466 3703 Vaters,
1485 3645 1525 3705 die
1548 3644 1597 3704 für
1620 3643 1679 3703 sein
1715 3645 1819 3705 reitet,
1842 3646 1869 3706 im
1914 3644 2113 3704 Burgtheater
2145 3644 2199 3704 und
2231 3643 2253 3703 im
2299 3641 2425 3701 Theater
2453 3642 2475 3702 in
2512 3643 2556 3703 der

832 3685 922 3745 Leben
957 3685 1147 3745 bestimmend
1177 3685 1298 3745 waren:
1328 3686 1371 3746 die
1402 3688 1483 3748 Liebe
1514 3689 1565 3749 zur
1596 3688 1677 3748 Kuns

1713 3688 1872 3748 Josefstadt
1900 3688 1996 3748 sollten
2028 3688 2101 3748 viele
2148 3685 2426 3745 Festvorstellungen
2477 3685 2563 3745 statt¬

1717 3729 1830 3789 finden.
1853 3729 1920 3789 Nun
1957 3729 2007 3789 hat
2034 3730 2079 3790 sich
2112 3729 2157 3789 die
2189 3727 2497 3787 Geburtstagsfreude
2530 3726 2552 3786 in

826 3726 876 3786 des
904 3729 1059 3789 Arztes
1087 3728 1146 3788 und
1174 3731 1205 3791 zu
1238 3729 1283 3789 der
1311 3729 1356 3789 des
1389 3730 1599 3790 Dichters.
1618 3729 1681 3789 Der

835 3772 923 3832 junge
956 3774 1110 3834 Schnitzler
1143 3773 1281 3833 studierte
1310 3774 1463 3834 Medizin,
1487 3774 1682 3834 promovierte
1715 3771 1841 3831 Trauer
1865 3771 2059 3831 verwandelt.
