3392 4384
1449 393 1575 453 box
1654 394 1890 454 43/26

342 404 935 464 Schnitzler's
1003 401 1231 461 Deatl

385 856 1116 916 DOBSERVER

474 900 495 960 I.
509 902 629 962 österr.
643 909 793 969 behördl.
807 922 1104 982 konzessioniertes

426 942 662 1002 Unternehmen
689 950 739 1010 für
762 963 1152 1023 Zeitungs-Ausschnitte

474 1003 626 1063 WIEN,
654 1011 702 1071 I.,
723 1020 1014 1080 WOLLZEILE
1063 1031 1103 1091 11

570 1061 787 1121 TELEPHON
821 1071 999 1131 R-23-0-43

366 1194 594 1254 Ausschnitt
611 1205 720 1265 ausie
738 1205 839 1265 Freie
857 1201 991 1261 Presse,
1009 1193 1101 1253 Wien

672 1308 1138 1368 ENDAUSGABE

349 1416 464 1476 vom:

713 1479 740 1539 2
770 1477 818 1537 4.
838 1477 962 1537 OKT.
991 1474 1087 1534 1931

172 1629 275 1689 Der
329 1626 695 1686 literarische
750 1636 997 1696 Nachlaß
1052 1638 1273 1698 Arthur

545 1707 908 1767 Schuitzlers,

254 1760 312 1820 Die
356 1763 431 1823 erste
466 1768 626 1828 Nachschan
678 1766 711 1826 im
764 1769 948 1829 kiterarischen
1000 1771 1127 1831 Nachlaß
1179 1772 1287 1832 Anthur

168 1811 426 1871 Schnitzlers
462 1811 517 1871 hat
554 1814 686 1874 ergeben,
722 1814 770 1874 daß
813 1814 861 1874 der
897 1817 953 1877 Di
975 1817 1023 1877 ter
1059 1818 1142 1878 neben
1185 1817 1275 1877 seinem

169 1858 338 1918 Schauspiel
371 1861 470 1921 „Zug
502 1858 571 1918 der
597 1859 823 1919 Schatten"
855 1864 918 1924 noch
944 1865 1049 1925 zwei
1075 1865 1288 1925 Einakter

169 1905 348 1965 hinterlassen
379 1906 444 1966 hat,
469 1906 516 1966 von
553 1907 637 1967 denen
674 1907 745 1967 einer
776 1907 799 1967 in
836 1910 937 1970 Versen
968 1911 1130 1971 geschrieben
1166 1913 1202 1973 ist
1233 1912 1280 1972 und

166 1953 189 2013 in
220 1951 387 2011 historischem
430 1951 526 2011 Milien
557 1956 652 2016 spielt,
665 1955 796 2015 während
821 1956 869 2016 der
887 1957 983 2017 zweite
1008 1957 1163 2017 Einakter,
1182 1957 1290 2017 betitelt

171 1999 302 2059 „Haus
340 1999 581 2059 Delorme",
612 2001 635 2061 in
679 2002 793 2062 heiterer
830 2005 908 2065 Form
963 2005 1005 2065 die
1042 2005 1295 2065 Lebensgeschichte

168 2044 242 2104 einer
260 2044 380 2104 ehemals
404 2045 462 2105 sehr
485 2047 634 2107 benannten
664 2048 773 2108 Wiener
797 2050 1022 2110 Schauspielerin
1051 2050 1206 2110 behandelt.
1224 2050 1281 2110 Das

164 2093 252 2153 Stück
282 2092 316 2152 ist
341 2092 393 2152 vor
417 2092 488 2152 etwa
512 2095 617 2155 dreißig
653 2097 759 2157 Jahren
789 2097 953 2157 geschrieben
983 2097 1089 2157 worden
1125 2096 1178 2156 und
1208 2097 1283 2157 sollte

165 2138 231 2198 auch
269 2137 292 2197 in
330 2139 433 2199 Berlin
471 2143 525 2203 zur
556 2143 745 2203 Aufführung
783 2143 935 2203 gelangen,
966 2146 1057 2206 wurde
1095 2144 1179 2204 jedoch
1217 2143 1265 2203 vom

165 2184 281 2244 Dichter
306 2187 545 2247 zurückgezogen.
570 2188 736 2248 Schließlich
767 2190 865 2250 fanben
896 2190 944 2250 sich
976 2190 1037 2250 noch
1069 2190 1111 2250 die
1130 2190 1289 2250 Entwürfe

157 2239 196 2299 2
230 2233 302 2293 einer
329 2235 468 2295 Komödie
495 2235 547 2295 aus
575 2235 613 2295 dem
661 2238 759 2298 Milien
793 2238 839 2298 der
866 2238 978 2298 Wiener
1006 2238 1131 2298 Bohème
1158 2238 1224 2298 vor.

257 2312 734 2372 Trauerkundgebung
776 2317 845 2377 des
887 2316 1181 2376 Allgemeinen

164 2369 692 2429 Schriftstellervereines
727 2370 905 2430 Herlin,
932 2374 1280 2434 Landesgruppe

1736 2396 1936 2456 XLAEEFORTCR

507 2428 957 2488 Wien-Oesterreich.

1676 2483 1695 2543 2
1727 2483 1777 2543 4.
1798 2483 1919 2543 0KT.
1941 2475 2031 2535 1931

249 2475 289 2535 Am
331 2477 587 2537 Mitgliederabend
613 2481 661 2541 vom
696 2483 752 2543 22.
778 2483 802 2543 d.
827 2480 1025 2540 veranstaltete
1043 2482 1083 2542 der
1109 2482 1281 2542 Allgemeine

166 2525 464 2585 Schriftstellerverein
491 2528 663 2588 Oesterreich
691 2529 743 2589 eine
770 2528 1076 2588 Trouerkundgebung
1103 2530 1149 2590 für
1176 2529 1288 2589 Arthur

166 2574 409 2634 Schnitzler.
429 2575 484 2635 Der
510 2576 659 2636 Präsident
679 2576 722 2636 der
748 2576 984 2636 Landesgruppe,
998 2579 1140 2639 PProfessor
1166 2577 1278 2637 Doktor

1444 2620 1688 2680 Schnitzlers
1727 2620 1989 2680 literarischer
2028 2622 2225 2682 Nachlaß.

165 2617 274 2677 Robert
306 2622 459 2682 Nagel,
485 2620 558 2680 hielt
589 2620 650 2680 eine
676 2623 884 2683 schwungvolle
915 2623 1111 2683 Gedenkrede.
1137 2623 1198 2683 Die
1229 2623 1290 2683 Er¬

168 2668 323 2728 sHhienenen
349 2671 463 2731 erhoben
489 2672 546 2732 sich
571 2673 620 2733 zum
654 2674 769 2734 Zeichen
803 2674 843 2734 der
869 2674 983 2734 Trauer
1008 2674 1057 2734 von
1083 2674 1131 2734 den
1157 2674 1287 2734 Plätzen.

1444 2686 1564 2746 Wien,
1591 2691 1648 2751 23.
1674 2689 1840 2749 Oktober.
1886 2693 1936 2753 Im
1982 2692 2129 2752 Nachlaß
2181 2693 2289 2753 Artur

1386 2740 1594 2800 Schnitzlers
1629 2740 1785 2800 befindet
1815 2742 1866 2802 sich
1902 2742 1948 2802 ein
1978 2743 2203 2803 Schauspiel,
2238 2742 2295 2802 be¬

1389 2788 1495 2848 titelt:
1536 2794 1637 2854 „Zug
1672 2791 1728 2851 der
1757 2789 1966 2849 Schatten“.
2013 2791 2182 2851 Daneben
2234 2791 2295 2851 hat

1385 2835 1574 2895 Schnitzler
1602 2838 1677 2898 auch
1710 2838 1747 2898 an
1780 2838 1872 2898 einem
1921 2838 2056 2898 Roman
2089 2838 2294 2898 gearbeitet.

1389 2893 1435 2953 Zu
1470 2889 1574 2949 seinem
1615 2886 1835 2946 literarischen
1865 2889 2212 2949 Nachlaßverwalter
2236 2889 2293 2949 hat

1389 2937 1576 2997 Schnitzler
1599 2937 1686 2997 schon
1726 2937 1786 2997 vor
1814 2937 1946 2997 Jahren
1985 2939 2040 2999 den
2079 2938 2294 2998 Dramatur¬

1380 2988 1447 3048 gen
1493 2985 1548 3045 der
1577 2985 1741 3045 Berliner
1776 2988 2115 3048 Reinhardt=Bühne
2155 2988 2290 3048 Doktor

1383 3036 1504 3096 Franz
1529 3035 1638 3095 Horch
1663 3035 1809 3095 bestellt.

309 3137 580 3197 Göteborgs
622 3140 791 3200 Posten

579 3309 763 3369 /1928

175 3373 234 3433 alla
270 3367 470 3427 vedermoior
503 3364 553 3424 oen
589 3361 643 3421 dev

185 3415 233 3475 ket
261 3415 315 3475 och
348 3409 495 3469 hjärdigt
523 3406 554 3466 om
599 3400 778 3460 kvällarna.

1030 3424 1227 3484 AUNSCHMITT
1253 3418 1334 3478 VOM.
1410 3409 1475 3469 24
1517 3403 1615 3463 OKI.
1625 3403 1681 3463 193

235 3540 396 3600 Diktaren
425 3535 537 3595 önskar
566 3530 883 3590 fattigbegrávning.

1201 3546 1497 3606 Casseler.
1508 3535 1814 3595 Tageblatt

216 3608 337 3668 Arthur
364 3602 539 3662 Schnitzler
566 3597 618 3657 har
645 3596 660 3656 i
677 3594 735 3654 sitt
757 3591 931 3651 testamen¬

1062 3663 1099 3723 /—
1143 3658 1256 3718 Arthur
1281 3648 1462 3708 Schnitzlers
1488 3641 1581 3701 letzter
1608 3634 1719 3694 Wille.
1752 3625 1819 3685 Wie
1845 3622 1895 3682 der
1921 3616 2001 3676 Sohn

186 3651 210 3711 te
251 3648 387 3708 bestämt
423 3645 473 3705 att
504 3642 584 3702 hans
620 3636 806 3696 begravning
852 3630 937 3690 skall

1031 3701 1071 3761 des
1112 3695 1326 3755 verstordenen
1390 3682 1516 3742 Wiener
1571 3670 1789 3730 Dramatikers
1844 3657 2016 3717 Arthur

182 3692 230 3752 bli
257 3689 288 3749 så
329 3686 422 3746 enkel
453 3684 506 3744 som
556 3681 697 3741 möjligt:
760 3675 795 3735 en
836 3673 933 3733 tredje

1028 3739 1259 3799 Schnißlyr
1301 3726 1455 3786 mitteilt,
1491 3717 1548 3777 hat
1590 3713 1625 3773 er
1672 3708 1697 3768 im
1739 3703 1867 3763 Nachlaß
1920 3694 2012 3754 seines

191 3732 327 3792 klassens
355 3728 536 3788 jordafärd,
555 3721 604 3781 som
646 3719 700 3779 det
723 3717 768 3777 lär
796 3716 868 3776 heta
901 3715 932 3775 på

1034 3781 1167 3841 Vaters/
1177 3771 1320 3831 fokgende
1354 3761 1573 3821 Verfügungen
1612 3745 1842 3805 vorgefunden:
1876 3733 2023 3793 „Bestim¬

184 3771 403 3831 fackspräket.
450 3764 518 3824 Han
550 3761 664 3821 önskar
692 3758 806 3818 varken
838 3755 939 3815 blom-

1030 3819 1180 3879 mungen,
1201 3814 1246 3874 die
1277 3810 1312 3870 ich
1348 3806 1433 3866 gleich
1464 3799 1534 3859 nach
1565 3791 1681 3851 meinem
1727 3780 1863 3840 Ableben
1914 3774 1943 3834 zu
1979 3770 2024 3830 er¬

191 3816 256 3876 mor
284 3812 358 3872 eller
382 3806 614 3866 klockringning
642 3803 693 3863 och
721 3799 804 3859 ännu
837 3794 934 3854 mind¬

1039 3860 1123 3920 füllen
1164 3852 1259 3912 bitte:
1291 3845 1451 3905 Herzslich/
1492 3833 1578 3893 keine
1629 3826 1769 3886 Kränze,
1810 3816 1895 3876 keine
1926 3809 2026 3869 Parte

191 3856 221 3916 re
257 3854 358 3914 nâgon
403 3848 596 3908 procession.
655 3840 716 3900 De,
743 3839 796 3899 som
845 3836 941 3896 even¬

1049 3892 1352 3952 schwarzumrahmte
1383 3873 1745 3933 Tauerkundgebung),
1789 3860 1857 3920 auch
1912 3853 1936 3913 in
1976 3848 2024 3908 der

204 3896 265 3956 a
328 3891 407 3951 ma
444 3892 469 3952 no
568 3886 718 3946 eet
763 3882 815 3942 den

206 3936 285 3996 ura
312 3928 514 3988 Marlacde.

313 3970 484 4030 gres
520 3964 754 4024 ustianens
788 3959 851 4019 des
884 3958 961 4018 vus
1057 3936 1184 3996 iue
1217 3927 1262 3987 ue
1327 3920 1388 3980 ses
1406 3917 1501 3977 die
1550 3912 1627 3972 age
1676 3903 1786 3963 aee
1820 3893 1881 3953 e
1914 3890 1928 3950 d

1041 3976 1216 4036 Befolgung
1250 3963 1338 4023 dieser
1366 3956 1580 4016 Verfügungen
1614 3943 1767 4003 erübrigte
1796 3936 1867 3996 Geld
1895 3933 1933 3993 ist
1955 3928 2032 3988 Spi¬

1044 4013 1208 4073 talzwecken
1249 4000 1463 4060 zuzuwenden.
1509 3990 1608 4050 Keine
1644 3983 1763 4043 Reden.
1809 3970 2023 4030 Vermeidung

203 4018 279 4078 n
357 4012 374 4072 a
541 4005 683 4065 ee
737 4002 926 4062 Suns

1054 4054 1135 4114 allen
1177 4045 1317 4105 nialen
1347 4035 1518 4095 Beiwerts,
1542 4029 1629 4089 leine
1653 4024 1765 4084 Krauer
1789 4019 1888 4079 diagen
1924 4011 1976 4071 noc

212 4060 271 4120 Ahn
314 4057 343 4117 en
379 4054 486 4114 nistan
516 4048 611 4108 Mrdin
642 4045 767 4105 roman,
779 4043 832 4103 gen
862 4042 910 4102 tal

1058 4094 1175 4154 meinen
1203 4086 1275 4146 Lae
1312 4082 1329 4142 —
1377 4078 1476 4138 absdut
1495 4072 1567 4132 dde

218 4102 279 4162 Ms
313 4096 546 4156 Auatagalans
579 4088 758 4148 auseabs

163 407 282 467 12.

2271 904 3076 964 OBSERVER“

2355 965 2378 1025 I.
2392 963 2511 1023 österr.
2525 965 2671 1025 behördl.
2690 966 2988 1026 konzessioniertes

2314 1004 2545 1064 Unternehmen
2578 1005 2627 1065 für
2651 1005 3033 1065 Zeitungs-Ausschnitte

2361 1062 2515 1122 WIEN,
2537 1064 2586 1124 I.,
2615 1067 2897 1127 WOLLZEILE
2947 1067 2989 1127 11

2462 1114 2681 1174 TELEPHON
2715 1116 2889 1176 R-23-0-43

2255 1256 2481 1316 Ausschnitt
2505 1257 2597 1317 aus:

2279 1467 2699 1527 eni
2806 1442 2958 1502 Csa

2670 1542 2763 1602 1931
2802 1524 2904 1584 okt.
2924 1519 3017 1579 24.

2313 1577 2528 1637 Megjelent:

2354 1635 2636 1695 (Schnitzler
2695 1630 3005 1690 önéletrajzát

2347 1695 2452 1755 csak
2496 1692 2545 1752 30
2574 1692 2630 1752 év
2659 1689 2815 1749 mulva
2851 1689 3021 1749 szabad

2563 1748 2820 1808 Mönetennd

2369 1815 2668 1875 Bicstöber
2703 1814 2764 1874 23.
2798 1813 2818 1873 A
2867 1811 3077 1871 Burgszin¬

2319 1866 2384 1926 ház
2446 1865 2572 1925 omán
2627 1862 2754 1922 fekete
2803 1861 2930 1921 zászló
2991 1859 3069 1919 leng

2323 1915 2531 1975 Schtzer
2571 1908 2759 1968 Arturért,
2786 1910 2851 1970 aki
2884 1907 2994 1967 ebben
3047 1907 3066 1967 a

2326 1961 2547 2021 san
2584 1959 2719 2019 fényes
2763 1957 2957 2017 sikereket
2986 1957 3078 2017 ara¬

2324 2011 2415 2071 tott.

2372 2059 2533 2119 Akiknek
2581 2057 2758 2117 alkalmuk
2797 2053 2882 2113 volt
2906 2053 3075 2113 betekin-

2325 2107 2402 2167 teni
2427 2107 2469 2167 az
2506 2105 2559 2165 iró
2590 2102 2874 2162 hátrahagyott
2910 2101 3079 2161 kézirat-

2326 2154 2541 2214 tömegébe,
2559 2152 2625 2212 azt
2642 2152 2841 2212 mondják,
2859 2151 2953 2211 hogy
2987 2149 3080 2209 ugy-

2326 2202 2475 2262 szólván
2514 2199 2625 2259 kész,
2653 2199 2741 2259 csak
2792 2196 3075 2256 összeállitásra

2324 2250 2450 2310 szorul
2480 2247 2693 2307 Schnitzler
2729 2244 2843 2304 Artur
2879 2244 3080 2304 önéletrai¬

2321 2301 2388 2361 za.
2440 2298 2491 2358 Az
2526 2296 2736 2356 önéletrajz
2771 2292 2890 2352 egyes
2919 2292 3077 2352 részcire

2326 2346 2580 2406 sajátkezilleg
2622 2346 2798 2406 jegyezte
2859 2343 2929 2403 fel,
2977 2343 3071 2403 hogy

2324 2393 2412 2453 csak
2448 2393 2566 2453 halála
2596 2393 2678 2453 után
2721 2389 2755 2449 30
2786 2387 2832 2447 év
2863 2387 2980 2447 mulva
3010 2390 3080 2450 ad¬

2326 2444 2409 2504 ható
2446 2441 2488 2501 át
2514 2441 2531 2501 a
2568 2438 2943 2498 nyilvánosságnak.
2980 2436 3082 2496 Nan-

2330 2492 2394 2552 nak
2425 2489 2631 2549 fejezetek.
2649 2486 2862 2546 elyekre
2892 2486 2927 2546 az
2957 2486 2968 2546 a
2998 2486 3086 2546 ren¬

2324 2537 2500 2597 delkezés
2535 2537 2608 2597 van
2649 2537 2853 2597 jegyezve,
2882 2535 2979 2595 hogy
3019 2534 3087 2594 ha¬

2332 2588 2401 2648 lála
2430 2587 2514 2647 után
2550 2585 2591 2645 40
2620 2585 2739 2645 évnek
2795 2582 2878 2642 kell
2922 2582 3089 2642 eltelnie,

2333 2635 2398 2695 mig
2435 2634 2476 2694 ki
2495 2632 2632 2692 szabad
2663 2632 2769 2692 adni.

2381 2680 2736 2740 Részvéttáviratok
2795 2679 2982 2739 özônével
3019 2677 3084 2737 er¬

2339 2731 2472 2791 keznek
2513 2731 2530 2791 a
2571 2728 2750 2788 gyászoló
2792 2726 3017 2786 családhoz.

2336 2779 2470 2839 Köztük
2508 2779 2587 2839 igen
2631 2778 2692 2838 sok
2729 2776 2802 2836 jött
2834 2776 3091 2836 Amerikából.

2340 2829 2388 2889 Az
2445 2826 2543 2886 elsök
2581 2823 2717 2883 között
2742 2823 2822 2883 volt
2872 2823 2891 2883 a
2947 2823 3088 2883 francia

2336 2876 2510 2936 szinpadi
2535 2872 2613 2932 irók
2656 2871 2691 2931 és
2723 2871 2970 2931 zeneszerzök
3013 2871 3091 2931 tár-

2342 2925 2468 2985 sasága
2502 2922 2540 2982 és
2574 2922 2740 2982 Gerhart
2768 2920 3022 2980 Hauptmann.

2344 2973 2673 3033 Oroszországból
2714 2970 2743 3030 is
2784 2970 2864 3030 jött
2923 2968 3090 3028 részvét-

2340 3021 2526 3081 sürgöny.
2580 3018 2748 3078 Ujabban
2803 3018 2965 3078 ugyanis
3002 3016 3080 3076 több

2339 3068 2693 3128 szovjetszinpadon
2732 3065 2876 3125 játszák
2921 3065 3092 3125 Schnitz-

2349 3117 2431 3177 lert,
2444 3116 2526 3176 ami
2544 3114 2609 3174 nem
2651 3113 2703 3173 kis
2733 3113 2981 3173 bosszuságot
2999 3112 3093 3172 oko-

2342 3164 2424 3224 żott
2448 3165 2483 3225 az
2513 3161 2765 3221 elhunytnak,
2784 3161 2877 3221 mert
2901 3161 2989 3221 soha
3013 3163 3083 3223 egy

2345 3212 2434 3272 fillér
2499 3209 2799 3269 honoráriumot,
2825 3209 2921 3269 vagy
2960 3209 3093 3269 tantié¬

2348 3259 2424 3319 met
2460 3260 2524 3320 nem
2590 3258 2726 3318 kapott
2779 3256 3097 3316 Szovjet-Orosz-

2350 3310 2564 3370 országból.
2608 3305 2663 3365 De
2713 3306 2798 3366 még
2830 3304 2958 3364 jobban
2990 3304 3100 3364 bosz-

2348 3358 2579 3418 szankodott
2609 3355 2730 3415 azon,
2765 3355 2863 3415 hogy
2905 3352 3107 3412 newyorki

2351 3406 2601 3466 szinpadokon
2635 3403 2754 3463 szinre
2784 3403 2914 3463 hozták
2954 3403 3101 3463 Anatol-

2345 3457 2422 3517 ját,
2441 3451 2628 3511 amerikai
2660 3449 2786 3509 recept
2811 3451 2956 3511 szerint
2981 3451 3101 3511 átdol¬

2353 3502 2469 3562 gozva
2497 3500 2535 3560 és
2562 3500 2673 3560 maga
2706 3498 2921 3558 Schnitzler
2948 3498 3007 3558 sem
3054 3498 3085 3558 is

2353 3549 2446 3609 mert
2475 3549 2505 3609 rá
2540 3549 2557 3609 a
2593 3549 2698 3609 saját
2722 3544 2896 3604 mûvére.
