3344 4384
174 336 270 396 2.
329 340 921 400 Schnitzler's
990 342 1212 402 Death

1440 327 1564 387 box
1642 328 1829 388 44/3

2140 189 2210 249 fati,
2239 189 2365 249 trotzdem
2418 192 2516 252 diesem
2564 189 2728 249 Irdischen
2767 192 2978 252 anzuhanger

2142 228 2199 288 und
2229 228 2262 288 es
2296 231 2377 291 nicht
2406 234 2435 294 zu
2469 234 2584 294 lassen.
2608 233 2719 293 Dieser
2748 234 2983 294 österreichische

2140 271 2279 331 Mensch,
2313 276 2370 336 der
2409 276 2457 336 sich
2500 276 2606 336 hinter
2645 276 2812 336 allerhand
2847 276 2981 336 Masker

2142 315 2291 375 versteckt,
2324 315 2433 375 wurde
2470 318 2501 378 in
2547 318 2738 378 Schnitzlers
2785 318 2875 378 Werk
2917 318 2980 378 noch

2137 354 2259 414 einmal
2288 357 2433 417 lebendig
2466 357 2480 417 —
2537 359 2565 419 in
2603 359 2650 419 all
2679 360 2782 420 seinen
2820 360 2989 420 Differen¬

2138 398 2302 458 zierungen
2348 398 2409 458 und
2450 401 2744 461 Schattierungen,
2798 404 2829 464 in
2883 402 2980 462 seinen

2140 440 2402 500 Verspieltheiten
2454 440 2514 500 und
2557 439 2587 499 in
2635 440 2734 500 seiner
2769 440 2979 500 dämonischen

2140 482 2228 542 Nähe
2257 484 2285 544 zu
2318 482 2449 542 Grauen
2483 481 2543 541 und
2572 482 2693 542 Wahn.

2185 533 2300 593 Darum
2356 533 2427 593 auch
2473 531 2512 591 ist
2549 532 2573 592 in
2624 534 2801 594 Schnitzler
2832 534 2918 594 Wien
2953 536 2983 596 zu

2142 578 2247 638 finden
2290 575 2352 635 wie
2391 576 2477 636 sonst
2511 575 2721 635 nirgendwo.
2765 578 2808 638 Er
2846 578 2903 638 hat
2942 578 2989 638 die

2140 619 2241 679 Stadt
2275 618 2347 678 kaum
2401 619 2521 679 jemals
2555 619 2767 679 beschrieben,
2816 619 2892 679 aber
2936 619 2989 679 ihr

2146 661 2332 721 Dunstkreis
2364 661 2426 721 mit
2452 661 2645 721 Sauerstoff
2671 662 2732 722 und
2770 661 2930 721 Stickstoff
2957 661 2998 721 ist

2144 706 2198 766 da,
2218 706 2296 766 kaum
2340 706 2399 766 daß
2434 705 2463 765 er
2493 704 2547 764 von
2581 706 2630 766 ihr
2660 706 2689 766 zu
2724 706 2812 766 sagen
2847 706 2998 766 beginnt.

2142 745 2181 805 Er
2221 750 2329 810 wußte
2370 748 2408 808 um
2463 748 2517 808 den
2552 748 2685 808 Zauber
2710 748 2763 808 der
2794 748 2902 808 Stadt
2927 748 2986 808 und

2146 790 2212 850 ihre
2238 793 2377 853 Gefahr.
2399 793 2445 853 Er
2471 793 2595 853 wußte,
2616 793 2667 853 daß
2704 793 2734 853 zu
2766 791 2863 851 dieser
2890 791 2993 851 Stadt

2145 835 2196 895 der
2222 835 2330 895 Traum
2372 835 2501 895 gehört,
2522 836 2573 896 daß
2605 835 2661 895 erst
2683 835 2713 895 er
2739 835 2790 895 ihr
2816 835 2878 895 und
2905 835 2986 895 ihren

2143 879 2303 939 Menschen
2361 879 2412 939 die
2460 879 2568 939 tiefere
2610 879 2765 939 Deutung
2807 879 2895 939 gibt.
2927 879 2989 939 „Es

2146 924 2256 984 fließen
2315 924 2510 984 ineinander
2563 921 2674 981 Traum
2743 922 2806 982 und
2849 924 2996 984 Wachen,

2146 966 2312 1026 Wahrheit
2335 966 2399 1026 und
2427 966 2523 1026 Lüge,
2540 966 2724 1026 Sicherheit
2746 966 2783 1026 ist
2805 966 2977 1026 nirgends,

2146 1010 2187 1070 So
2218 1009 2332 1069 spricht
2359 1009 2415 1069 sein
2458 1010 2649 1070 Paracelsus
2692 1009 2748 1069 das
2796 1011 2992 1071 wienerische

2145 1053 2387 1113 Lebensgefühl
2408 1053 2491 1113 aus,
2512 1053 2563 1113 dem
2611 1053 2740 1113 „Traum
2787 1052 2848 1112 und
2880 1053 2998 1113 Schick¬

2141 1095 2202 1155 sal“
2229 1094 2317 1154 eines
2348 1096 2431 1156 sind.
2452 1097 2509 1157 Ein
2546 1094 2717 1154 andermal
2743 1095 2806 1155 ließ
2837 1094 2868 1154 er
2900 1094 2987 1154 einen

2146 1139 2243 1199 seiner
2274 1141 2367 1201 Arzte
2404 1140 2516 1200 sagen:
2548 1139 2646 1199 „Dies
2683 1139 2894 1199 Ineinander
2930 1139 2981 1199 von

2140 1184 2399 1244 Zurückhaltung
2453 1184 2515 1244 und
2564 1184 2749 1244 Frechheit,
2792 1184 2844 1244 von
2893 1184 2992 1244 feiger

2143 1229 2318 1289 Eifersucht
2359 1227 2424 1287 und
2470 1226 2636 1286 erlogenem
2702 1226 2902 1286 Gleichmut,
2928 1226 2983 1286 von

2140 1271 2288 1331 rasender
2328 1271 2544 1331 Leidenschaft
2585 1271 2648 1331 und
2683 1269 2781 1329 leerer
2816 1270 2905 1330 Lust,
2930 1271 2989 1331 wie

2141 1315 2179 1375 ich
2207 1315 2239 1375 es
2273 1315 2340 1375 hier
2368 1315 2457 1375 sehe,
2474 1313 2529 1373 das
2563 1312 2646 1372 find'
2674 1312 2712 1372 ich
2741 1312 2896 1372 trübselig
2930 1312 2990 1372 und

2146 1357 2357 1417 grauenhaft.
2400 1357 2468 1417 Das
2500 1357 2569 1417 war
2601 1355 2653 1415 das
2686 1357 2954 1417 Cottage=Wien.

2184 1408 2265 1468 Aber
2292 1409 2422 1469 zugleich
2455 1410 2509 1470 gab
2537 1408 2569 1468 er
2591 1408 2645 1468 den
2673 1408 2862 1468 Geschöpfen
2890 1406 2987 1466 dieser

2146 1453 2264 1513 Stadt,
2280 1455 2305 1515 je
2332 1453 2429 1513 näher
2456 1451 2491 1511 sie
2518 1452 2564 1512 dem
2606 1451 2688 1511 Volk
2709 1453 2833 1513 waren,
2854 1453 2879 1513 je
2905 1450 2993 1510 mehr

2144 1496 2180 1556 sie
2218 1494 2244 1554 in
2293 1495 2345 1555 ihm
2399 1496 2594 1556 wurzelten,
2616 1495 2796 1555 strahlende
2828 1497 2997 1557 Helligkeit

2143 1536 2232 1596 eines
2283 1537 2313 1597 in
2368 1536 2418 1596 sich
2464 1538 2609 1598 erfüllten
2644 1539 2704 1599 und
2735 1538 2985 1598 vollkommenen

2146 1581 2280 1641 Lebens.
2322 1577 2431 1637 Seine
2458 1581 2634 1641 Mädchen,
2655 1581 2738 1641 seine
2764 1581 2868 1641 Väter
2895 1581 2909 1641 —
2962 1579 2992 1639 es

2146 1627 2203 1687 sind
2246 1626 2384 1686 einfache
2422 1626 2549 1686 Wesen,
2581 1626 2612 1686 es
2655 1626 2719 1686 sind
2756 1626 2857 1686 kleine
2900 1623 3000 1683 Men¬

2148 1668 2219 1728 schen
2266 1666 2328 1726 —,
2359 1668 2436 1728 aber
2468 1668 2596 1728 wieviel
2623 1668 2860 1728 Bezauberung
2896 1671 2937 1731 ist
2963 1668 2989 1728 in

2143 1713 2261 1773 ihnen,
2306 1711 2435 1771 wieviel
2458 1713 2641 1773 Zuversicht
2669 1710 2723 1770 von
2761 1713 2902 1773 Seelen,
2946 1710 2994 1770 die

2146 1755 2212 1815 eine
2239 1755 2377 1815 Heimat
2404 1754 2517 1814 haben.
2543 1754 2610 1814 Und
2641 1754 2697 1814 wie
2729 1754 2919 1814 entsprechen
2956 1751 2992 1811 sie

2148 1802 2214 1862 Zug
2251 1799 2292 1859 um
2345 1799 2411 1859 Zug
2448 1798 2499 1858 dem
2552 1797 2706 1857 Gehänge
2749 1796 2805 1856 und
2842 1796 2997 1856 Gebreite

2148 1841 2201 1901 von
2233 1841 2312 1901 Flur
2339 1841 2403 1901 und
2430 1841 2573 1901 Hügeln.
2600 1842 2828 1902 „Ringsherum
2871 1842 2998 1902 glänzte

2148 1886 2195 1946 die
2227 1886 2412 1946 Landschaft
2445 1884 2507 1944 und
2540 1885 2598 1945 tief
2630 1886 2724 1946 unten
2762 1886 2788 1946 in
2826 1886 2878 1946 der
2910 1884 2999 1944 Glut

2143 1931 2195 1991 des
2249 1931 2402 1991 Mittags
2451 1928 2598 1988 schwamm
2668 1930 2731 1990 und
2785 1929 2912 1989 zitterte
2949 1928 2996 1988 die

2324 1967 2376 2027 So
2430 1972 2524 2032 endet
2573 1971 2646 2031 eine
2699 1972 2804 2032 seiner
2858 1972 2994 2032 Wiener

2149 1972 2271 2032 Stadt.

2148 2017 2318 2077 Novellen.
2359 2016 2467 2076 Seine
2514 2014 2575 2074 aus
2617 2014 2668 2074 dem
2715 2014 2900 2074 Wienertum
2947 2014 2998 2074 ge¬

2146 2062 2304 2122 griffenen
2341 2059 2500 2119 Gestalten
2542 2059 2637 2119 haben
2675 2059 2769 2119 dieses
2807 2059 2991 2119 Glänzende

2148 2104 2199 2164 der
2238 2104 2430 2164 Landschaft
2463 2104 2526 2164 und
2552 2104 2609 2164 das
2642 2104 2667 2164 in
2699 2104 2751 2164 der
2783 2104 2898 2164 Sonne
2924 2104 3000 2164 Zit¬

2148 2149 2253 2209 ternde
2287 2149 2337 2209 der
2365 2146 2487 2206 Stadt.

2187 2205 2231 2265 Er
2260 2207 2311 2267 hat
2334 2208 2401 2268 auch
2430 2207 2486 2267 das
2509 2208 2628 2268 andere
2652 2208 2736 2268 Wien
2770 2208 2906 2268 gekannt
2929 2206 2990 2266 und

2146 2253 2309 2313 gestaltet,
2331 2253 2384 2313 das
2413 2251 2499 2311 Wien
2538 2250 2586 2310 der
2614 2250 2787 2310 Operette,
2810 2252 2863 2312 das
2897 2251 3004 2311 lange,

2146 2296 2296 2356 ehebevor
2322 2294 2357 2354 es
2383 2294 2453 2354 eine
2479 2295 2630 2355 Operette
2655 2295 2731 2355 gab,
2752 2295 2827 2355 schon
2857 2295 2893 2355 da
2923 2292 3003 2352 war.

2146 2340 2184 2400 Er
2218 2340 2273 2400 hat
2307 2339 2356 2399 ihm
2407 2338 2522 2398 Spott,
2551 2340 2661 2400 Hohn,
2684 2337 2877 2397 Heiterkeit,
2906 2338 2988 2398 Zorn

2145 2381 2430 2441 entgegengesetzt,
2446 2381 2519 2441 aber
2539 2381 2607 2441 auch
2637 2381 2666 2441 da
2696 2381 2765 2441 war
2785 2381 2902 2441 immer
2927 2378 2991 2438 noch

2143 2426 2185 2486 ein
2244 2426 2322 2486 Rest
2366 2426 2461 2486 Liebe
2514 2426 2668 2486 spürbar.
2705 2424 2747 2484 Er
2779 2423 2864 2483 setzte
2896 2423 2986 2483 neben

2145 2468 2388 2528 Windbeutelei
2426 2467 2637 2527 Biedersinn,
2674 2468 2769 2528 neben
2818 2468 2996 2528 Kriecherei

2143 2513 2297 2573 aufrechte
2328 2511 2616 2571 Standfestigkeit,
2638 2510 2730 2570 neben
2767 2513 2998 2573 Gesinnungs¬

2143 2557 2305 2617 lumperei
2365 2555 2495 2615 ehrliche
2550 2555 2852 2615 Mannhaftigkeit.
2907 2555 2993 2615 „Der

2146 2599 2243 2659 junge
2269 2598 2476 2658 Medardus"
2502 2597 2568 2657 war
2595 2596 2640 2656 ihm
2682 2596 2729 2656 ein
2760 2598 2997 2658 sinnbildlicher

2148 2641 2235 2701 Sohn
2272 2641 2369 2701 dieses
2406 2641 2519 2701 Volkes
2556 2640 2617 2700 und
2654 2641 2762 2701 mußte
2799 2642 2896 2702 darum
2943 2643 3000 2703 zu¬

2145 2686 2266 2746 grunde
2298 2687 2414 2747 gehen.
2441 2686 2520 2746 Hier
2553 2685 2600 2745 sah
2632 2686 2806 2746 Schnitzler
2839 2686 2886 2746 die
2913 2686 3002 2746 Tra¬

2143 2732 2232 2792 gödie
2259 2729 2343 2789 eines
2376 2728 2507 2788 Volkes,
2529 2728 2619 2788 einer
2641 2725 2746 2785 Stadt
2773 2726 2783 2786 —
2836 2728 2904 2788 auch
2931 2728 2978 2788 ihm

2146 2773 2209 2833 war
2236 2773 2299 2833 dies
2331 2773 2484 2833 Erlebnis
2517 2772 2596 2832 nicht
2618 2773 2744 2833 erspart
2766 2771 2961 2831 geblieben¬

2144 2817 2201 2877 daß
2231 2819 2265 2879 sie
2295 2817 2346 2877 für
2376 2817 2440 2877 ihre
2463 2815 2579 2875 Kraft,
2597 2815 2648 2875 für
2678 2814 2741 2874 ihre
2771 2814 2904 2874 Jugend
2934 2814 2991 2874 kein

2143 2863 2219 2923 Ziel
2246 2863 2273 2923 zu
2306 2859 2414 2919 finden
2453 2859 2550 2919 weiß.
2578 2859 2681 2919 „Gott
2709 2859 2811 2919 wollte
2845 2859 2893 2919 ihn
2926 2859 2980 2919 zum

2144 2904 2260 2964 Helden
2293 2904 2448 2964 schaffen,
2471 2901 2521 2961 der
2549 2904 2637 2964 Lauf
2666 2903 2715 2963 der
2743 2901 2854 2961 Dinge
2887 2901 2998 2961 machte

2143 2949 2232 3009 einen
2270 2946 2397 3006 Narren
2435 2946 2492 3006 aus
2530 2946 2615 3006 ihm.
2658 2946 2710 3006 So
2748 2946 2816 3006 hieß
2854 2946 2885 3006 es
2918 2946 2996 3006 über

2147 2992 2196 3052 den
2226 2991 2338 3051 jungen
2373 2991 2574 3051 Medardus.
2594 2989 2662 3049 Und
2687 2988 2745 3048 das
2770 2989 2854 3049 war,
2874 2990 2981 3050 worum

2146 3035 2193 3095 der
2220 3035 2319 3095 stille,
2341 3034 2409 3094 aber
2441 3032 2509 3092 zähe
2536 3032 2662 3092 Kampf
2689 3032 2878 3092 Schnitzlers
2905 3032 2999 3092 ging.

2145 3078 2197 3138 daß
2224 3079 2256 3139 er
2283 3077 2378 3137 dieser
2405 3075 2557 3135 geliebten
2590 3077 2695 3137 Stadt
2717 3077 2763 3137 ihr
2791 3077 3002 3137 Heldentum,

2142 3122 2206 3182 ihre
2239 3120 2472 3180 Männlichkeit
2500 3121 2640 3181 bewahrt
2667 3119 2792 3179 wissen,
2814 3122 2867 3182 daß
2901 3122 2932 3182 er
2960 3120 2997 3180 sie

2143 3166 2222 3226 nicht
2265 3166 2301 3226 an
2350 3164 2402 3224 die
2445 3164 2593 3224 Narren,
2631 3164 2885 3224 Müßiggänger
2934 3164 2996 3224 und

2148 3209 2323 3269 Plauderer
2354 3209 2499 3269 verraten
2530 3208 2631 3268 wissen
2667 3206 2787 3266 wollte.
2808 3206 2892 3266 Wien
2928 3206 2993 3266 war

2141 3252 2187 3312 der
2229 3252 2426 3312 Kernpunkt
2464 3250 2515 3310 des
2557 3250 2817 3310 Schnitzlerschen
2854 3250 3005 3310 Werkes.

2143 3296 2207 3356 Von
2243 3295 2314 3355 hier
2344 3294 2399 3354 aus
2436 3293 2561 3353 umfing
2597 3292 2627 3352 es
2657 3293 2707 3353 die
2744 3292 2895 3352 „Masken
2935 3292 2995 3352 und

2146 3340 2304 3400 Wunder“
2337 3337 2389 3397 der
2416 3335 2516 3395 Welt.
2538 3337 2607 3397 Und
2640 3338 2708 3398 mag
2740 3337 2809 3397 auch
2841 3337 2893 3397 vor
2920 3337 2999 3397 fünf

2148 3385 2264 3445 Jahren
2308 3382 2365 3442 sein
2408 3382 2551 3442 irdisches
2590 3379 2690 3439 Leben
2734 3382 2988 3442 dahingesunken

2146 3428 2226 3488 sein,
2246 3427 2277 3487 er
2302 3426 2367 3486 lebt
2394 3425 2494 3485 darum
2535 3424 2666 3484 weiter,
2682 3424 2757 3484 weil
2783 3424 2813 3484 er
2839 3424 2899 3484 aus
2930 3424 2980 3484 dem

2144 3471 2259 3531 Herzen
2298 3469 2397 3529 seiner
2426 3468 2641 3528 Heimatstadt
2664 3468 2785 3528 immer
2814 3468 2929 3528 wieder
2958 3470 2990 3530 zu

2141 3516 2207 3576 uns
2239 3513 2374 3573 kommt.

2191 3576 2258 3636 Und
2310 3576 2382 3636 auch
2433 3573 2568 3633 darum.
2603 3574 2670 3634 Wie
2710 3573 2772 3633 wir
2806 3573 2912 3633 mitten
2947 3570 2974 3630 im

2141 3621 2238 3681 Leben
2275 3618 2331 3678 vom
2384 3618 2446 3678 Tod
2483 3618 2658 3678 umfangen
2700 3618 2782 3678 sind,
2809 3615 2860 3675 das
2897 3618 2995 3678 zeigte

2146 3665 2202 3725 sein
2239 3663 2332 3723 Werk
2363 3660 2373 3720 —
2431 3660 2502 3720 aber
2539 3662 2606 3722 auch
2643 3659 2699 3719 das
2737 3660 2902 3720 Größere,
2928 3660 3005 3720 weil

2146 3707 2171 3767 es
2213 3707 2348 3767 unserer
2390 3704 2602 3764 menschlichen
2645 3702 2790 3762 Existenz
2822 3704 2904 3764 Mut
2936 3704 2998 3764 und

2151 3749 2231 3809 Sinn
2277 3746 2367 3806 gibt:
2403 3746 2463 3806 wie
2504 3747 2564 3807 wir
2595 3746 2705 3806 mitten
2746 3746 2771 3806 im
2822 3746 2887 3806 Tod
2923 3746 2978 3806 vom

2147 3794 2240 3854 Leben
2275 3791 2449 3851 umfangen
2479 3790 2542 3850 sind
2567 3788 2577 3848 —
2632 3789 2686 3849 vom
2726 3790 2849 3850 Leben,
2870 3791 2924 3851 das
2949 3788 3002 3848 nie

2142 3837 2295 3897 aufhört,
2325 3836 2378 3896 das
2418 3833 2531 3893 immer
2567 3833 2626 3893 neu
2665 3833 2818 3893 beginnt.
2868 3833 2981 3893 Darum

2147 3881 2220 3941 kann
2260 3880 2329 3940 eine
2368 3878 2515 3938 Stimme
2545 3878 2604 3938 wie
2639 3877 2688 3937 die
2723 3878 2825 3938 seine,
2851 3875 2900 3935 die
2934 3875 2988 3935 von

2143 3922 2192 3982 der
2228 3922 2349 3982 Gnade
2391 3922 2446 3982 des
2492 3919 2613 3979 Lebens
2659 3919 2791 3979 kündet,
2817 3919 2897 3979 nicht
2928 3918 2998 3978 ver¬

2151 3967 2291 4027 schallen,
2311 3966 2386 4026 denn
2422 3965 2457 4025 sie
2482 3964 2572 4024 dient
2599 3964 2678 4024 nicht
2704 3964 2754 4024 der
2785 3966 2995 4026 Vergangen¬

2149 4013 2228 4073 heit,
2246 4013 2376 4073 sondern
2411 4010 2462 4070 dem
2508 4010 2706 4070 Künftigen.

2152 4156 2220 4216 Die
2267 4155 2433 4215 nächsten
2472 4149 2685 4209 Novitäten
2732 4149 2799 4209 des
2838 4149 2990 4209 Volks¬

2553 4215 2630 4275 ater
