3392 4224
262 267 379 327 12.

445 273 1023 333 Schnitzler's
1094 273 1322 333 Death

1550 274 1675 334 box
1755 278 1943 338 42/8

2354 307 2761 367 ABLANNACEI

2610 422 2706 482 27.
2716 414 2847 474 0K.

2486 580 2672 640 Arthur
2705 589 2974 649 Schnitzler.

2226 1915 2271 1975 (.)
2291 1919 2386 1979 Wien,
2407 1921 2457 1981 21.
2477 1927 2547 1987 Okt.

2588 1928 2818 1988 (Europapreß.)
2854 1932 2950 1992 Heute
2976 1938 3156 1998 Nachmittag

2162 1954 2197 2014 ist
2224 1957 2272 2017 der
2304 1957 2370 2017 weit
2402 1961 2473 2021 über
2504 1963 2543 2023 die
2575 1966 2712 2026 Grenzen
2749 1970 2944 2030 Oesterreichs
2976 1974 3091 2034 hinaus
3122 1974 3171 2034 be¬

2164 1995 2264 2055 kannte
2296 1998 2492 2058 Dramatiker
2524 2002 2578 2062 und
2616 2005 2757 2065 Erzähler
2789 2009 2903 2069 Arthur
2935 2013 3094 2073 Schnitzler
3127 2016 3149 2076 im

2162 2034 2206 2094 69.
2233 2034 2415 2094 Lebensjahr
2447 2038 2508 2098 nach
2540 2040 2642 2100 kurzem
2688 2045 2789 2105 Leiden
2821 2048 2985 2108 gestorben.

2220 2075 2256 2135 k.
2293 2075 2360 2135 Mit
2388 2078 2506 2138 Arthur
2534 2082 2696 2142 Schnitzler
2729 2084 2765 2144 ist
2797 2086 2878 2146 einer
2915 2088 2960 2148 der
2997 2094 3155 2154 führenden

2162 2112 2248 2172 Köpfe
2280 2113 2367 2173 jener
2404 2118 2541 2178 „Wiener
2578 2122 2706 2182 Schule“
2743 2126 3003 2186 dahingegangen,
3031 2132 3076 2192 die
3114 2133 3163 2193 für

2162 2152 2220 2212 eine
2248 2153 2321 2213 Zeit
2348 2152 2393 2212 der
2426 2157 2571 2217 deutschen
2613 2163 2754 2223 Dichtung
2791 2166 2863 2226 neue
2895 2169 2981 2229 Wege
3014 2172 3155 2232 gewiesen

2159 2192 2215 2252 und
2237 2192 2319 2252 gegen
2350 2193 2393 2253 den
2423 2197 2540 2257 damals
2567 2199 2766 2259 herrschenden
2796 2204 2900 2264 krassen
2931 2208 3160 2268 Naturalismus

2165 2227 2280 2287 Berlins
2307 2229 2355 2289 dem
2395 2231 2510 2291 Geiste,
2528 2235 2576 2295 der
2603 2238 2762 2298 Schönheit
2789 2242 2837 2302 und
2868 2245 2912 2305 dem
2952 2246 3067 2306 Gefühl
3094 2247 3160 2307 wie¬

2159 2265 2207 2325 der
2239 2267 2282 2327 ihr
2314 2269 2403 2329 Recht
2430 2272 2576 2332 errungen
2616 2277 2682 2337 hat.
2714 2278 2789 2338 Man
2825 2283 2891 2343 darf
2918 2285 3082 2345 allerdings
3118 2286 3167 2346 ge¬

2152 2303 2220 2363 rade
2251 2306 2298 2366 bei
2320 2308 2479 2368 Schnitzler
2505 2312 2578 2372 nicht
2604 2312 2638 2372 an
2674 2315 2751 2375 einen
2786 2320 2888 2380 großen
2923 2322 3065 2382 Kämpfer
3091 2324 3160 2384 den¬

2154 2343 2221 2403 ken,
2245 2345 2317 2405 seine
2345 2347 2486 2407 Wirkung
2518 2353 2582 2413 ging
2619 2354 2641 2414 in
2674 2356 2719 2416 der
2746 2358 2851 2418 Stille,
2874 2361 2928 2421 und
2961 2364 3020 2424 eine
3052 2366 3161 2426 unver¬

2157 2383 2302 2443 kennbare
2334 2386 2492 2446 Wehmut,
2515 2389 2554 2449 ein
2595 2392 2811 2452 Pessimismus
2842 2395 2868 2455 in
2905 2398 2953 2458 der
2984 2401 3033 2461 der
3069 2402 3161 2462 Welt¬

2157 2422 2249 2482 schau,
2272 2422 2320 2482 der
2343 2424 2364 2484 in
2395 2425 2487 2485 seinem
2533 2431 2722 2491 Lebenswerk
2744 2434 2850 2494 immer
2877 2440 3075 2500 wiederkehrt,
3098 2440 3159 2500 läßt

2157 2462 2315 2522 erkennen,
2343 2462 2395 2522 daß
2431 2465 2462 2525 er
2493 2467 2541 2527 sich
2577 2470 2745 2530 gegenüber
2776 2472 2824 2532 der
2860 2478 3046 2538 drängenden
3086 2478 3161 2538 Ent¬

2154 2500 2287 2560 wicklung
2313 2503 2360 2563 der
2386 2503 2454 2563 Zeit
2476 2505 2549 2565 schon
2580 2509 2738 2569 irgendwie
2765 2512 2816 2572 auf
2838 2515 3009 2575 verlorenem
3049 2518 3151 2578 Posten

2153 2539 2261 2599 fühlte.
2307 2542 2366 2602 Der
2398 2544 2529 2604 Dichter,
2557 2545 2607 2605 der
2639 2547 2671 2607 am
2716 2550 2762 2610 15.
2790 2551 2861 2611 Mai
2890 2553 2957 2613 1862
2990 2557 3035 2617 als
3072 2557 3153 2617 Sohn

2152 2578 2231 2638 eines
2263 2580 2421 2640 bekannten
2452 2583 2571 2643 Wiener
2598 2586 2761 2646 Professors
2792 2589 2840 2649 der
2867 2593 2995 2653 Medizin
3026 2595 3145 2655 geboren

2149 2618 2252 2678 purde,
2275 2618 2336 2678 war
2360 2619 2453 2679 selber
2482 2622 2566 2682 Arzt.
2604 2625 2712 2685 Dieser
2740 2630 2853 2690 Beruf,
2872 2632 2918 2692 der
2947 2634 2998 2694 zur
3027 2634 3148 2694 feinsten

2155 2657 2350 2717 Beobachtung
2382 2658 2441 2718 und
2469 2661 2596 2721 Analyse
2624 2667 2746 2727 zwingt,
2770 2668 2819 2728 hat
2842 2668 2896 2728 auf
2924 2671 2974 2731 sein
3011 2673 3147 2733 Schaffen

2154 2696 2280 2756 sicherlich
2313 2696 2394 2756 einen
2435 2699 2507 2759 nicht
2535 2703 2776 2763 unbedeutenden
2822 2708 2948 2768 Einfluß
2990 2712 3157 2772 ausgeubt.

2150 2736 2304 2796 Schnitzlec
2328 2736 2360 2796 ist
2384 2736 2421 2796 ein
2449 2738 2571 2798 Meister
2595 2741 2617 2801 in
2651 2742 2692 2802 der
2716 2746 2894 2806 Aufdeckung
2922 2749 2964 2809 all
2978 2751 3024 2811 der
3053 2752 3146 2812 feinen

2149 2775 2265 2835 Fäden,
2284 2775 2326 2835 die
2355 2775 2439 2835 unser
2468 2777 2598 2837 Fühlen,
2618 2780 2753 2840 Denken,
2777 2785 2880 2845 unsere
2904 2788 2998 2848 ganze
3026 2790 3157 2850 Lebens¬

2144 2813 2304 2873 gestaltung
2350 2816 2469 2876 lenken.
2516 2816 2579 2876 Wie
2625 2818 2671 2878 ihm
2718 2822 2809 2882 selber
2841 2822 2886 2882 die
2920 2828 3153 2888 Wesensunter¬

2150 2852 2257 2912 gründe
2285 2852 2308 2912 in
2341 2853 2430 2913 Leben
2463 2855 2519 2915 und
2547 2855 2706 2915 Geschehen
2735 2860 2781 2920 sich
2810 2864 2935 2924 auftun,
2959 2867 2983 2927 so
3011 2868 3071 2928 sind
3100 2868 3146 2928 sich

2150 2889 2224 2949 seine
2257 2890 2406 2950 Gestalten
2449 2893 2527 2953 ihrer
2565 2895 2709 2955 seelischen
2752 2901 2943 2961 Bedingtheit
2976 2906 3148 2966 manchmal

2144 2928 2198 2988 nur
2226 2930 2298 2990 allzu
2330 2931 2389 2991 sehr
2417 2933 2549 2993 bewußt.
2586 2936 2636 2996 So
2659 2936 2814 2996 erscheinen
2846 2942 2882 3002 sie
2910 2942 3024 3002 vielfach
3056 2945 3147 3005 voller

2144 2969 2307 3029 Hemmung
2340 2970 2394 3030 und
2422 2972 2636 3032 Selbstironie.
2677 2976 2750 3036 Eine
2778 2980 2964 3040 angeborene
2992 2983 3147 3043 Musikali¬

2142 3004 2187 3064 tat
2206 3007 2264 3067 gibt
2288 3008 2378 3068 seiner
2402 3010 2529 3070 Sprache
2552 3013 2620 3073 jene
2643 3013 2739 3073 zarten
2767 3016 2894 3076 Klänge,
2913 3019 2976 3079 jene
2999 3019 3149 3079 Gefühls¬

2136 3046 2304 3106 intensität,
2332 3046 2373 3106 die
2405 3048 2473 3108 man
2510 3050 2555 3110 als
2588 3052 2729 3112 spezifisch
2761 3054 2925 3114 wienerisch
2957 3060 3135 3120 empfunden

2142 3085 2201 3145 hat.
2241 3083 2335 3143 Seine
2362 3088 2538 3148 Gestaltung
2568 3089 2602 3149 ist
2624 3091 2667 3151 die
2693 3092 2787 3152 Kunst
2810 3093 2857 3153 der
2883 3096 3021 3156 Nuance,
3038 3100 3128 3160 darum

2138 3124 2246 3184 werden
2288 3125 2313 3185 in
2351 3127 2442 3187 seinem
2494 3130 2685 3190 Lebenswerk
2711 3131 2790 3191 nicht
2820 3134 2869 3194 das
2903 3139 2991 3199 große
3025 3139 3137 3199 Drama

2141 3163 2209 3223 oder
2236 3163 2283 3223 der
2313 3164 2429 3224 Roman
2463 3169 2613 3229 bleibende
2644 3172 2815 3232 Bedeutung
2845 3175 2995 3235 behalten,
3018 3178 3137 3238 sondern

2144 3201 2217 3261 seine
2247 3204 2389 3264 Einakter
2420 3204 2479 3264 und
2510 3206 2587 3266 seine
2618 3210 2777 3270 Novellen,
2799 3211 2850 3271 von
2889 3216 3052 3276 „Anatole“
3087 3218 3143 3278 und

2139 3241 2302 3301 „Liebelei“
2334 3240 2378 3300 bis
2409 3244 2435 3304 zu
2471 3245 2515 3305 dem
2560 3246 2621 3306 viel
2644 3249 2865 3309 angefochtenen
2901 3255 3065 3315 „Reigen",
3088 3254 3136 3314 von

2135 3280 2183 3340 der
2214 3280 2382 3340 Erzählung
2422 3285 2585 3345 „Sterben“
2625 3288 2678 3348 und
2709 3288 2757 3348 dem
2806 3292 3004 3352 „Lieutenant
3032 3294 3137 3354 Gustl'

2137 3321 2175 3381 bis
2210 3321 2262 3381 zum
2314 3321 2422 3381 „Spiel
2452 3321 2478 3381 im
2526 3327 2793 3387 Morgengrauen“
2828 3329 2879 3389 und
2915 3332 2962 3392 den
3001 3333 3134 3393 neuesten

2140 3358 2290 3418 Novellen.
2335 3361 2375 3421 In
2411 3361 2504 3421 diesen
2540 3366 2765 3426 Kunstwerken,
2792 3367 2815 3427 in
2851 3369 2939 3429 denen
2979 3369 3023 3429 sich
3059 3371 3138 3431 durch

2137 3398 2195 3458 eine
2220 3399 2421 3459 Stimmung,
2438 3401 2479 3461 ein
2509 3402 2542 3462 an
2572 3404 2617 3464 sich
2643 3407 2881 3467 unbedeutendes
2906 3407 3061 3467 Geschehen
3095 3410 3132 3470 ein

2133 3437 2238 3497 ganzes
2270 3437 2408 3497 Schicksal
2436 3440 2577 3500 enthüllt,
2605 3443 2673 3503 ohne
2706 3443 2756 3503 daß
2794 3446 2820 3506 es
2853 3446 2898 3506 der
2931 3446 3045 3506 Dichter
3078 3448 3141 3508 ver¬

2134 3476 2221 3536 sucht,
2247 3474 2317 3534 über
2351 3475 2393 3535 die
2427 3480 2606 3540 Andeutung
2644 3481 2698 3541 und
2732 3480 2778 3540 die
2812 3484 3016 3544 momentanen
3058 3485 3137 3545 Kon¬

2130 3512 2216 3572 traste
2244 3514 2358 3574 hinaus
2390 3514 2440 3574 zur
2472 3518 2672 3578 umfassenden
2709 3519 2891 3579 Meisterung
2928 3523 2974 3583 des
3011 3524 3129 3584 Stoffes

2132 3556 2162 3616 zu
2198 3552 2356 3612 gelangen,
2378 3554 2457 3614 stellt
2484 3554 2527 3614 sich
2559 3556 2606 3616 die
2638 3557 2783 3617 Eigenart
2809 3560 2919 3620 Arthur
2950 3563 3126 3623 Schnitzlers

2127 3589 2157 3649 am
2196 3589 2317 3649 reinsten
2347 3590 2412 3650 dar.
2447 3592 2503 3652 Ein
2529 3594 2624 3654 Hauch
2650 3595 2697 3655 des
2724 3597 2801 3657 leicht
2828 3599 2914 3659 ebigen
2945 3601 2996 3661 und
3023 3601 3117 3661 darum

2128 3628 2235 3688 gerade
2265 3630 2290 3690 zu
2325 3630 2406 3690 einer
2432 3631 2560 3691 gewissen
2595 3634 2782 3694 Schwermut
2808 3637 2962 3697 neigenden
2992 3640 3129 3700 Wiener¬

2126 3667 2207 3727 tums
2236 3667 2284 3727 der
2308 3670 2528 3730 Vorkriegszeit
2558 3673 2663 3733 erfüllt
2687 3673 2739 3733 sein
2774 3675 2855 3735 Werk
2879 3676 2931 3736 wie
2961 3677 3075 3737 Musik:
3105 3677 3128 3737 so

2126 3704 2189 3764 war
2221 3703 2252 3763 es
2285 3708 2535 3768 Vergangenheit
2568 3712 2622 3772 mit
2659 3713 2705 3773 dem
2755 3715 3029 3775 Zusammenbruch
3066 3717 3133 3777 Alt¬

2128 3745 2337 3805 Oesterreichs,
2360 3747 2414 3807 und
2442 3748 2492 3808 der
2515 3747 2574 3807 Tod
2606 3747 2656 3807 hat
2679 3748 2738 3808 nur
2766 3751 2816 3811 das
2844 3752 2920 3812 letzte
2948 3754 3126 3814 menschliche

2129 3782 2215 3842 Fazit
2239 3783 2378 3843 gezogen.
2417 3786 2483 3846 Für
2513 3786 2560 3846 den
2599 3788 2853 3848 Außenstehenden
2887 3791 2920 3851 ist
2950 3795 3035 3855 dieser
3069 3797 3126 3857 Tod

2123 3820 2204 3880 wohl
2232 3822 2418 3882 unerwartet
2451 3825 2642 3885 gekommen;
2670 3828 2733 3888 man
2775 3829 2870 3889 wußte
2902 3834 3043 3894 indessen,
3076 3835 3125 3895 daß

2128 3861 2174 3921 des
2198 3861 2329 3921 Dichters
2357 3864 2568 3924 Lebenskräfte
2596 3867 2666 3927 schon
2694 3867 2746 3927 vor
2770 3868 2876 3928 einigen
2910 3873 3017 3933 Jahren
3050 3875 3129 3935 durch

2123 3900 2172 3960 den
2223 3900 2309 3960 unter
2356 3903 2510 3963 tragischen
2552 3906 2726 3966 Umständen
2767 3909 2908 3969 erfolgten
2950 3912 3014 3972 Tod
3051 3912 3132 3972 einer

2126 3939 2243 3999 Tochter
2271 3942 2420 4002 gebrochen
2457 3944 2569 4004 waren.
2611 3946 2656 4006 So
2679 3945 2751 4005 weit
2775 3947 2838 4007 eine
2865 3950 2969 4010 knappe
2997 3952 3128 4012 Charak¬

2121 3981 2293 4041 terisierung
2328 3981 2375 4041 des
2414 3983 2615 4043 meisterlichen
2654 3983 2807 4043 Stilisten,
2832 3986 2884 4046 wie
2918 3986 2951 4046 sie
2985 3987 3033 4047 sich
3067 3992 3124 4052 uns

2126 4019 2216 4079 unter
2239 4019 2284 4079 dem
2325 4021 2470 4081 Eindruck
2489 4025 2534 4085 der
2561 4025 2820 4085 Trauerbotschaft
2843 4028 2956 4088 geboten
2984 4028 3052 4088 hat;
3075 4029 3129 4089 wir

2126 4055 2234 4115 werden
2264 4056 2297 4116 an
2327 4061 2450 4121 anderer
2480 4064 2572 4124 Stelle
2598 4064 2651 4124 auf
2672 4064 2754 4124 Werk
2780 4066 2833 4126 und
2858 4067 2946 4127 Leben
2981 4067 3025 4127 des
3055 4070 3128 4130 Ver¬

2123 4095 2270 4155 storbenen
2306 4098 2364 4158 noch
2396 4103 2651 4163 zurückkommen.

2189 416 2296 476 vom:
