3392 4256
248 288 334 348 2.
393 288 986 348 Schnitzler's
1056 291 1287 351 Death

343 998 1049 1058 DOBSERVER

426 1075 452 1135 I.
467 1070 590 1130 österr.
599 1066 745 1126 behördl.
760 1053 1061 1113 konzessioniertes

387 1115 621 1175 Unternehmen
653 1106 701 1166 für
724 1094 1112 1154 Zeitungs-Ausschnitte

445 1170 590 1230 WIEN,
618 1169 666 1229 I.,
694 1159 977 1219 WOLLZEILE
1019 1146 1060 1206 11

544 1217 756 1277 TELEPHON
789 1208 963 1268 R-23-0-43

358 1369 567 1429 Ausschnit
609 1365 686 1425 aus,
701 1389 858 1449 gade
886 1398 924 1458 de

816 1552 879 1612 23
936 1550 1064 1610 OKT.
1093 1561 1184 1621 1937

360 1595 470 1655 vom:

428 1715 704 1775 Arthur
768 1728 1071 1788 Schnitzler
1123 1738 1436 1798 gestorben

1172 1800 1275 1860 Wien,
1292 1804 1341 1864 21.
1358 1807 1506 1867 Oktober.

460 1818 526 1878 Der
570 1827 716 1887 bekannte
760 1833 980 1893 österreichische
1024 1843 1226 1903 Dramatiker
1270 1845 1330 1905 Dr.
1368 1852 1538 1912 Arthur

382 1865 613 1925 Schnitzler
655 1869 690 1929 ist
717 1871 753 1931 am
800 1877 954 1937 Mittwoch
990 1880 1016 1940 im
1063 1883 1109 1943 69.
1140 1888 1346 1948 Lebensjahre
1377 1896 1547 1956 gestorben.

383 1902 427 1962 Am
471 1907 648 1967 Vormittag
683 1913 771 1973 erlitt
796 1918 825 1978 er
855 1920 909 1980 auf
939 1925 1021 1985 einem
1067 1931 1282 1991 Spaziergang
1312 1935 1380 1995 eine
1411 1939 1542 1999 Gehirn¬

382 1950 514 2010 blutung
542 1955 597 2015 und
625 1959 763 2019 verschied
791 1964 851 2024 nach
879 1971 1122 2031 mehrstündiger
1145 1980 1426 2040 Bewußtlosigkeit.

470 2093 536 2153 Aus
570 2096 625 2156 der
659 2100 863 2160 Generation
897 2115 1191 2175 Hofmannsthals
1224 2121 1285 2181 und
1325 2124 1385 2184 aus
1419 2128 1523 2188 seinem

379 2135 497 2195 Wien,
515 2140 566 2200 dem
612 2142 673 2202 fast
696 2145 753 2205 sein
788 2151 951 2211 gesamtes
980 2157 1076 2217 Werk
1100 2162 1275 2222 gewidmet
1304 2168 1394 2228 war,
1412 2172 1450 2232 ist
1474 2174 1541 2234 jetzt

376 2177 505 2237 Arthur
533 2186 728 2246 Schnitzler,
751 2191 809 2251 der
837 2204 1265 2264 Neunundsechzigjährige
1282 2218 1542 2278 hinweggestor¬

372 2219 451 2279 ben.
488 2225 536 2285 So
558 2228 631 2288 sehr
658 2233 726 2293 auch
759 2235 843 2295 seine
870 2243 1065 2303 dichterische
1093 2252 1293 2312 Produktion
1331 2258 1399 2318 noch
1431 2261 1478 2321 bis
1505 2261 1531 2321 in

375 2262 424 2322 die
452 2269 551 2329 letzten
590 2276 695 2336 Jahre
723 2278 833 2338 hinein
868 2286 950 2346 tätig
984 2290 1072 2350 war,
1089 2290 1105 2350 —
1156 2296 1238 2356 seine
1266 2298 1349 2358 Art,
1372 2302 1415 2362 die
1444 2304 1537 2364 Welt

376 2313 403 2373 zu
437 2312 524 2372 sehen
564 2316 624 2376 und
657 2322 883 2382 feinstilistisch
917 2330 944 2390 in
977 2335 1070 2395 ihren
1104 2338 1269 2398 morbiden
1308 2347 1534 2407 Schwingun¬

371 2356 423 2416 gen
455 2359 698 2419 einzufangen,
716 2365 773 2425 hat
800 2369 847 2429 sich
880 2373 943 2433 mit
965 2375 1017 2435 den
1050 2382 1314 2442 Umwälzungen
1341 2388 1394 2448 des
1421 2391 1526 2451 letzten

370 2402 696 2462 Doppeljahrzehnts
734 2410 759 2470 in
802 2412 859 2472 der
892 2421 1170 2481 Vergangenheit
1203 2429 1376 2489 verloren.

1441 2434 1528 2494 Noch

366 2438 427 2498 vor
454 2445 577 2505 einigen
614 2453 768 2513 Wintern
805 2459 924 2519 machte
955 2464 1027 2524 man
1059 2466 1084 2526 in
1115 2467 1172 2527 der
1198 2475 1533 2535 Stresemannstraße

368 2484 422 2544 den
455 2489 616 2549 Versuch,
638 2494 692 2554 den
730 2499 848 2559 früher
876 2502 902 2562 so
935 2505 1006 2565 viel
1033 2511 1205 2571 gespielten
1266 2517 1330 2577 und
1363 2520 1432 2580 viel
1460 2522 1535 2582 um¬

370 2531 538 2591 strittenen
576 2539 797 2599 Dramatiker
830 2544 887 2604 mit
919 2546 972 2606 dem
1020 2551 1077 2611 für
1104 2554 1157 2614 ihn
1194 2559 1341 2619 typischen
1380 2564 1537 2624 Frauen¬

367 2574 519 2634 arztstück
537 2585 819 2645 „Professor
842 2593 1147 2653 Bernhardi“
1176 2602 1323 2662 aufleben
1357 2610 1385 2670 zu
1414 2609 1537 2669 lassen;

366 2619 445 2679 ohne
468 2621 604 2681 Erfolg.
628 2628 712 2688 Eher
735 2633 814 2693 schon
850 2634 911 2694 hat
935 2634 979 2694 sich
1009 2640 1070 2700 sein
1100 2643 1207 2703 letzter
1231 2648 1361 2708 Roman
1396 2652 1537 2712 „The¬

365 2663 502 2723 rese“,
524 2668 579 2728 wie
608 2670 673 2730 alle
696 2672 778 2732 seine
801 2676 928 2736 Werke,
950 2681 1027 2741 schon
1055 2687 1265 2747 gesammelt,
1287 2692 1337 2752 bei
1354 2693 1398 2753 S.
1409 2696 1530 2756 Fischer

364 2708 559 2768 erschienen,
581 2713 608 2773 in
646 2716 705 2776 das
738 2720 938 2780 literarische
966 2727 1122 2787 Blickfeld
1150 2733 1290 2793 gerückt.
1313 2737 1393 2797 Auch
1427 2741 1523 2801 dieses

362 2750 444 2810 Buch
472 2758 587 2818 trägt,
610 2759 670 2819 wie
699 2761 765 2821 alle
793 2765 881 2825 seine
909 2771 1041 2831 Werke,
1064 2775 1113 2835 die
1141 2779 1268 2839 Zeichen
1308 2781 1362 2841 der
1391 2786 1528 2846 Schnitz¬

355 2796 492 2856 lerschen
531 2801 657 2861 Kunst:
680 2805 734 2865 die
763 2811 944 2871 stilsichere,
989 2820 1210 2880 feinförmige
1244 2827 1436 2887 Gestaltung
1470 2831 1524 2891 der

358 2837 450 2897 Welt
476 2842 573 2902 jenes
606 2851 925 2911 Vorkriegswiens,
962 2858 1018 2918 dem
1065 2861 1101 2921 er
1153 2864 1245 2924 selbst
1292 2869 1354 2929 mit
1406 2873 1508 2933 seinem

358 2883 584 2943 Elternhause
611 2889 683 2949 voll
710 2893 880 2953 verhaftet
906 2899 999 2959 war,
1020 2903 1072 2963 die
1098 2909 1299 2969 Bemühung
1331 2914 1367 2974 um
1414 2916 1527 2976 unter¬

358 2926 500 2986 gehende
532 2932 828 2992 Menschentypen,
849 2941 896 3001 die
929 2944 976 3004 sich
1003 2948 1288 3008 widerstandsarm
1331 2956 1420 3016 einer
1452 2959 1526 3019 Zeit

358 2973 621 3033 anheimgeben,
648 2979 700 3039 die
727 2981 938 3041 gottseidank
971 2989 1070 3049 heute
1103 2994 1229 3054 klarere
1262 3001 1409 3061 Fronten
1467 3002 1525 3062 ge¬

363 3015 486 3075 schaffen
525 3019 600 3079 hat.
644 3023 757 3083 Dieses
790 3024 908 3084 Wien,
936 3032 1016 3092 diese
1049 3034 1140 3094 Welt
1174 3037 1227 3097 der
1260 3044 1524 3104 verschwomme¬

356 3057 414 3117 nen
451 3060 624 3120 Konturen
662 3064 713 3124 der
746 3070 971 3130 sublimierten
1009 3081 1313 3141 Triebhaftigkeit,
1335 3087 1387 3147 der
1414 3089 1519 3149 ästhe¬

360 3103 550 3163 tisierenden
583 3111 985 3171 Niedergangsgefühle,
1001 3116 1016 3176 —
1070 3120 1117 3180 ein
1150 3123 1271 3183 Wien,
1293 3126 1319 3186 in
1356 3131 1446 3191 dem,
1463 3132 1520 3192 den

364 3144 479 3204 Prozeß
517 3150 733 3210 umkehrend,
760 3156 807 3216 die
839 3160 1018 3220 Literatur
1051 3163 1097 3223 sich
1130 3165 1161 3225 in
1193 3168 1324 3228 Leben,
1346 3171 1372 3231 in
1409 3174 1456 3234 ach
1494 3174 1519 3234 so

354 3190 591 3250 erbärmliches
623 3197 728 3257 Leben
766 3202 960 3262 umzusetzen
998 3207 1155 3267 versucht.
1203 3211 1266 3271 Ein
1304 3216 1424 3276 Wien,
1451 3218 1504 3278 dem

358 3237 542 3297 gegenüber
574 3239 621 3299 sich
658 3240 705 3300 ein
737 3244 880 3304 anderes
907 3248 1006 3308 Wien
1038 3251 1122 3311 über
1150 3254 1207 3314 den
1245 3258 1339 3318 Krieg
1376 3263 1439 3323 und
1471 3262 1518 3322 die

356 3279 626 3339 Nachkriegszeit
656 3286 799 3346 gerettet
829 3290 886 3350 hat
915 3292 978 3352 und
1019 3296 1076 3356 das
1111 3301 1214 3361 seinen
1255 3303 1387 3363 besseren
1428 3307 1519 3367 Aus¬

1516 291 1642 351 box
1718 291 1898 351 43/1

1610 1714 2452 1774 Dichtergeneration
2492 1735 2651 1795 gefunden

1601 1748 1656 1808 die
1681 1750 1760 1810 noch
1785 1751 1848 1811 mit
1873 1757 2113 1817 Hermann
2146 1768 2274 1828 Bahr
2307 1771 2426 1831 glaubt
2451 1775 2483 1835 an
2524 1777 2579 1837 das
2612 1782 2763 1842 „Oester¬

1605 1794 1680 1854 reich
1716 1795 1744 1855 in
1780 1798 1984 1858 Ewigkeit“.

1687 1858 1732 1918 Um
1779 1865 1957 1925 Schnitzler
1987 1870 2049 1930 sind
2079 1873 2205 1933 heftige
2235 1882 2379 1942 Kämpfe
2408 1886 2633 1946 ausgefochten
2674 1893 2760 1953 wor¬

1595 1898 1675 1958 den.
1713 1902 1794 1962 Wer
1821 1908 1977 1968 erinnert
2005 1912 2053 1972 sich
2086 1917 2166 1977 nicht
2194 1919 2247 1979 des
2280 1927 2662 1987 „Reigen"=Skandals;
2690 1938 2754 1998 wer

1602 1944 1682 2004 nicht
1710 1946 1758 2006 der
1786 1950 1861 2010 weit
1883 1953 2056 2013 späteren,
2073 1962 2321 2022 gedämpfteren
2349 1971 2489 2031 Fassung
2516 1975 2619 2035 seines
2641 1977 2759 2037 immer

1601 1991 1904 2051 wiederkehrenden
1940 2001 2135 2061 Versuches,
2156 2004 2212 2064 den
2254 2010 2392 2070 Primat
2424 2015 2511 2075 einer
2542 2018 2603 2078 nur
2635 2022 2752 2082 gerade

1597 2031 1668 2091 noch
1707 2036 1734 2096 im
1784 2037 1916 2097 Kampf
1955 2041 2021 2101 mit
2061 2047 2121 2107 dem
2171 2055 2475 2115 Gesellschaftlichen
2525 2066 2751 2126 gebändigten

1597 2079 1962 2139 Hemmungslosigkeit
2006 2088 2061 2148 der
2112 2092 2227 2152 Sinne
2278 2098 2311 2158 zu
2367 2102 2571 2162 verkünden,
2616 2108 2643 2168 in
2699 2109 2759 2169 sei¬

1597 2117 1654 2177 ner
1707 2123 1850 2183 Novelle
1914 2132 2179 2192 „Fräulein
2237 2143 2387 2203 Else",

2440 2145 2495 2205 der
2551 2150 2640 2210 dann
2706 2153 2755 2213 die

1601 2165 1750 2225 Bergner
1797 2168 1825 2228 im
1884 2174 1964 2234 Film
2023 2180 2259 2240 Popularität
2300 2185 2334 2245 zu
2381 2192 2576 2252 verschaffen
2629 2197 2750 2257 suchte?

1600 2210 1775 2270 „Liebeln,
1815 2215 1958 2275 Sterben
2013 2221 2079 2281 und
2129 2230 2465 2290 Komödienspielen“

2692 2243 2755 2303 hat

1596 2255 1725 2315 einmal
1767 2258 1813 2318 ein
1879 2263 2097 2323 sarkastischer
2139 2274 2339 2334 Beurteiler
2381 2280 2576 2340 Schnitzlers
2629 2285 2752 2345 ewiges

1594 2299 1814 2359 Thementrio
1873 2306 2006 2366 gefaßt.

2085 2311 2125 2371 Es
2184 2316 2254 2376 sind
2319 2320 2371 2380 die
2430 2324 2611 2384 Probleme

1594 2339 1682 2399 einer
1749 2345 1888 2405 kranken
1960 2353 2171 2413 Gesellschaft
2238 2360 2299 2420 den
2372 2368 2471 2428 engen
2544 2373 2737 2433 Spielraum

1591 2382 1678 2442 ihrer
1707 2389 1878 2449 Gedanken
1912 2394 1972 2454 und
2006 2397 2089 2457 ihres
2122 2405 2288 2465 Erlebens
2317 2410 2426 2470 setzen.
2460 2414 2571 2474 Seine
2594 2420 2748 2480 Versuche

1589 2425 1615 2485 in
1653 2434 1980 2494 „Medardus“,
2001 2441 2059 2501 dem
2107 2448 2233 2508 Drama
2271 2451 2307 2511 um
2350 2454 2407 2514 das
2440 2458 2634 2518 Oesterreich
2688 2465 2745 2525 der

1589 2474 1853 2534 napoleonischen
1896 2481 1991 2541 Zeit,
2034 2487 2102 2547 und
2135 2489 2192 2549 sein
2235 2496 2425 2556 Schauspiel
2479 2502 2537 2562 aus
2596 2506 2653 2566 der
2686 2507 2754 2567 Re¬

1589 2516 1756 2576 naissance
1789 2523 1902 2583 „Der
1935 2528 2150 2588 Schleier
2205 2533 2285 2593 der
2340 2543 2588 2603 Beatrice“
2632 2549 2740 2609 waren

1596 2562 1777 2622 mißglückte
1806 2567 1937 2627 Ansätze
1966 2570 2015 2630 zum
2060 2575 2176 2635 großen
2210 2579 2325 2639 Werk.
2342 2582 2442 2642 Seine
2470 2588 2552 2648 Form
2597 2592 2668 2652 war
2697 2593 2751 2653 der

1591 2605 1804 2665 dramatische
1839 2611 2024 2671 Einakter;
2064 2619 2131 2679 mit
2166 2624 2272 2684 seinen
2312 2627 2475 2687 Dialogen
2521 2634 2729 2694 „Anatol

1594 2646 1669 2706 schon
1702 2651 1761 2711 hat
1783 2653 1815 2713 er
1842 2654 1890 2714 sich
1918 2654 1971 2714 von
2010 2662 2204 2722 vornherein
2243 2669 2301 2729 auf
2324 2670 2405 2730 seine
2432 2675 2561 2735 eigenen
2594 2680 2740 2740 Grenzen

1595 2693 1775 2753 festgelegt.
1842 2697 1962 2757 „Das
2017 2705 2258 2765 Märchen“

2314 2711 2376 2771 und
2435 2717 2486 2777 die
2545 2724 2748 2784 berüchtigte

1590 2735 1855 2795 „Liebelei“
1886 2740 1974 2800 setzen
2010 2747 2093 2807 diese
2123 2752 2216 2812 Linie
2247 2756 2317 2816 fort
2347 2757 2424 2817 über
2454 2764 2713 2824 „Freiwild

1589 2777 1660 2837 über
1698 2779 1751 2839 den
1794 2786 2000 2846 skandalösen
2043 2795 2279 2855 „Reigen"
2310 2801 2364 2861 bis
2401 2805 2449 2865 hin
2492 2809 2546 2869 zum
2601 2813 2746 2873 „Zwi¬

1590 2825 1878 2885 schenspiel",
1908 2830 1936 2890 zu
1978 2834 2029 2894 der
2065 2840 2318 2900 „Komödie
2348 2843 2429 2903 der
2458 2853 2660 2913 Worte",
2689 2856 2746 2916 der

1588 2868 1835 2928 „Komödie
1866 2871 1941 2931 der
1972 2881 2402 2941 Verführungen,
2426 2893 2544 2953 endlich
2580 2899 2627 2959 dem
2674 2902 2744 2962 letz¬

1585 2905 1630 2965 ten
1666 2912 1804 2972 Erfolg,
1827 2915 1879 2975 dem
1926 2920 2075 2980 „Gang
2110 2928 2185 2988 zum
2231 2932 2456 2992 Weiher“.
2491 2938 2600 2998 Wohl
2624 2944 2681 3004 hat
2711 2946 2739 3006 er

1586 2951 1640 3011 das
1667 2961 2158 3021 Dramatisch=Handwerkliche
2191 2974 2245 3034 fest
2272 2976 2299 3036 in
2332 2977 2380 3037 der
2407 2982 2520 3042 Hand.
2542 2986 2634 3046 Aber
2656 2990 2742 3050 seine

1583 2998 1777 3058 Stoffwahl
1799 3004 1880 3064 schon
1913 3010 2031 3070 gleitet
2059 3015 2177 3075 immer
2205 3020 2258 3080 ins
2291 3022 2355 3082 rein
2388 3027 2641 3087 Novellistische.
2664 3034 2733 3094 Das

1580 3042 1822 3102 Novellistische
1856 3049 1931 3109 aber
1964 3051 2007 3111 ist
2034 3057 2120 3117 seine
2153 3063 2342 3123 eigentliche
2375 3069 2494 3129 Form.
2538 3075 2623 3135 Auch
2656 3077 2737 3137 seine

1580 3083 1732 3143 Romane
1765 3090 1828 3150 sind
1860 3096 2071 3156 ausgebaute
2103 3103 2288 3163 Novellen,
2309 3111 2335 3171 in
2373 3111 2462 3171 ihrer
2489 3116 2557 3176 Art
2584 3120 2736 3180 stilistisch

1583 3131 1808 3191 meisterhaft;
1842 3135 1919 3195 aber
1952 3140 2018 3200 mit
2052 3142 2106 3202 der
2140 3148 2249 3208 Welt,
2277 3153 2326 3213 die
2360 3156 2398 3216 sie
2432 3159 2613 3219 gestalten,
2652 3166 2729 3226 eben

1577 3174 1689 3234 gestrig
1728 3177 1787 3237 und
1820 3180 1890 3240 auch
1918 3183 1955 3243 da
1988 3187 2107 3247 wieder
2140 3192 2199 3252 von
2232 3198 2329 3258 innen
2363 3201 2416 3261 her
2443 3207 2632 3267 kränkelnd.

1662 3228 1736 3288 Nur
1771 3233 1892 3293 wenige
1927 3240 2030 3300 seiner
2060 3246 2267 3306 Generation
2302 3254 2376 3314 läßt
2406 3256 2440 3316 er
2469 3257 2596 3317 zurück.
2660 3265 2728 3325 Der

1574 3269 1700 3329 reinere
1743 3275 1805 3335 und
1843 3283 2111 3343 unvergleichlich
2170 3291 2290 3351 tiefere
2323 3302 2733 3362 Hofmannsthal,

1571 3310 1626 3370 der
1660 3315 1687 3375 zu
1726 3317 1809 3377 weit
1843 3322 1976 3382 höheren
2021 3333 2248 3393 Landschaften
2293 3340 2342 3400 des
2377 3345 2515 3405 Parnaß
2555 3353 2731 3413 aufgestie¬

2819 1742 2894 1802 gene
2946 1747 3091 1807 Rilke
3144 1750 3208 1810 sind
3272 1756 3324 1816 ihm

2824 1788 3153 1848 Hauptmann,
3175 1796 3228 1856 ihm
3276 1799 3377 1859 verwe

2811 1830 3041 1890 turalismus,
3065 1834 3106 1894 ist
3136 1839 3248 1899 längst
3278 1843 3366 1903 bemü

2816 1873 2906 1933 ihrer
2933 1876 3172 1936 gemeinsamen
3211 1885 3364 1945 Vergang

2819 1915 2892 1975 geht
2921 1917 3017 1977 völlig
3052 1923 3171 1983 andere
3200 1924 3314 1984 Wege,
3337 1931 3382 1991 kla

2818 1959 2883 2019 noch
2916 1962 3084 2022 falschere,
3112 1965 3181 2025 aber
3215 1971 3366 2031 eindeuti

2816 2003 2902 2063 wenn
2941 2007 3012 2067 auch
3039 2013 3229 2073 begrenztes
3257 2016 3360 2076 Talen

2816 2046 2864 2106 ihm
2897 2048 2983 2108 starb
3016 2049 3070 2109 vor
3092 2052 3173 2112 allem
3217 2057 3265 2117 ein
3292 2061 3378 2121 Repr

2817 2089 2871 2149 nen
2903 2096 3252 2156 Gesellschaftsschicht,
3271 2105 3332 2165 die,
3351 2105 3362 2165 d

2810 2134 2902 2194 Wien
2947 2139 3001 2199 vor
3040 2141 3116 2201 1914
3171 2143 3236 2203 und
3275 2148 3302 2208 in

2814 2182 3164 2242 Jahrhundertwende
3204 2189 3293 2249 ihren
3338 2192 3376 2252 un

2808 2219 2879 2279 ihre
2909 2226 3136 2286 kurzlebigen,
3160 2228 3207 2288 oft
3238 2236 3386 2296 berausch

2811 2264 2893 2324 Ihre
2930 2269 3060 2329 Macht,
3084 2274 3149 2334 ihre
3185 2277 3327 2337 Blüten,
3352 2280 3368 2340 i

2817 2308 2900 2368 ihrem
2943 2311 3041 2371 letzten
3077 2318 3336 2378 Bannerträger

2882 2443 3002 2503 Arthur
3027 2448 3185 2508 Schnitzler
3211 2453 3311 2513 wurde
3337 2456 3368 2516 an

2803 2480 2850 2540 als
2888 2483 2977 2543 Sohn
3015 2487 3062 2547 des
3100 2493 3168 2553 ord.
3201 2496 3369 2556 Professors

2806 2525 2866 2585 Dr.
2884 2527 3011 2587 Johann
3045 2538 3223 2598 Schnitzler,
3246 2541 3329 2601 eines

2801 2567 2891 2627 dessen
2927 2575 3180 2635 Patientenkreis
3211 2582 3291 2642 viele
3322 2585 3372 2645 pro

2802 2611 2850 2671 ger
2878 2612 3039 2672 gehörten.
3078 2619 3240 2679 Schnitzler
3268 2623 3359 2683 studie

2805 2652 3007 2712 promovierte
3041 2660 3111 2720 1885
3144 2664 3198 2724 und
3231 2667 3313 2727 war,
3335 2669 3367 2729 na

2796 2695 2958 2755 schiedenen
2992 2700 3127 2760 Kliniken
3155 2708 3366 2768 pruktiziertu

2798 2736 2849 2796 der
2879 2743 3081 2803 hygienischen
3116 2751 3353 2811 Einrichtungen

2797 2781 2938 2841 nommen
2967 2786 3069 2846 hatte,
3087 2791 3137 2851 bis
3161 2790 3234 2850 1893
3263 2798 3376 2858 Assisten

2797 2825 2999 2885 allgemeinen
3036 2834 3225 2894 Poliklinik.
3268 2840 3332 2900 Den

2793 2867 2827 2927 ee
2850 2869 2952 2929 später
2976 2872 3055 2932 trat,
3079 2881 3175 2941 mußte
3204 2881 3232 2941 er
3261 2883 3323 2943 nach

2799 2910 2900 2970 Gustl"
2938 2918 3107 2978 aufgeben,
3132 2923 3186 2983 und
3223 2926 3295 2986 bald
3332 2927 3386 2987 wi¬

2796 2955 2974 3015 Literatur.
