3344 4320
1400 237 1531 297 box
1615 241 1803 301 42/6

148 241 245 301 2.
305 246 895 306 Schnitzler's
965 240 1200 300 Death

410 972 1208 1032 OBSERVER“

499 1028 525 1088 l.
539 1028 660 1088 österr.
669 1025 821 1085 behördl.
831 1025 1135 1085 konzessioniertes

456 1072 694 1132 Unternehmen
722 1067 772 1127 für
800 1064 1184 1124 Zeltungs-Ausschnitte

502 1130 658 1190 WIEN,
686 1132 732 1192 I.,
761 1127 1053 1187 WOLLZEILE
1094 1130 1141 1190 11

603 1178 826 1238 TELEPHON
859 1179 1039 1239 R-23-0-43

2106 1320 2349 1380 Paroveveis
2420 1324 2465 1384 die
2496 1327 2648 1387 spegerwre

405 1324 637 1384 Aurschnitt
650 1328 742 1388 aus:
789 1356 1079 1416 Volkozoitung,
1092 1368 1171 1428 Wler

1291 1343 1338 1403 die
1368 1345 1541 1405 früheden.
1561 1347 1647 1407 Dies
1677 1348 1802 1408 mahnte
1832 1352 1889 1412 den
1919 1353 2062 1413 Finanz¬

2104 1361 2157 1421 von
2188 1363 2372 1423 Industrie,
2390 1366 2504 1426 Handel
2528 1368 2581 1428 und
2605 1369 2775 1429 Gewerbe.
2791 1372 2952 1432 Ackerbau¬

1292 1391 1373 1451 ster,
1395 1390 1443 1450 bei
1465 1390 1513 1450 der
1540 1393 1961 1453 Präliminierung
1994 1398 2063 1458 der

2097 1404 2242 1464 minister
2270 1407 2334 1467 Dr.
2356 1410 2485 1470 Dollfuß
2518 1410 2593 1470 wird
2626 1411 2674 1471 sich
2702 1415 2863 1475 besonders
2896 1416 2955 1476 mit

1282 1431 1407 1491 ekten
1441 1434 1638 1494 Steuern
1666 1440 2059 1500 Vorsichtwalter

2094 1446 2153 1506 der
2175 1447 2261 1507 Krise
2289 1450 2337 1510 der
2365 1455 2625 1515 Viehwirtschaft
2647 1455 2706 1515 und
2734 1455 2782 1515 den
2815 1455 2841 1515 zu
2869 1459 2955 1519 ihrer

1292 1479 1366 1539 ssen.
1388 1481 1445 1541 Als
1472 1481 1669 1541 erfreuliches
1696 1486 1850 1546 Moment
1871 1488 1982 1548 konnte
2009 1489 2056 1549 der
2089 1493 2317 1553 Bekämpfung
2344 1495 2365 1555 in
2397 1497 2546 1557 Betracht
2567 1498 2764 1558 kommenden
2791 1502 2949 1562 Schritten

1298 1527 1358 1587 ister
1403 1527 1580 1587 mitteilen,
1619 1527 1674 1587 daß
1725 1529 1780 1589 der
1825 1533 2062 1593 Schilling

2096 1536 2243 1596 befassen.
2265 1539 2307 1599 An
2334 1541 2413 1601 diese
2434 1540 2846 1600 Regierungserklärungen
2873 1547 2946 1607 wird

414 1551 527 1611 vom:
661 1568 688 1628 7
717 1566 763 1626 2.
785 1569 906 1629 OKT.
927 1569 1029 1629 1937

1283 1569 1316 1629 ts
1339 1569 1455 1629 wieder
1478 1569 1522 1629 die
1546 1569 1741 1629 Parität
1764 1575 1893 1635 erreicht
1916 1575 1971 1635 hat
2000 1577 2038 1637 un

2093 1578 2142 1638 sich
2171 1581 2237 1641 eine
2265 1583 2465 1643 Debatte
2488 1585 2698 1645 anschließen.
2738 1588 2809 1648 Mit
2855 1591 2948 1651 dieser

1293 1613 1416 1673 gedessen
1466 1611 1516 1671 die
1545 1612 1757 1672 Bevölkerung
1808 1619 1959 1679 bezüglich
2015 1621 2065 1681 der

2094 1628 2230 1688 Debatte
2270 1629 2344 1689 wird
2378 1631 2429 1691 die
2458 1634 2713 1694 dringliche
2748 1634 2951 1694 Anfrage

1292 1655 1381 1715 ilität
1423 1654 1476 1714 der
1500 1658 1660 1718 Währung
1708 1661 1856 1721 beruhigt
1886 1662 1939 1722 sein
1969 1664 2063 1724 kann.
2094 1669 2170 1729 der

2252 1676 2724 1736 Sozialdemokraten
2797 1679 2957 1739 vereiniat

1331 1706 1386 1766 die
1430 1706 1783 1766 Kreditanstalt
1828 1711 1981 1771 anlangt,
2026 1711 2059 1771 so
2092 1715 2241 1775 werden,
2280 1717 2329 1777 die
2357 1717 2423 1777 Dr.
2445 1718 2594 1778 Bauer
2644 1721 2825 1781 einbringen
2859 1723 2952 1783 wird.

1326 1748 1385 1808 der
1407 1748 1538 1808 Bericht
1582 1750 1636 1810 der
1659 1751 1821 1811 englischen
1860 1756 2061 1816 Rechnungs¬

2094 1756 2158 1816 Die
2180 1760 2283 1820 zweite
2311 1760 2424 1820 Lesung
2452 1760 2500 1820 des
2529 1763 2669 1823 Budgets
2697 1766 2799 1826 dürfte
2822 1766 2881 1826 erst
2903 1769 2935 1829 am

1339 1793 1556 1853 abgewartet,
1578 1793 1641 1853 und
1674 1796 1784 1856 sodann
1823 1797 1896 1857 soll,
1918 1799 1976 1859 wie
2008 1800 2056 1860 sich

2097 1802 2292 1862 kommenden
2320 1807 2478 1867 Dienstag
2505 1806 2706 1866 stattfinden,
2724 1808 2755 1868 da
2783 1808 2831 1868 bis
2860 1811 2946 1871 dahin

1290 1836 1430 1896 Minister
1462 1837 1659 1897 ausdrückte,
1680 1838 1727 1898 die
1753 1840 1977 1900 Ausdehnung
2008 1842 2060 1902 der

2093 1846 2141 1906 die
2179 1848 2399 1908 Drucklegung
2467 1850 2522 1910 des
2572 1853 2946 1913 Bundesvoranschlages

1283 1879 1321 1939 ilt
1344 1882 1393 1942 dem
1438 1882 1678 1942 geschrumpften
1712 1885 1961 1945 Geschäftsstand
1990 1886 2057 1946 ent=
2091 1889 2224 1949 beendet
2252 1891 2307 1951 sein
2341 1893 2435 1953 wird.

1290 1928 1365 1988 )end
1392 1927 1558 1987 angepaßt
1580 1927 1719 1987 werden.

2175 1936 2235 1996 Die
2260 1936 2386 1996 Sitzung
2411 1939 2489 1999 nahm
2532 1939 2762 1999 nachstehenden
2793 1942 2932 2002 Verlauf

1205 2025 1458 2085 vorüberzogen.
1497 2025 1546 2085 Da
1575 2026 1657 2086 stand
1685 2026 1728 2086 ein
1762 2028 1855 2088 neues
1889 2031 1971 2091 Wien
2005 2033 2059 2093 vor

2168 2035 2243 2095 Was
2273 2037 2343 2097 aber
2367 2039 2419 2099 das
2449 2039 2606 2099 eigentlich
2637 2040 2859 2100 Künstlerische
2883 2043 2941 2103 und

344 2046 614 2106 Schnitzler
656 2049 729 2109 ist
761 2052 906 2112 nicht
948 2054 1093 2114 mehr

1199 2064 1266 2124 uns
1301 2068 1374 2128 auf,
1397 2068 1436 2128 ein
1470 2067 1583 2127 helles,
1606 2070 1763 2130 elegantes
1792 2074 1978 2134 Geschlecht,
2001 2076 2057 2136 das
2092 2077 2147 2137 das
2182 2080 2436 2140 unnachahmlich
2476 2082 2673 2142 Persönliche
2708 2085 2865 2145 bedeutet,
2888 2085 2944 2145 das

386 2100 548 2160 Während
586 2103 700 2163 Wiens
744 2105 901 2165 Bühnen,
934 2109 1173 2169 Schauspieler,

1202 2109 1250 2169 die
1288 2114 1520 2174 Lebensfreude
1553 2111 1611 2171 aus
1650 2114 1746 2174 feinen
1802 2118 2054 2178 Lobmeyerschen
2093 2120 2130 2180 ist
2158 2122 2206 2182 der
2239 2122 2357 2182 leichte,
2385 2126 2482 2186 feine,
2509 2127 2671 2187 glitzernde
2704 2127 2854 2187 Vorhang
2887 2131 2941 2191 von

295 2142 542 2202 Schriftsteller,
565 2148 846 2208 Theaterfreunde
875 2148 919 2208 die
954 2149 1043 2209 ersten
1083 2151 1167 2211 Vor=
1196 2156 1460 2216 Kristallbechern
1500 2155 1601 2215 trank,
1630 2157 1657 2217 in
1692 2157 1748 2217 das
1782 2160 1883 2220 einige
1912 2163 2052 2223 Tropfen
2086 2166 2255 2226 schwarzem
2300 2167 2395 2227 Flor,
2430 2169 2486 2229 der
2526 2171 2593 2231 uns
2638 2169 2688 2229 von
2729 2173 2852 2233 Anatol
2881 2172 2942 2232 und

299 2187 513 2247 bereitungen
604 2187 734 2247 trafen,

786 2191 888 2251 Artur
969 2193 1163 2253 Schnitzlers

1204 2205 1420 2265 Melancholie
1468 2205 1594 2265 gefallen
1648 2208 1775 2268 waren.
1839 2210 1912 2270 Wie
1960 2214 2060 2274 adelte

2087 2211 2186 2271 seiner
2214 2209 2413 2269 Gesellschaft
2436 2214 2562 2274 trennt,
2579 2214 2601 2274 so
2629 2214 2684 2274 daß
2713 2214 2767 2274 wir
2796 2216 2845 2276 nie
2867 2217 2944 2277 recht

297 2230 469 2290 siebzigsten
508 2229 708 2289 Geburtstag
758 2233 947 2293 künstlerisch
996 2235 1028 2295 zu
1067 2235 1163 2295 feiern

1198 2246 1287 2306 solche
1314 2248 1483 2308 Bitterkeit
1510 2246 1562 2306 das
1594 2248 1752 2308 Getränk!
1795 2252 1938 2312 Damals
1991 2254 2049 2314 gab
2081 2252 2213 2312 wissen:
2261 2254 2355 2314 Leben
2398 2255 2477 2315 diese
2509 2257 2667 2317 Gestalten
2705 2256 2778 2316 oder
2811 2257 2874 2317 sind
2906 2259 2942 2319 es

365 2267 422 2327 das
449 2269 533 2329 wäre
560 2271 586 2331 im
630 2273 767 2333 nächsten
799 2277 872 2337 Mai
894 2276 1026 2336 gewesen
1059 2276 1116 2336 —,
1138 2280 1169 2340 ist

1200 2285 1235 2345 es
1265 2291 1335 2351 noch
1365 2291 1541 2351 glanzvolle
1572 2294 1789 2354 Festlichkeiten
1825 2297 1854 2357 in
1890 2297 1942 2357 der
1972 2299 2048 2359 alten

2087 2297 2151 2357 nur
2190 2297 2357 2357 anmutige
2391 2299 2575 2359 Gespenster
2619 2299 2679 2359 von
2722 2302 2836 2362 Fleisch
2880 2306 2944 2366 und

292 2312 329 2372 er
356 2314 583 2374 hingesunken,
605 2317 647 2377 um
695 2318 737 2378 die
764 2318 875 2378 Augen
907 2318 960 2378 für
987 2321 1103 2381 immer
1130 2321 1156 2381 zu

1201 2333 1328 2393 Wiener
1360 2335 1518 2395 Hofburg.
1566 2337 1629 2397 Die
1656 2340 1883 2400 goldbetreßten
1926 2342 2047 2402 Lakaier

2087 2339 2183 2399 Blut,
2216 2341 2265 2401 die
2303 2341 2394 2401 unsre
2422 2343 2568 2403 Sprache
2607 2345 2779 2405 sprechen?
2829 2348 2941 2408 Dieser

299 2355 467 2415 schließen.
510 2358 615 2418 Artur
658 2360 831 2420 Schnitzler
869 2360 905 2420 ist
943 2360 1021 2420 nicht
1064 2363 1153 2423 mehr

1196 2381 1328 2441 reichten
1361 2382 1392 2442 im
1435 2384 1540 2444 heißen
1594 2385 1699 2445 Saale
1748 2387 1880 2447 eiskalte
1907 2390 2050 2450 Mandel

2084 2384 2183 2444 Flor,
2217 2384 2271 2444 den
2305 2385 2482 2445 Schnitzler
2521 2387 2581 2447 vor
2626 2387 2687 2447 nun
2737 2387 2797 2447 fast
2842 2390 2924 2450 einem

294 2399 369 2459 Der
397 2399 527 2459 Dichter
560 2401 647 2461 einer
674 2401 891 2461 Gesellschaft,
918 2404 961 2464 die
994 2404 1075 2464 schon
1114 2405 1167 2465 vor

1200 2423 1291 2483 milch
1321 2425 1446 2485 herum,
1470 2426 1672 2486 wundervoll
1695 2429 1741 2489 süß
1770 2431 1782 2491 —
1840 2431 1914 2491 aber
1938 2434 2052 2494 immer
2088 2426 2197 2486 halben
2226 2428 2462 2488 Jahrhundert
2480 2428 2560 2488 über
2584 2429 2641 2489 sein
2677 2431 2946 2491 Jünglingswerl

292 2440 347 2500 dem
388 2440 484 2500 Krieg
510 2443 860 2503 dahingeschwunden,
880 2446 962 2506 eines
993 2446 1169 2506 eleganten,

1198 2466 1303 2526 waren
1359 2469 1414 2529 für
1440 2468 1490 2528 den
1526 2472 1626 2532 Trank
1672 2472 1742 2532 auch
1794 2473 1899 2533 einige
1945 2476 2040 2536 bitter

2085 2470 2139 2530 hat
2167 2470 2350 2530 herabgehen
2389 2473 2502 2533 lassen,
2525 2471 2557 2531 er
2585 2472 2622 2532 ist
2644 2473 2736 2533 heute
2764 2476 2833 2536 noch
2861 2476 2942 2536 nicht

297 2485 472 2545 lächelnden
509 2485 569 2545 und
599 2485 659 2545 doch
690 2487 786 2547 unter
812 2488 978 2548 Bitterkeit
1004 2489 1169 2549 genießen¬

2081 2515 2291 2575 aufgezogen!
2340 2515 2410 2575 Und
2453 2515 2518 2575 wir
2561 2516 2642 2576 sehen
2691 2517 2755 2577 auch
2794 2518 2853 2578 fast
2880 2518 2939 2578 alle

1198 2512 1356 2572 Mandeln
1405 2515 1600 2575 ausgepreßt
1643 2518 1785 2578 worden.
1849 2519 2055 2579 Wienerische

292 2527 348 2587 den
390 2527 504 2587 Wien,
552 2527 577 2587 in
624 2527 722 2587 dessen
770 2530 899 2590 Salons
942 2531 987 2591 die
1029 2533 1169 2593 Anatole

2083 2557 2220 2617 späteren
2269 2557 2385 2617 Helden
2439 2560 2539 2620 seiner
2587 2563 2937 2623 Gesellschaftsdramen

1196 2563 1438 2623 Hofmischung,
1465 2563 1558 2623 einzig
1594 2564 1620 2624 in
1652 2566 1729 2626 ganz
1755 2566 1910 2626 Europa:
1937 2569 2055 2629 Bitter¬

297 2570 359 2630 auf
385 2572 622 2632 Frauenlippen
669 2572 875 2632 träumerisch
917 2572 1015 2632 Glück
1046 2575 1159 2635 suchten

2083 2600 2149 2660 und
2196 2601 2247 2661 der
2294 2605 2639 2665 Meistererzählungen
2691 2605 2809 2665 immer
2877 2611 2938 2671 nur

1197 2605 1256 2665 keit
1304 2605 1332 2665 in
1386 2606 1439 2666 der
1487 2606 1616 2666 höchsten
1670 2611 1924 2671 Faschingslust.
1966 2613 2048 2673 Mar

296 2609 357 2669 und
387 2614 492 2674 fanden
526 2611 535 2671 —
589 2613 622 2673 er
647 2614 737 2674 weilt
757 2617 838 2677 nicht
862 2617 949 2677 mehr
973 2616 1064 2676 unter
1093 2617 1170 2677 uns.

2080 2643 2185 2703 hinter
2250 2643 2345 2703 diesem
2425 2648 2626 2708 mysteriösen
2686 2647 2828 2707 Gewebe
2882 2649 2939 2709 aus

1194 2648 1328 2708 schluckte
1355 2649 1442 2709 durch
1474 2649 1599 2709 goldene
1625 2652 1880 2712 Strohröhrchen
1911 2655 2035 2715 lachend

296 2655 364 2715 Er,
391 2655 449 2715 der
486 2655 513 2715 in
550 2655 650 2715 seiner
677 2655 814 2715 Jugend
852 2658 941 2718 selbst
969 2658 1095 2718 Anatol
1117 2656 1169 2716 ge¬

2076 2685 2221 2745 zartester
2276 2685 2378 2745 Gaze,

2419 2685 2451 2745 so
2502 2690 2556 2750 daß
2611 2691 2687 2751 alles
2738 2691 2764 2751 in
2820 2693 2940 2753 fremde

1194 2691 1338 2751 Ahnung
1365 2693 1421 2753 vom
1479 2694 1577 2754 nahen
1619 2696 1701 2756 Ende
1738 2697 1789 2757 der
1826 2697 1935 2757 alten,
1966 2700 2043 2760 öster

296 2697 416 2757 wesen,
437 2697 497 2757 mit
523 2697 573 2757 der
604 2700 871 2760 melancholischen
907 2700 1002 2760 Locke,
1029 2700 1074 2760 die
1099 2700 1149 2760 ihm

2081 2730 2224 2790 Sphären
2264 2730 2401 2790 entrückt
2430 2733 2562 2793 scheint,
2585 2736 2612 2796 in
2652 2734 2734 2794 jenes
2768 2736 2939 2796 gedanken¬

1196 2736 1373 2796 reichischen
1402 2739 1619 2799 Herrlichke:!

296 2741 327 2801 so
354 2739 412 2799 lieb
460 2737 486 2797 in
524 2739 571 2799 die
603 2742 725 2802 Stirne
752 2740 825 2800 fiel,
863 2743 920 2803 mit
948 2742 1000 2802 dem
1049 2745 1148 2805 feinen

2071 2769 2159 2829 volle
2188 2775 2403 2835 Halbdunkel,
2426 2775 2470 2835 wo
2505 2777 2571 2837 Tag
2610 2778 2671 2838 und
2705 2780 2815 2840 Nacht,
2838 2781 2937 2841 Wirk¬

294 2784 378 2844 ganz
421 2783 495 2843 leise
543 2783 580 2843 an
634 2783 681 2843 die
730 2784 888 2844 Vorstadt
931 2785 1158 2845 anklingenden

1273 2808 1342 2868 Das
1383 2808 1446 2868 war
1476 2810 1551 2870 auch
1580 2811 1626 2871 die
1656 2811 1760 2871 liebste
1790 2814 1975 2874 Mschung,
1999 2815 2044 2875 die

2080 2814 2193 2874 lichkeit
2230 2816 2286 2876 und
2324 2819 2437 2879 Traum
2490 2821 2639 2881 einander
2671 2823 2862 2883 umarmen,
2889 2825 2945 2885 in¬

297 2826 478 2886 Wienerisch
510 2825 560 2885 des
591 2826 788 2886 Smokings,
809 2827 869 2887 wie
890 2828 920 2888 es
945 2829 1072 2889 damals
1103 2830 1163 2890 nur

1187 2852 1365 2912 Schnitzler
1412 2852 1469 2912 den
1522 2854 1712 2914 Gesprächen
1771 2855 1874 2915 seiner
1927 2856 2042 2916 junger

2079 2858 2233 2918 einander
2262 2861 2536 2921 verschwimmen.

292 2870 329 2930 er
361 2870 419 2930 und
452 2870 504 2930 sein
536 2868 690 2928 jüngerer
739 2871 871 2931 Freund
919 2872 1009 2932 Hugo
1037 2872 1073 2932 v.
1089 2874 1163 2934 Hof¬

1191 2894 1320 2954 Wiener
1352 2897 1512 2957 Lieblinge
1538 2897 1610 2957 gab,
1627 2898 1719 2958 diesem
1761 2900 1880 2960 Anatol
1907 2900 1963 2960 und
1995 2900 2046 2960 den

296 2912 507 2972 mannsthal,
528 2912 682 2972 höchstens
714 2912 780 2972 noch
812 2914 976 2974 Hermann
1008 2913 1100 2973 Bahr
1126 2914 1151 2974 zu

1191 2939 1357 2999 Freunden
1413 2939 1473 2999 und
1519 2942 1771 3002 Freundinnen.
1817 2944 1892 3004 Das
1938 2945 2043 3005 waren

301 2954 453 3014 sprechen,
481 2954 703 3014 hauptsächlich
742 2954 812 3014 aber
846 2957 872 3017 zu
911 2955 1057 3015 schreiben
1096 2956 1166 3016 ver¬

2158 2957 2265 3017 Nichts
2302 2963 2525 3023 zauberhafter
2563 2966 2613 3026 als
2649 2969 2721 3029 solch
2758 2969 2801 3029 ein
2845 2972 2937 3032 Flor,

1188 2987 1312 3047 Kinder
1343 2985 1452 3045 unsrer
1478 2988 1592 3048 Stadt,
1613 2990 1685 3050 aber
1712 2991 1737 3051 so
1764 2993 1841 3053 ganz
1867 2993 1981 3053 andre,
2002 2992 2048 3052 als

296 2996 427 3056 standen

537 2999 599 3059 sein
636 2996 745 3056 Mund
788 2997 829 3057 ist
866 2999 918 3059 für
950 2999 1064 3059 immer
1096 2999 1163 3059 ver¬

2076 3003 2130 3063 den
2161 3005 2201 3065 ein
2231 3005 2382 3065 Künstler
2402 3008 2462 3068 mit
2483 3010 2694 3070 traumhaften
2725 3012 2850 3072 Händen
2881 3014 2935 3074 vor

1189 3029 1224 3089 sie
1272 3032 1323 3092 die
1370 3032 1452 3092 alten
1499 3032 1627 3092 Wiener
1675 3033 1881 3093 Lokaldichter
1928 3038 2046 3098 gezeigt

297 3041 445 3101 stummt.
472 3041 573 3101 Seine
601 3042 690 3102 Hand
723 3044 781 3104 kalt
809 3041 866 3101 und
893 3042 989 3102 starr.

2076 3046 2131 3106 sein
2162 3047 2253 3107 Werk
2284 3049 2416 3109 spannt!
2442 3049 2508 3109 Wie
2539 3052 2615 3112 viele
2646 3055 2788 3115 Dramen
2819 3058 2930 3118 spielen

1184 3073 1312 3133 hatten,
1339 3073 1390 3133 den
1426 3073 1519 3133 feinen
1555 3076 1746 3136 Bauernfeld
1777 3079 2024 3139 mitinbegriffen

2076 3085 2106 3145 in
2143 3091 2236 3151 dieser
2272 3092 2495 3152 Dämmerung
2552 3097 2691 3157 zwischen
2734 3097 2811 3157 Sein
2874 3099 2935 3159 und

1188 3116 1340 3176 Wiener,
1362 3121 1403 3181 die
1430 3121 1482 3181 den
1515 3120 1582 3180 Cut
1625 3121 1688 3181 mit
1725 3121 1866 3181 Anstand
1920 3123 2045 3183 tragen,
2078 3133 2251 3193 Nichtsein,
2272 3136 2403 3196 zwischen
2435 3136 2577 3196 Himmel
2599 3139 2656 3199 und
2683 3140 2782 3200 Erde,
2793 3142 2924 3202 zwischen

642 3161 892 3221 Unwillkürlich
947 3164 1017 3224 tritt
1067 3164 1159 3224 diesen

382 3162 589 3222 Anatol..

1188 3163 1315 3223 Frauen
1353 3161 1410 3221 und
1443 3163 1612 3223 Mädchen,
1644 3166 1728 3226 nicht
1750 3166 1813 3226 nur
1840 3166 1866 3226 in
1904 3166 2041 3226 Haltung

2075 3175 2165 3235 Wahn
2207 3176 2267 3236 und
2304 3178 2480 3238 Erlebnis!
2512 3180 2577 3240 Und
2619 3182 2704 3242 wenn
2746 3184 2806 3244 wir
2837 3185 2928 3245 lange

292 3205 373 3265 Held
400 3205 456 3265 der
482 3206 794 3266 Erstlingsdichtung
846 3206 1036 3266 Schnitzlers
1088 3208 1138 3268 dem
1185 3211 1400 3271 bezaubernd,
1437 3211 1565 3271 sondern
1612 3214 1678 3274 auch
1719 3216 1873 3276 gebildet,
1904 3216 1934 3276 ja
1981 3214 2042 3274 un=
2074 3217 2273 3277 durchblicken
2305 3220 2391 3280 durch
2423 3221 2515 3281 diesen
2546 3224 2694 3284 Vorhang
2726 3226 2787 3286 und
2813 3226 2930 3286 Anatol

296 3250 445 3310 Freunde
471 3250 568 3310 seiner
595 3250 692 3310 Muse
718 3250 770 3310 vor
796 3251 924 3311 Augen,
946 3250 1032 3310 wenn
1064 3252 1094 3312 er
1121 3252 1151 3312 an

1189 3252 1370 3312 gezwungen
1421 3255 1572 3315 geistreich
1644 3256 1704 3316 und
1756 3257 1821 3317 doch
1872 3258 1896 3318 in
1948 3258 2038 3318 ihren

2072 3259 2135 3319 uns
2165 3261 2308 3321 erscheint
2333 3263 2391 3323 und
2421 3265 2578 3325 Hofreiter
2604 3267 2662 3327 und
2692 3268 2741 3328 der
2766 3270 2844 3330 Herr
2869 3273 2923 3333 von

293 3292 346 3352 den
385 3291 552 3351 beglückten
585 3292 714 3352 Dichter
747 3293 849 3353 denkt.
871 3294 914 3354 Es
947 3294 1011 3354 war
1039 3294 1065 3354 in
1104 3294 1152 3354 den

1191 3297 1372 3357 Neigungen
1408 3297 1434 3357 so
1455 3300 1688 3360 unbedenklich,
1709 3300 1729 3360 so
1755 3301 1947 3361 wahrhaftig
1989 3300 2045 3360 wie

2070 3304 2144 3364 Sala
2175 3304 2234 3364 und
2265 3306 2414 3366 Beatrice
2445 3309 2504 3369 und
2535 3309 2589 3369 der
2615 3312 2709 3372 junge
2739 3313 2933 3373 Medardus,

292 3337 386 3397 ersten
440 3339 613 3399 neunziger
656 3336 787 3396 Jahren
835 3337 887 3397 des
935 3338 1150 3398 vergangenen
1188 3339 1246 3399 das
1299 3340 1430 3400 Wiener
1483 3344 1735 3404 Vorstadtmädel
1789 3345 1878 3405 eines
1931 3344 2036 3404 Anton

2070 3346 2128 3406 vor
2165 3348 2239 3408 allem
2314 3350 2387 3410 aber
2446 3351 2605 3411 Christine
2663 3356 2833 3416 Weyring,
2881 3357 2928 3417 die

304 3381 566 3441 Jahrhunderts,
592 3380 638 3440 als
669 3378 715 3438 die
746 3380 905 3440 Gestalten
942 3381 988 3441 des
1024 3383 1163 3443 Anatol=
1189 3383 1313 3443 Langer
1359 3384 1431 3444 oder
1472 3387 1560 3447 Karl
1596 3390 1729 3450 Elmar.
1766 3389 1838 3449 Das
1885 3388 1935 3448 ist,
1972 3388 2038 3448 was

2068 3393 2219 3453 Schlager
2247 3396 2350 3456 Mizzi
2372 3396 2436 3456 und
2480 3396 2534 3456 der
2583 3398 2648 3458 alte
2692 3401 2838 3461 Musikus

297 3426 413 3486 Zyklus
462 3426 519 3486 zum
557 3426 732 3486 erstenmal
769 3424 832 3484 aus
881 3426 933 3486 dem
992 3428 1145 3488 schlanken

1183 3428 1300 3488 immer
1353 3432 1444 3492 gleich
1502 3432 1599 3492 bleibt
1656 3433 1686 3493 in
1754 3435 1830 3495 allen
1887 3434 2036 3494 Frauen¬

2068 3435 2148 3495 dann
2184 3432 2198 3492 —
2254 3435 2284 3495 es
2320 3437 2354 3497 ist
2385 3438 2445 3498 wie
2476 3441 2753 3501 Lichtspielzauber

2844 3444 2925 3504 steht

226 3472 440 3532 dzierlichen
477 3469 560 3529 Buch
591 3470 823 3530 emporstiegen
877 3469 942 3529 und
990 3471 1031 3531 an
1092 3471 1151 3531 uns
1188 3473 1414 3533 generationen
1451 3473 1557 3533 unsrer
1588 3476 1700 3536 Stadt.

2059 3474 2126 3534 auf
2155 3479 2273 3539 einmal
2297 3479 2342 3539 die
2371 3481 2495 3541 Gestalt
2524 3484 2626 3544 Artur
2655 3488 2836 3548 Schnitzlers
2871 3489 2921 3549 vor
