3436 4352
381 180 577 240 Macnc.
613 176 646 236 do
693 174 727 234 de
913 168 1005 228 me
1029 166 1074 226 er

2237 189 2255 249 d

1973 210 2003 270 er
2047 210 2082 270 ist

335 221 418 281 einem
468 219 692 279 Schlaganfall
713 215 830 275 erlegen
864 213 903 273 sei

1270 220 1392 280 endung
1428 222 1530 282 seines
1562 218 1618 278 70.
1649 217 1879 277 Lebensjahreg

2107 231 2254 291 mödie
2279 231 2350 291 der
2374 225 2561 285 Worte“,
2580 223 2618 283 ein
2652 223 2742 283 Stück
2767 222 2814 282 der
2843 221 2962 281 Schau¬

376 264 451 324 Was
486 261 590 321 Artur
621 258 795 318 Schnitzler
826 255 875 315 für
905 252 995 312 Wien
1030 252 1194 312 bedeutete

2108 273 2238 333 spieler,
2284 273 2339 333 das
2381 268 2683 328 Journalistenstück
2714 264 2845 324 „Fink
2876 261 2956 321 und

1271 273 1310 333 am
1356 274 1406 334 18.
1427 275 1502 335 Mai
1528 272 1603 332 1862
1629 267 1755 327 geboren
1786 267 1796 327 —
1852 266 1932 326 eines
1958 262 2073 322 sanften

337 308 408 368 kann
439 306 510 366 man
542 303 621 363 schon
671 300 769 360 daran
823 296 992 356 erkennen,
1032 294 1090 354 daß
1144 291 1197 351 von

2106 315 2470 375 Fliederbusch",
2519 312 2568 372 die
2623 306 2961 366 Casanova=Komödie

1269 326 1404 386 Todes.

327 351 427 411 diesem
492 345 686 405 Augenblick
727 343 766 403 an
822 340 871 400 die
922 339 1106 399 Telephone
1151 336 1205 396 der

2112 359 2220 419 „Die
2253 355 2564 415 Schwestern",
2612 351 2715 411 „Die
2752 350 2970 410 Komödie

1265 377 1310 437 An
1387 377 1484 437 seinem
1567 370 1776 430 Sterbelager
1833 369 1955 429 weilten
2017 362 2078 422 seir

343 392 541 452 Zeitungen,
566 389 633 449 aber
663 389 731 449 auch
765 383 862 443 vieler
891 380 1099 440 Privatleute
1129 377 1191 437 nich

1234 419 1383 479 Bruder,
1439 419 1494 479 der
1554 414 1704 474 bekannte
1755 413 1885 473 Wiener
1940 409 2080 469 Chirurg
2112 404 2191 464 der
2217 399 2557 459 Verführung",
2578 395 2622 455 die
2648 392 2848 452 dramatische
2879 389 2968 449 Dich¬

346 437 433 497 mehr
460 434 687 494 stillestanden,
734 429 785 489 bis
817 425 971 485 schließlich
1013 423 1080 483 auch
1117 422 1199 482 durch

1746 457 1861 517 Julius
1907 450 2087 510 Schnitz=
2113 445 2193 505 tung
2234 446 2339 506 „Der
2370 440 2495 500 Gang
2531 439 2601 499 zum
2652 435 2868 495 Weiher“,
2913 430 2968 490 das

331 479 403 539 eine
430 480 575 540 offizielle
602 474 819 534 Ausschickung
872 469 934 529 und
987 467 1075 527 durch
1133 464 1200 524 eine
1237 464 1611 524 Universitätsprofessor
1653 457 1700 517 Dr

341 521 603 581 Verlautbarung
639 519 670 579 im
717 514 819 574 Radio
856 512 901 572 die
938 510 1205 570 Todesnachricht
1226 506 1318 566 ler,
1345 506 1406 566 und
1437 504 1529 564 dessen
1566 500 1653 560 Sohn
1690 497 1756 557 Dr.
1782 498 1869 558 Hans
1901 493 2091 553 Schnitzler,
2112 489 2194 549 letzte
2225 486 2338 546 Stück,
2359 485 2415 545 das
2452 484 2503 544 von
2544 481 2708 541 Schnitzler
2745 476 2966 536 uraufgeführt

1808 540 1877 600 Der
1905 538 1991 598 Sohn
2029 535 2082 595 des
2116 530 2245 590 wurde,
2289 529 2369 589 denn
2403 527 2456 587 das
2494 524 2661 584 allererste,
2706 524 2786 584 „Im
2835 518 2969 578 Spiel

1236 549 1290 609 der
1325 548 1474 608 ebenfalls
1515 544 1688 604 Mediziner
1723 542 1772 602 ist.

336 566 518 626 verifiziert
544 562 655 622 wurde

380 616 451 676 Wer
483 616 560 676 nicht
586 614 637 674 zum
684 611 807 671 engeren
839 608 947 668 Kreise
989 606 1029 666 um
1092 603 1195 663 Artur
1231 594 1396 654 Dichters,
1423 590 1562 650 Heinrich
1598 584 1783 644 Schnitzler,
1810 582 1861 642 der
1898 581 1943 641 als
1975 579 2088 639 Regis=
2110 573 2192 633 der
2229 568 2605 628 Sommerlüfte“,
2631 565 2749 625 brachte
2781 562 2837 622 das
2874 556 2971 616 Deut¬

2120 616 2177 676 sche
2202 613 2425 673 Volkstheater
2450 610 2566 670 heraus

1238 636 1308 696 seur
1364 633 1429 693 und
1486 629 1708 689 Schauspieler
1759 624 1997 684 augenblicklich
2058 616 2083 676 in

2160 659 2283 719 Später
2313 656 2362 716 als
2397 655 2446 715 der
2481 652 2683 712 Dramatiker
2708 648 2886 708 Schnitzler
2911 646 2960 706 kam

336 661 511 721 Schnitzler
536 658 682 718 gehörte,
707 655 832 715 konnte,
857 651 950 711 wenn
984 649 1018 709 er
1048 649 1096 709 die
1130 646 1212 706 mar¬

1242 678 1357 738 Berlin
1395 679 1473 739 tätig
1506 676 1558 736 ist,
1607 670 1711 730 wurde
1749 670 1849 730 sofort
1876 666 2086 726 telegraphisch

342 706 437 766 kante
484 702 697 762 Erscheinung
743 700 799 760 des
845 694 966 754 Poeten
1023 691 1053 751 in
1109 691 1200 751 einen

1237 721 1313 781 nach
1350 719 1437 779 Wien
1489 718 1612 778 berufen
1664 712 1726 772 und
1767 712 1870 772 dürfte
1907 708 1994 768 heute
2030 704 2096 764 ein=
2123 702 2179 762 der
2226 700 2447 760 Erzähler
2494 694 2669 754 Schnitzler
2721 695 2777 755 zur
2829 691 2988 751 Geltung.

342 750 502 810 Theater,
523 748 549 808 in
586 745 674 805 einem
716 742 809 802 Lokal
836 736 903 796 oder
934 738 960 798 in
997 736 1048 796 dem
1096 736 1204 796 Bezirk

1240 765 1379 825 treffen.
1400 761 1469 821 Erst
1495 759 1570 819 dann
1610 753 1725 813 werden
1761 752 1981 812 Verfügungen
2017 747 2091 807 über
2123 745 2207 805 Sein
2243 744 2332 804 erstes
2363 739 2558 799 erzählendes
2589 736 2679 796 Werk
2709 735 2774 795 war
2805 733 2849 793 die
2880 733 2979 793 Skizze

345 794 379 854 in
414 792 468 852 dem
537 789 566 849 er
596 789 739 849 wohnte,
784 781 966 841 auftauchen
1026 783 1094 843 sah,
1134 777 1198 837 nich

1243 807 1294 867 die
1325 806 1386 866 Art
1423 804 1484 864 und
1515 802 1612 862 Weise
1649 798 1695 858 der
1731 798 1905 858 Beisetzung
1942 794 2003 854 und
2040 792 2090 852 des
2127 786 2394 846 „Sterben“,
2415 782 2574 842 Professor
2600 780 2779 840 Nothnagel
2805 777 2985 837 gewidmet,

2120 831 2190 891 eine
2231 831 2408 891 realistische
2449 824 2660 884 Schilderung
2691 822 2742 882 der
2772 819 2868 879 letzten
2904 819 2984 879 Tage

356 837 477 897 ahnen,
520 834 573 894 daß
605 831 699 891 dieser
726 828 847 888 Dichter
874 825 900 885 so
927 825 995 885 bald
1044 822 1101 882 aus
1149 819 1201 879 den

1240 849 1472 909 Begräbnisses
1509 843 1659 903 getroffen
1701 837 1813 897 werden

2126 873 2214 933 eines
2248 870 2568 930 Schwindsüchtigen.
2590 866 2656 926 Von
2695 865 2794 925 seinen
2828 864 2977 924 Novellen

350 881 450 941 Leben
483 878 605 938 scheiden
643 873 760 933 werde.

1290 891 1338 951 Es
1371 893 1403 953 ist
1431 891 1512 951 keine
1545 887 1680 947 Phrase:
1708 882 1762 942 Als
1800 882 1865 942 man
1898 882 1946 942 sich
1979 877 2093 937 gestern

1247 936 1368 996 abends
1411 936 1442 996 in
1490 929 1579 989 Wien
1627 927 1673 987 die
1711 926 1879 986 Nachricht
1911 924 1963 984 vom
2016 918 2095 978 Tode
2128 918 2190 978 wie
2238 917 2338 977 „Die
2370 914 2485 974 Frau
2523 909 2591 969 des
2628 909 2843 969 Weisen“,
2881 905 2986 965 „Der

446 932 509 992 Die
533 930 712 990 Bekannten
760 925 933 985 allerdings
980 922 1131 982 wußten,
1166 922 1217 982 das

1252 977 1441 1037 Schnitzlers
1479 974 1536 1034 von
1573 971 1678 1031 Mund
1716 969 1747 1029 zu
1784 966 1889 1026 Mund
1927 965 2005 1025 gab,
2032 961 2100 1021 löste
2127 959 2405 1019 erblindete
2480 951 2774 1011 Geronimo“,
2843 948 2980 1008 „Frau

390 986 493 1046 Artur
540 983 719 1043 Schnitzler
754 978 845 1038 seit
881 977 996 1037 zwei
1031 974 1216 1034 Jahren

2125 1003 2272 1063 Berta
2326 998 2532 1058 Garlan“
2596 995 2659 1055 und
2729 992 2988 1052 „Leutnant

1252 1022 1288 1082 sie
1326 1022 1373 1082 bei
1406 1019 1490 1079 jedem
1539 1017 1639 1077 tiefste
1671 1010 1915 1070 Erschütterung
1953 1007 2032 1067 aus.
2059 1002 2101 1062 Es

394 1040 510 1100 über
563 1033 994 1093 Herzbeschwerden
1059 1025 1215 1085 klagte

398 1093 457 1153 und
494 1093 541 1153 daß
578 1090 626 1150 sich
657 1087 710 1147 sein
741 1086 939 1146 körperlicher
982 1082 1119 1142 Zustand
1162 1078 1216 1138 seit
1253 1069 1319 1129 war
1350 1064 1421 1124 eine
1452 1060 1590 1120 ähnliche
1621 1055 1807 1115 Stimmung
1844 1053 1903 1113 wie
1934 1049 2108 1109 seinerzeit,
2127 1046 2283 1106 Gustl“
2326 1043 2440 1103 machte
2471 1042 2518 1102 die
2549 1038 2759 1098 novellistische
2790 1036 2910 1096 Studie
2941 1032 2988 1092 des

401 1146 450 1206 dem
494 1143 657 1203 plötzlichen
687 1141 850 1201 tragischen
879 1136 943 1196 Tod
972 1136 1064 1196 seiner
1094 1133 1214 1193 Tochter
1244 1116 1308 1176 s
1337 1109 1358 1169 in
1387 1109 1479 1169 Wien
1509 1105 1551 1165 ein
1580 1101 1708 1161 Großer
1737 1098 1794 1158 aus
1823 1096 1872 1156 dem
1916 1093 2022 1153 Reiche
2052 1091 2101 1151 der
2131 1089 2295 1149 Offiziers
2324 1088 2359 1148 am
2410 1084 2530 1144 meisten
2560 1081 2737 1141 Aufsehen,
2767 1079 2845 1139 weil
2874 1078 2909 1138 sie
2938 1076 2987 1136 der

2136 1132 2237 1192 Anlaß
2266 1131 2351 1191 war,
2369 1130 2419 1190 daß
2442 1126 2606 1186 Schnitzler
2629 1124 2725 1184 seiner
2742 1121 2996 1181 Offiziers¬

1252 1150 1545 1210 Schauspielkunst,
1580 1143 1695 1203 Kainz,
1725 1138 1979 1198 dahingegangen
2025 1133 2094 1193 war

2123 1177 2284 1237 charge
2310 1174 2367 1234 für
2394 1169 2612 1229 verlustig
2649 1165 2763 1225 erklärt
2790 1165 2899 1225 wurde

1620 1180 1729 1240 ...

396 1201 469 1261 noch
498 1195 753 1255 verschlimmert
783 1189 878 1249 hatte.

2178 1221 2226 1281 In
2270 1216 2366 1276 seinem
2416 1213 2551 1273 einzigen
2590 1210 2714 1270 Roman
2757 1208 2866 1268 „Der
2899 1207 2990 1267 Weg

445 1249 521 1309 Vor
539 1249 656 1309 einigen
693 1243 839 1303 Monaten
869 1243 956 1303 schien
987 1242 1016 1302 es
1040 1240 1086 1300 ihm
1128 1238 1221 1298 etwas

2136 1262 2204 1322 ins
2241 1261 2400 1321 Freie“
2448 1255 2506 1315 gab
2533 1254 2564 1314 er
2597 1253 2649 1313 den
2697 1253 2813 1313 großen
2867 1249 2999 1309 Wiener

1376 1262 1584 1322 Schnitzler
1626 1257 1697 1317 und
1738 1252 1818 1312 sein
1859 1250 1995 1310 Werk.

397 1306 492 1366 besser
524 1305 547 1365 zu
584 1300 697 1360 gehen,
716 1300 794 1360 aber
819 1297 842 1357 in
879 1296 926 1356 den
963 1294 1065 1354 letzten
1095 1293 1221 1353 Wocher

1302 1316 1406 1376 Artur
1428 1314 1596 1374 Schnitzler
1625 1308 1729 1368 wurde
1772 1306 1813 1366 am
1856 1302 1912 1362 15.
1934 1300 2011 1360 Mai
2032 1300 2109 1360 1862
2145 1306 2271 1366 Roman
2307 1303 2355 1363 der
2391 1297 2742 1357 Jahrhundertwende.
2764 1297 2833 1357 Ihm
2883 1294 2995 1354 folgten

2138 1349 2259 1409 wieder
2282 1347 2424 1407 Novellen
2456 1344 2514 1404 wie
2536 1342 2620 1402 „Dr.
2637 1339 2853 1399 Gräsler,
2870 1337 3007 1397 Bade¬

408 1356 492 1416 hatte
516 1356 561 1416 sich
592 1354 645 1414 sein
669 1351 775 1411 Leiden
807 1348 974 1408 verschärft
991 1346 1051 1406 und
1075 1346 1105 1406 er
1128 1344 1227 1404 klagte
1259 1359 1288 1419 in
1312 1358 1396 1418 Wien
1427 1354 1579 1414 geboren.
1596 1352 1656 1412 Als
1680 1349 1763 1409 Sohn
1795 1347 1840 1407 des
1871 1343 2100 1403 Laryngologer

413 1413 512 1473 seinem
578 1406 813 1466 behandelnden
866 1403 966 1463 Arzt,
1014 1399 1066 1459 dem
1138 1397 1231 1457 Herz=
1261 1402 1325 1462 Dr.
1349 1401 1485 1461 Johann
1515 1394 1685 1454 Schnitzler
1709 1392 1773 1452 war
1803 1392 1838 1452 er
1880 1389 1950 1449 bald
1980 1386 2033 1446 für
2057 1383 2109 1443 das
2139 1393 2286 1453 arzt",
2304 1387 2598 1447 „Casanovas
2623 1381 2910 1441 Heimfahrt"
2940 1380 2998 1440 und

2142 1434 2175 1494 in
2214 1434 2457 1494 „Fräulein
2491 1425 2607 1485 Else“
2641 1425 2723 1485 kehrt
2751 1425 2784 1485 er
2812 1425 2922 1485 wieder
2950 1421 3005 1481 zur

1255 1445 1402 1505 Studium
1450 1440 1502 1500 der
1529 1440 1672 1500 Medizin
1704 1433 1878 1493 bestimmt,
1921 1428 2099 1488 praktiziert

414 1464 597 1524 spezialisten
671 1461 738 1521 Dr.
787 1455 970 1515 Ferdinand
1026 1450 1215 1510 Donath

2149 1476 2431 1536 Monolognovelle
2459 1473 2577 1533 zurück.
2600 1472 2662 1532 Die
2685 1470 2763 1530 letzte
2792 1468 2938 1528 Novelle,
2955 1464 3000 1524 die

1258 1489 1332 1549 eine
1360 1485 1456 1545 Reihe
1489 1482 1548 1542 von
1586 1479 1710 1539 Jahren
1743 1476 1780 1536 an
1818 1475 1866 1535 den
1905 1473 2044 1533 Kliniken
2082 1468 2109 1528 in

418 1519 497 1579 öfter
522 1515 680 1575 darüber,
712 1512 766 1572 daß
810 1509 840 1569 er
883 1504 1097 1564 anfallsweise
1141 1500 1219 1560 start

1258 1531 1348 1591 Wien
1388 1527 1445 1587 und
1485 1524 1588 1584 wurde
1623 1519 1784 1579 schließlich
1818 1515 1967 1575 Assistent
2014 1512 2117 1572 seines
2150 1521 2208 1581 von
2235 1520 2404 1580 Schnitzler
2424 1519 2469 1579 als
2496 1516 2573 1576 Buch
2600 1514 2743 1574 erschien,
2763 1515 2827 1575 war
2854 1511 3009 1571 „Spiel

2144 1562 2186 1622 im
2234 1559 2657 1619 Morgengrauen",
2689 1556 2757 1616 eine
2790 1553 2937 1613 Novelle,
2964 1553 3006 1613 die

417 1565 821 1625 Beklemmungszustände
863 1556 970 1616 habe.
1029 1552 1242 1612 Nichtsdesto=
1268 1571 1407 1631 Vaters,
1425 1565 1539 1625 Später
1566 1564 1631 1624 trat
1656 1559 1820 1619 Schnitzter
1847 1556 1870 1616 in
1904 1556 1953 1616 den
1987 1553 2101 1613 militär

2141 1605 2503 1665 eigentümlicherweise
2541 1601 2578 1661 an
2626 1598 2705 1658 seine
2749 1598 2822 1658 erste
2860 1595 3014 1655 Meister¬

414 1620 559 1680 weniger
596 1618 726 1678 änderte
756 1613 930 1673 Schnitzler
960 1607 1039 1667 seine
1069 1605 1235 1665 gewohnte
1266 1612 1425 1672 ärztlichen
1462 1608 1593 1668 Dienst,
1630 1603 1796 1663 quittierte
1849 1597 1891 1657 ihn
1950 1595 2000 1655 als
2030 1591 2109 1651 Regi

2148 1651 2276 1711 novelle
2308 1649 2488 1709 „Leutnant
2510 1644 2622 1704 Gustl“
2654 1642 2819 1702 besonders
2856 1640 3015 1700 erinnert.

421 1673 639 1733 Lebensweise
658 1670 751 1730 nicht,
777 1668 858 1728 wozu
890 1661 1045 1721 eigentlich
1071 1659 1145 1719 auch
1171 1658 1227 1718 kein
1265 1656 1445 1716 mentsarzt
1490 1651 1552 1711 und
1578 1649 1658 1709 lebte
1684 1647 1764 1707 dann
1803 1643 1865 1703 nur
1890 1643 1977 1703 mehr
2022 1637 2102 1697 seine

2188 1694 2374 1754 Schnitzlers
2428 1691 2592 1751 allerletzte
2647 1688 2764 1748 Arbeit
2818 1685 2886 1745 war
2940 1685 3009 1745 eine

1262 1699 1476 1759 literarischen
1507 1694 1631 1754 Arbeit.

419 1727 606 1787 besonderer
646 1724 750 1784 Anlaß
789 1721 919 1781 gewesen
965 1716 1068 1776 wäre,
1115 1712 1153 1772 da
1199 1709 1218 1769 e

2150 1736 2570 1796 Neubearbeitung
2605 1731 2698 1791 seines
2726 1727 2870 1787 Dramas
2904 1728 3009 1788 „Der

1306 1741 1409 1801 Schon
1443 1739 1606 1799 frühzeitig
1639 1736 1723 1796 haue
1750 1730 1919 1790 Schnitzler
1952 1727 1984 1787 zu
2018 1724 2115 1784 schrei

2149 1782 2248 1842 Ruf
2276 1780 2348 1840 des
2382 1777 2598 1837 Lebens",
2621 1774 2675 1834 das
2715 1774 2814 1834 seinem
2865 1770 3008 1830 Wunsche

419 1783 527 1843 mäßig
566 1780 623 1840 und
656 1774 841 1834 vernünftig
874 1769 969 1829 lebte.

1265 1786 1322 1846 ben
1352 1783 1530 1843 begonnen.
1549 1780 1617 1840 Das
1647 1776 1762 1836 Milieu
1797 1774 1820 1834 in
1856 1773 1901 1833 dem
1948 1769 2046 1829 Hause
2076 1765 2115 1825 sei

2155 1826 2265 1886 gemaß
2298 1825 2325 1885 im
2370 1822 2507 1882 nächsten
2552 1820 2640 1880 Jahr
2685 1816 2739 1876 zur
2778 1814 2866 1874 Feier
2911 1813 3009 1873 seines

1266 1831 1324 1891 nes
1361 1826 1499 1886 Vaters,
1542 1822 1567 1882 zu
1610 1822 1700 1882 dessen
1738 1815 1996 1875 Patientenkreis
2050 1810 2112 1870 viel

472 1833 518 1893 In
553 1832 606 1892 der
634 1828 809 1888 allerletzten
844 1824 918 1884 Zeit
953 1822 1047 1882 schien
1095 1819 1128 1879 er
1156 1818 1223 1878 soga

2152 1868 2214 1928 70.
2237 1867 2469 1927 Geburtstages
2504 1863 2531 1923 im
2577 1862 2820 1922 Deutschen
2860 1858 3018 1918 Volks¬

419 1888 519 1948 etwas
549 1884 684 1944 heiterer
709 1881 867 1941 geworden
898 1879 927 1939 zu
963 1876 1045 1936 sein,
1063 1871 1240 1931 allerdings
1270 1872 1477 1932 prominente
1501 1865 1719 1925 Schauspieler
1750 1860 1808 1920 und
1844 1857 1974 1917 Sänger
2022 1852 2115 1912 gehör

2152 1914 2342 1974 theater
2370 1909 2505 1969 gespielt
2533 1906 2652 1966 werden
2696 1904 2799 1964 sollte.
2837 1903 2918 1963 Auch
2962 1899 3016 1959 das

428 1938 560 1998 merkten
595 1936 641 1996 die
665 1933 854 1993 Vertrauten
901 1928 958 1988 aus
999 1926 1142 1986 gewissen
1177 1921 1246 1981 hin=
1270 1915 1344 1975 ten,
1385 1914 1471 1974 hatte
1495 1912 1546 1972 den
1576 1910 1690 1970 jungen
1720 1904 1898 1964 Studenten
1927 1900 2001 1960 stark
2031 1896 2111 1956 beein

2162 1956 2483 2016 Burgtheater
2528 1948 2588 2008 und
2628 1947 2689 2007 das
2728 1945 2933 2005 Theater
2972 1940 3010 2000 in

1273 1959 1369 2019 flußt

424 1992 622 2052 geworfenen
660 1983 920 2043 Bemerkungen,
957 1980 1011 2040 daß
1060 1980 1108 2040 ihn
1151 1974 1247 2034 dro¬

1317 1997 1535 2057 „Anatol"
1589 1989 1654 2049 war
1708 1989 1767 2049 sein
1821 1983 1913 2043 erstes
1967 1979 2105 2039 aufsehen

2153 1999 2233 2059 der
2280 1998 2547 2058 Josefstadt
2589 1989 2756 2049 bereiteten
2815 1989 3023 2049 Festauffüh¬

1279 2042 1463 2102 erregendes
1491 2037 1595 2097 Werk,
1612 2034 1680 2094 eine
1702 2032 1796 2092 Reihe
1823 2028 1881 2088 von
1908 2023 2124 2083 dramatischer

424 2044 572 2104 hende
597 2040 844 2100 Ahnungen
882 2032 1030 2092 quälten,
1049 2028 1091 2088 die
1123 2028 1154 2088 er
1179 2024 1234 2084 abe

2151 2046 2278 2106 rungen
2306 2043 2358 2103 zum
2401 2039 2454 2099 70.
2476 2037 2672 2097 Geburtstag
2699 2034 2752 2094 des
2779 2033 2922 2093 Dichters
2949 2027 3007 2087 vor

1274 2085 1453 2145 Dialogen,
1475 2082 1516 2142 die
1543 2079 1617 2139 aber
1649 2075 1701 2135 erst
1728 2073 1765 2133 um
1807 2071 1902 2131 vieles
1929 2067 2050 2127 später,
2071 2063 2102 2123 un

2162 2086 2215 2146 den
2253 2085 2403 2145 „Jungen
2436 2080 2635 2140 Medardus"
2668 2079 2727 2139 und
2760 2079 2802 2139 die
2835 2073 3001 2133 „Liebelei“

417 2098 501 2158 nicht
531 2096 579 2156 als
616 2091 898 2151 Todesgedanken,
923 2085 1055 2145 sondern
1097 2082 1163 2142 eher
1200 2079 1247 2139 al¬

1281 2130 1355 2190 zwar
1387 2127 1450 2187 nach
1483 2120 1615 2180 heftigem
1658 2118 1823 2178 Sträuben
1856 2109 2062 2169 Schnitzlers,
2089 2109 2115 2169 in

2162 2132 2351 2192 Schnitzler,
2384 2127 2433 2187 der
2466 2126 2508 2186 ein
2542 2123 2639 2183 Feind
2667 2120 2742 2180 aller
2775 2118 3019 2178 terminisierten

427 2150 541 2210 Nahen
572 2147 656 2207 einer
687 2146 753 2206 noch
784 2141 1001 2201 unbekannten
1033 2135 1160 2195 Gefahr
1184 2132 1250 2192 auf¬

1271 2171 1441 2231 Deutschen
1476 2164 1698 2224 Volkstheater
1721 2159 1777 2219 auf
1800 2156 1851 2216 die
1880 2155 1994 2215 Bühne
2017 2151 2135 2211 kamen.

2165 2174 2332 2234 Ehrungen
2359 2171 2446 2231 war,
2463 2168 2559 2228 freute
2581 2165 2629 2225 sich
2652 2164 2716 2224 doch
2744 2162 2797 2222 auf
2820 2162 2862 2222 die
2885 2159 3024 2219 Wieder¬

1319 2215 1360 2275 Es
1397 2213 1463 2273 war
1511 2207 1588 2267 aber
1636 2204 1702 2264 doch
1760 2201 1847 2261 einer
1880 2201 1931 2261 der
1963 2195 2117 2255 „Anatol“

435 2203 538 2263 faßte.

1282 2258 1435 2318 Dialoge,
1457 2254 1484 2314 in
1520 2249 1610 2309 denen
1653 2248 1813 2308 Schnitzler
1849 2242 1897 2302 als
1926 2239 2135 2299 Dramatiker
2165 2216 2339 2276 aufnahme
2375 2215 2472 2275 seiner
2501 2210 2605 2270 Werke
2648 2207 2675 2267 in
2718 2207 2913 2267 glänzenden
2956 2201 3025 2261 Be¬

432 2254 601 2314 Außerlich
635 2249 706 2309 war
739 2249 771 2309 er
805 2246 876 2306 noch
910 2243 961 2303 bis
995 2242 1027 2302 in
1067 2238 1118 2298 die
1153 2234 1249 2294 letzter

2168 2263 2341 2323 setzungen.
2366 2258 2407 2318 Er
2432 2258 2485 2318 hat
2510 2256 2545 2316 sis
2570 2255 2653 2315 nicht
2678 2252 2761 2312 mehr
2786 2249 2899 2309 erlebt.

386 2299 538 2359 Stunder
590 2294 793 2354 vollkommen
850 2288 968 2348 rüstig.
1014 2285 1064 2345 Er
1116 2279 1239 2339 besucht

1273 2301 1469 2361 debütierte,
1516 2294 1692 2354 allerdings
1749 2288 1774 2348 in
1838 2287 1925 2347 einem
1988 2281 2132 2341 privaten

2174 2332 2265 2392 Wie
2294 2335 2505 2395 Schnitzler
2543 2331 2644 2391 seine
2692 2327 3023 2387 Offizierscharge

382 2342 551 2402 Dienstag
583 2338 704 2398 abends
736 2335 762 2395 in
805 2333 852 2393 der
884 2331 1042 2391 Komödie
1074 2324 1142 2384 eine
1175 2324 1237 2384 Vor

390 2386 527 2446 stellun,
555 2385 602 2445 des
638 2382 699 2442 jetzt
727 2377 795 2437 dort
816 2374 981 2434 laufenden
1010 2368 1139 2428 Stückes
1168 2364 1249 2424 „Der
1278 2346 1394 2406 Kreise
1436 2340 1469 2400 in
1518 2336 1656 2396 Berlin,
1698 2333 1725 2393 im
1767 2331 1876 2391 Salon
1925 2327 1979 2387 des
2007 2322 2137 2382 Rechts¬

1274 2387 1439 2447 anwaltes
1491 2380 1656 2440 Grelling.
1695 2378 1767 2438 Zur
1812 2371 2017 2431 Aufführung
2073 2365 2122 2425 kam

2516 2398 2675 2458 verlor.

392 2428 751 2488 Gerichtsvollzieher",
778 2419 878 2479 wobei
910 2418 941 2478 er
974 2412 1174 2472 ausdrücklich
1212 2405 1243 2465 be

1285 2431 1388 2491 „Die
1418 2428 1562 2488 Frage
1608 2422 1660 2482 an
1695 2421 1769 2481 das
1805 2415 2052 2475 Schicksal",
2088 2407 2139 2467 die

2212 2455 2273 2515 Als
2298 2454 2489 2514 Schnitzlers
2527 2449 2655 2509 Novelle
2693 2449 2878 2509 „Leutnant
2916 2443 3026 2503 Gustl'

393 2473 530 2533 merkte,
547 2473 596 2533 daß
630 2470 674 2530 ihn
702 2464 867 2524 besonders
895 2462 972 2522 Frau
1006 2456 1131 2516 Sybille
1154 2452 1258 2512 Bin¬

390 2515 472 2575 der
500 2516 520 2576 in
555 2513 651 2573 diesem
693 2509 788 2569 Stuck
810 2503 1022 2563 interessiere,
1044 2500 1070 2560 aß
1113 2498 1187 2558 dann
1223 2494 1249 2554 in
1285 2481 1373 2541 Kora
1402 2472 1504 2532 spielte
1525 2469 1573 2529 die
1594 2467 1710 2527 spätere
1732 2462 1814 2522 Frau
1849 2461 1903 2521 Leo
1931 2453 2144 2513 Slezaks,

1284 2520 1338 2580 den
1367 2518 1443 2578 Max
1471 2517 1564 2577 Josef
1582 2511 1757 2571 Jarno,
1791 2507 1845 2567 den
1880 2501 2000 2561 Anatol
2040 2498 2144 2558 Ema=
2172 2501 2320 2561 erschien,
2348 2498 2436 2558 erhob
2470 2497 2541 2557 man
2575 2495 2662 2555 gegen
2702 2494 2751 2554 ihn
2784 2491 2938 2551 öffentlich
2972 2488 3026 2548 den

1285 2562 1365 2622 nuel
1382 2558 1581 2618 Reicher.
1597 2554 1667 2614 Der
1689 2550 1877 2610 Komponist
1899 2544 2001 2604 Georg
2023 2540 2135 2600 Jarno
2163 2543 2346 2603 Vorwurf,
2379 2540 2410 2600 er
2438 2539 2518 2599 habe
2546 2539 2577 2599 in
2610 2536 2663 2596 der
2702 2535 2836 2595 Novelle
2869 2532 2911 2592 die
2944 2532 3030 2592 Ehre

398 2559 481 2619 einem
530 2554 731 2614 Restaurant
759 2550 811 2610 der
838 2549 986 2609 Inneren
1024 2541 1124 2601 Stadt
1151 2541 1251 2601 Nacht

1286 2607 1435 2667 betätigte
1466 2603 1513 2663 sich
1544 2600 1646 2660 hinter
1676 2598 1725 2658 der
1755 2594 1923 2654 spanischen
1960 2586 2055 2646 Wand
2092 2584 2139 2644 als
2171 2585 2230 2645 des
2267 2585 2519 2645 österreichischen
2568 2579 2857 2639 Offiziersstandes
2905 2574 3043 2634 verletzt,

390 2604 488 2664 mahl
512 2604 575 2664 und
611 2603 697 2663 begab
733 2597 778 2657 sich
808 2593 878 2653 nach
907 2590 1028 2650 Hause.

2171 2631 2233 2691 und
2267 2630 2437 2690 tatsächlich
2477 2625 2601 2685 wurde,
2636 2622 2675 2682 da
2720 2622 2896 2682 Schnitzler
2936 2619 3037 2679 Regi¬

1294 2646 1487 2706 Souffleur.

2171 2675 2297 2735 mentso
2320 2674 2352 2734 zt
2375 2672 2407 2732 d.
2424 2671 2468 2731 R.
2496 2670 2573 2730 war,
2596 2668 2640 2728 ein
2668 2664 2888 2724 militärischer
2911 2661 3032 2721 Ehren¬

1333 2691 1505 2751 Schnitzler
1532 2688 1599 2748 war
1626 2685 1659 2745 es
1686 2682 1778 2742 auch,
1799 2679 1844 2739 der
1873 2680 1925 2740 sich
1952 2675 1985 2735 am
2032 2671 2124 2731 heftig

399 2698 483 2758 Die
513 2697 665 2757 letzten
696 2690 895 2750 Stunden
934 2686 1010 2746 des
1040 2682 1259 2742 Dichters.

2174 2718 2226 2778 rat
2259 2718 2433 2778 einberufen
2487 2714 2550 2774 und
2593 2710 2762 2770 Schnitzler
2811 2706 3043 2766 aufgefordert,

1295 2737 1352 2797 sten
1382 2735 1474 2795 gegen
1504 2731 1549 2791 die
1579 2729 1781 2789 Aufführung
1812 2721 1909 2781 seiner
1933 2716 2124 2776 Szenenreih

440 2759 548 2819 Artur
581 2755 765 2815 Schnitzler,
792 2752 846 2812 der
874 2750 954 2810 über
983 2744 1128 2804 Anraten
1166 2741 1242 2801 seine

2175 2759 2224 2819 sich
2258 2762 2313 2822 vor
2352 2759 2451 2819 diesem
2512 2756 2539 2816 zu
2584 2753 2816 2813 rechtfertigen.
2861 2750 3037 2810 Schnitzler

1293 2777 1509 2837 „Reigen"
1541 2770 1698 2830 sträubte,
1741 2766 1788 2826 die
1820 2763 1898 2823 dann
1936 2762 2004 2822 auch
2036 2759 2135 2819 weger

397 2806 509 2866 Arztes
538 2803 560 2863 in
595 2801 640 2861 der
669 2797 844 2857 allerletzten
873 2792 940 2852 Zeit
964 2789 1042 2849 seine
1071 2786 1178 2846 Arbeit
1202 2785 1258 2845 und

2178 2807 2236 2867 ließ
2264 2806 2312 2866 den
2345 2804 2463 2864 Herren
2496 2799 2603 2859 sagen,
2632 2798 2663 2858 er
2691 2798 2782 2858 denke
2820 2795 2901 2855 nicht
2929 2792 3047 2852 daran,

412 2849 487 2909 seine
525 2846 659 2906 Besuche
698 2841 762 2901 doch
800 2838 844 2898 ein
887 2834 989 2894 wenig
1033 2831 1259 2891 eingeschränkt
1293 2822 1379 2882 ihres
1412 2818 1568 2878 erotischen
1606 2814 1730 2874 Motivs
1763 2809 1811 2869 die
1839 2805 2032 2865 lebhaftesten
2065 2799 2146 2859 Pro¬

2174 2846 2226 2906 die
2254 2846 2401 2906 Tendenz
2428 2846 2481 2906 der
2514 2843 2640 2903 Novelle
2667 2840 2725 2900 vor
2758 2840 2842 2900 einem
2890 2837 3043 2897 militäri¬

1296 2861 1591 2921 testkundgebungen
1650 2858 1697 2918 der
1740 2851 1945 2911 Rechtskreise
1993 2846 2119 2906 währen

402 2893 504 2953 hatte,
521 2889 623 2949 fühlte
645 2886 694 2946 sich
721 2884 834 2944 gestern
862 2880 1013 2940 morgens
1041 2873 1257 2933 außerordent

2179 2894 2257 2954 schen
2290 2891 2454 2951 Ehrenrat
2486 2888 2512 2948 zu
2550 2885 2761 2945 verteidigen,
2783 2884 2814 2944 da
2852 2882 2883 2942 er
2915 2880 3047 2940 künstle¬

1296 2910 1350 2970 der
1376 2906 1622 2966 Aufführungen
1655 2902 1678 2962 in
1710 2899 1758 2959 den
1791 2893 2056 2953 Kammerspielen
2087 2888 2148 2948 her¬

405 2935 457 2995 lich
489 2932 578 2992 wohl
605 2929 667 2989 und
706 2924 884 2984 unternahm
942 2920 1010 2980 auch
1053 2918 1089 2978 um
1142 2917 1158 2977 9
1200 2914 1268 2974 Uhr

2181 2935 2269 2995 rische
2303 2935 2357 2995 und
2391 2932 2572 2992 literavische
2601 2928 2744 2988 Freiheit
2777 2927 2860 2987 eines
2899 2924 3042 2984 Schrift¬

1297 2950 1427 3010 vorrief

412 2977 503 3037 seinen
541 2977 595 3037 seit
622 2971 746 3031 Jahren
784 2965 962 3025 gewohnten
995 2959 1254 3019 Morgenspazier

2180 2980 2293 3040 stellers
2326 2977 2380 3037 für
2407 2977 2450 3037 sich
2489 2976 2516 3036 in
2554 2972 2710 3032 Anspruch
2761 2968 2890 3028 nehmen
2934 2968 3047 3028 müsse.

1471 2989 1567 3049 erstes
1596 2985 1817 3045 dramatisches
1845 2980 1935 3040 Werk
1977 2977 2039 3037 auf
2068 2976 2150 3036 einer

1336 2992 1420 3052 Sein

406 3022 486 3082 gang
520 3020 546 3080 in
585 3016 638 3076 das
672 3013 818 3073 Cottage,
840 3010 900 3070 auf
922 3007 976 3067 den
1009 3004 1041 3064 er
1069 3004 1128 3064 vor
1156 3002 1253 3062 einige

2182 3023 2364 3083 Tatsächlich
2395 3019 2488 3079 stellte
2518 3018 2565 3078 sich
2589 3016 2760 3076 Schnitzler
2790 3013 2837 3073 dem
2885 3013 3043 3073 Ehrenrat

1300 3035 1432 3095 Wiener
1466 3033 1581 3093 Bühne
1638 3029 1703 3089 war
1759 3025 1869 3085 „Das
1920 3020 2124 3080 Märchen

415 3065 481 3125 Zeit
508 3062 579 3122 eben
611 3059 709 3119 wegen
745 3053 843 3113 seiner
869 3049 1158 3109 Herzbeschwerden
1194 3043 1261 3103 hatt

1308 3080 1428 3140 (1893),
1452 3076 1503 3136 den
1538 3075 1631 3135 ersten
1666 3073 1775 3133 großen
1811 3066 2046 3126 Bühnenerfolg
2077 3062 2145 3122 fand
2186 3066 2272 3126 nicht
2296 3066 2359 3126 und
2394 3064 2486 3124 dieser
2515 3062 2602 3122 fällte
2637 3060 2688 3120 den
2735 3056 2954 3116 Richtspruch,
2990 3056 3041 3116 daß

411 3109 578 3169 verzichten
611 3102 745 3162 müssen.
762 3099 831 3159 Von
859 3096 956 3156 diesem
999 3091 1274 3151 Morgenspazier¬

2188 3110 2359 3170 Schnitzler
2385 3106 2436 3166 der
2462 3106 2729 3166 Offizierscharge
2755 3103 2806 3163 für
2832 3103 2978 3163 verlustig
3011 3100 3035 3160 zu

408 3153 490 3213 gang
529 3147 639 3207 durfte
678 3144 711 3204 er
750 3142 843 3202 gegen
888 3138 926 3198 11
971 3134 1037 3194 Uhr
1076 3129 1269 3189 vormittags
1303 3125 1335 3185 er
1369 3124 1429 3184 mit
1463 3117 1711 3177 „Liebelei"
1745 3112 1772 3172 im
1822 3110 2048 3170 Burgtheater,
2093 3105 2148 3165 das

2188 3155 2321 3215 erklären
2360 3153 2410 3213 sei.

412 3191 643 3251 zurudgekehrt
670 3186 751 3246 sein,
773 3183 805 3243 da
843 3182 869 3242 er
902 3180 956 3240 für
989 3179 1063 3239 ¼12
1102 3173 1166 3233 Uhr
1193 3171 1274 3231 seine
1307 3166 1381 3226 1895
1420 3165 1473 3225 zur
1501 3159 1743 3219 Uraufführung
1776 3155 1856 3215 kam.
1878 3152 1921 3212 Es
1954 3150 2061 3210 folgten
2099 3148 2147 3208 das

412 3235 600 3295 Sekretarin
633 3231 686 3291 zum
730 3227 837 3287 Diktat
865 3223 891 3283 in
924 3221 977 3281 sein
1010 3217 1274 3277 Arbeitszimmer
1307 3209 1431 3269 Drama
1486 3204 1771 3264 „Freiwild",
1815 3195 1863 3255 die
1891 3195 2052 3255 Einakter,
2095 3189 2149 3249 von

2249 3231 2323 3291 Die
2357 3228 2482 3288 große
2517 3225 2716 3285 Tragödie
2751 3222 2792 3282 im
2843 3220 2968 3280 Leben

1303 3251 1399 3311 denen
1440 3251 1547 3311 „Der
1582 3246 1729 3306 grüne
1763 3242 1967 3302 Kakadu"
2002 3237 2053 3297 sich
2087 3234 2154 3294 noch

411 3279 535 3339 bestellt
561 3276 659 3336 hatte.
681 3270 784 3330 Artur
810 3267 980 3327 Schnitzler
1007 3262 1162 3322 arbeitete
1194 3258 1281 3318 näm¬

2493 3291 2755 3351 Schnitzlers.

411 3322 463 3382 lich
496 3321 532 3381 an
569 3319 616 3379 der
648 3313 864 3373 Umformung
896 3309 996 3369 seines
1029 3304 1154 3364 Stückes
1192 3302 1281 3362 „Ruf
1308 3295 1402 3355 heute
1450 3291 1508 3351 auf
1529 3291 1582 3351 der
1614 3289 1730 3349 Bühne
1757 3288 1835 3348 hält,
1878 3285 1930 3345 das
1963 3279 2151 3339 Versdrama

1310 3335 1420 3395 „Der
1448 3332 1646 3392 Schleier
1669 3329 1740 3389 der
1762 3327 2015 3387 Beatrice",
2033 3323 2082 3383 für
2104 3321 2153 3381 das

2238 3359 2341 3419 Artur
2376 3355 2566 3415 Schnitzler,
2618 3350 2669 3410 der
2710 3350 2738 3410 in
2768 3350 2865 3410 seinen
2912 3348 3038 3408 Werken

420 3363 471 3423 des
497 3362 636 3422 Lebens"
667 3358 723 3418 und
749 3356 816 3416 war
837 3352 945 3412 gerade
971 3350 1073 3410 damit
1100 3347 1274 3407 beschäftigt

1308 3377 1481 3437 Schnitzler
1510 3376 1562 3436 den
1598 3371 1910 3431 Bauernfeld=Preis
1945 3366 2060 3426 bekam,
2107 3363 2159 3423 das

416 3407 594 3467 Feilungen
627 3403 664 3463 am
708 3399 805 3459 letzten
838 3395 897 3455 Akt
920 3392 1173 3452 vorzunehmen.

504 3460 569 3520 Als
617 3455 702 3515 seine
743 3450 929 3510 Sekretärin
983 3446 1022 3506 um
1090 3443 1169 3503 ½12
1209 3439 1276 3499 Uhr
1317 3426 1435 3486 Drama
1470 3419 1575 3479 „Der
1603 3416 1802 3476 einsame
1836 3416 1969 3476 Weg",
1990 3408 2162 3468 „Komö=
2196 3404 2222 3464 so
2256 3404 2302 3464 oft
2322 3402 2382 3462 von
2416 3400 2462 3460 der
2489 3398 2582 3458 engen
2616 3395 2855 3455 Nachbarschaft
2882 3392 2935 3452 der
2962 3392 3048 3452 Liebe

2194 3450 2260 3510 und
2292 3446 2343 3506 des
2380 3443 2477 3503 Todes
2514 3440 2684 3500 gesprochen
2726 3437 2797 3497 hat,
2818 3437 2936 3497 erlebte
2968 3437 3055 3497 selbst

1311 3466 1423 3526 die",
1441 3464 1547 3524 „Das
1582 3458 1954 3518 Zwischenspiel"
1989 3453 2045 3513 und
2079 3452 2152 3512 dann

1307 3506 1365 3566 das
1398 3506 1522 3566 Drama
1555 3505 1668 3565 „Aus
1701 3503 1770 3563 den
1803 3501 1948 3561 Tagen
1987 3495 2056 3555 der
2089 3491 2159 3551 Be=
2198 3489 2268 3549 eine
2301 3487 2473 3547 Tragödie,
2495 3485 2543 3545 die
2571 3482 2710 3542 sicherlich
2749 3482 2818 3542 dazu
2857 3479 3050 3539 beigetragen

455 3513 587 3573 mittags
632 3507 687 3567 das
726 3503 996 3563 Arbeitszimmer
1035 3497 1157 3557 betrat,
1207 3493 1284 3553 fand

2194 3533 2271 3593 hat,
2287 3530 2364 3590 seine
2390 3526 2587 3586 Gesundheit
2608 3526 2633 3586 zu
2665 3522 2903 3582 untergraben.
2919 3520 2960 3580 Es
2992 3520 3058 3580 war

1319 3550 1480 3610 setzung
1519 3546 1674 3606 Wiens
1729 3544 1852 3604 durch
1891 3539 2144 3599 Napoleon“

468 3567 506 3627 sie
541 3563 646 3623 Artur
680 3557 852 3617 Schnitzler
892 3553 947 3613 vor
987 3548 1086 3608 seinem
1137 3545 1287 3605 Schreib¬

1316 3594 1425 3654 „Der
1459 3590 1596 3650 junge
1635 3588 1927 3648 Medardus",
1955 3581 2043 3641 dessen
2071 3577 2164 3637 Titel=
2192 3574 2263 3634 dies
2302 3574 2357 3634 das
2391 3568 2716 3628 Liebesdrama
2777 3567 2875 3627 seiner
2915 3565 3057 3625 Tochter,

467 3617 538 3677 tisch
572 3616 605 3676 am
655 3610 760 3670 Boden
799 3607 915 3667 liegen.
960 3603 1009 3663 Er
1043 3601 1109 3661 war
1143 3600 1264 3660 offenba

1312 3637 1391 3697 rolle
1418 3637 1464 3697 für
1491 3635 1580 3695 Josef
1602 3632 1706 3692 Kainz
1728 3631 1881 3691 bestimmt
1902 3627 1986 3687 war,
2003 3624 2049 3684 dem
2092 3621 2160 3681 aber
2198 3619 2250 3679 die
2277 3618 2308 3678 er
2335 3615 2408 3675 über
2440 3614 2513 3674 alles
2545 3611 2651 3671 liebte.
2693 3608 2756 3668 Sie
2788 3610 2872 3670 hatte
2899 3608 2945 3668 sich
2999 3607 3045 3667 mi

467 3670 505 3730 am
556 3666 755 3726 Schreibtisch
795 3660 894 3720 sitzend
928 3658 983 3718 von
1028 3655 1111 3715 einem
1162 3652 1272 3712 Schlag

1320 3681 1394 3741 diese
1417 3679 1508 3739 Rolle
1524 3679 1551 3739 zu
1578 3677 1685 3737 spielen
1713 3676 1793 3736 nicht
1810 3674 1896 3734 mehr
1918 3671 2068 3731 vergönnt
2090 3664 2170 3724 war.
2199 3661 2290 3721 einem
2334 3658 2538 3718 italienischen
2571 3654 2705 3714 Offizier
2732 3654 2823 3714 gegen
2856 3655 2909 3715 den
2942 3652 3050 3712 Willen

2197 3706 2284 3766 ihres
2321 3703 2434 3763 Vaters
2476 3697 2666 3757 verheiratet

471 3720 576 3780 anfall
616 3717 766 3777 getroffen
816 3712 961 3772 worden,
1000 3708 1100 3768 zuerst
1129 3706 1200 3766 über
1234 3705 1284 3765 der

1347 3721 1418 3781 Der
1462 3721 1561 3781 ganze
1589 3718 1765 3778 Schnitzler
1810 3718 1908 3778 zeigte
1958 3716 2007 3776 sich
2057 3711 2084 3771 in
2118 3708 2166 3768 der

2241 3747 2410 3807 Schnitzler
2439 3743 2524 3803 fügte
2553 3741 2597 3801 sich
2627 3740 2791 3800 schließlich
2826 3738 2876 3798 dem
2923 3736 3058 3796 Lebens¬

1316 3766 1559 3826 Tragikomödie
1608 3761 1657 3821 des
1690 3760 1819 3820 Alterns
1874 3757 1987 3817 „Das
2037 3753 2172 3813 weite

472 3771 677 3831 Schreibtisch
707 3767 852 3827 gesunken
889 3765 952 3825 und
982 3762 1063 3822 dann
1100 3759 1204 3819 seitlich
1240 3756 1274 3816 au

2198 3792 2319 3852 wunsch
2353 3789 2402 3849 des
2431 3784 2552 3844 Kindes
2580 3783 2640 3843 und
2669 3783 2806 3843 besuchte
2851 3782 2911 3842 das
2962 3780 3055 3840 junge

1540 3805 1597 3865 sein
1667 3804 1840 3864 Arztestück
1900 3798 2171 3858 „Professor

1320 3807 1442 3867 Land

469 3828 520 3888 den
556 3824 730 3884 Fußboden
765 3818 933 3878 geglitten.

2198 3835 2370 3895 Ehepaar,
2414 3831 2473 3891 das
2528 3826 2733 3886 anscheinend
2771 3823 2879 3883 restlos
2923 3825 3052 3885 glücklich

1311 3852 1612 3912 Bernhardi"
1642 3848 1746 3908 durfte
1776 3848 1868 3908 lange
1898 3845 1972 3905 Zeit
1997 3840 2077 3900 nicht
2107 3836 2164 3896 auf

520 3878 621 3938 Artur
650 3874 821 3934 Schnitzler
844 3869 911 3929 war
940 3867 1054 3927 bereits
1083 3864 1139 3924 tief
1157 3863 1286 3923 bewußt

2207 3879 2291 3939 war,
2313 3876 2333 3936 in
2366 3873 2524 3933 Venedig.
2557 3870 2657 3930 Eines
2689 3870 2789 3930 Tages
2822 3867 2896 3927 aber
2923 3867 2970 3927 kam
3018 3867 3065 3927 die

478 3930 552 3990 los.
600 3929 680 3989 Man
715 3923 768 3983 hob
809 3922 855 3982 den
897 3917 1199 3977 Schwererkrankten
1241 3912 1287 3972 ins
1328 3898 1456 3958 geführt
1477 3894 1611 3954 werden,
1632 3891 1705 3951 weil
1727 3891 1753 3951 es
1780 3891 1834 3951 das
1861 3887 1996 3947 Problem
2037 3885 2083 3945 der
2111 3881 2171 3941 letz¬

2206 3920 2382 3980 furchtbare
2404 3914 2564 3974 Nachricht
2592 3912 2658 3972 nach
2686 3912 2790 3972 Wien,
2830 3912 2890 3972 daß
2918 3912 2961 3972 sich
3012 3909 3061 3969 die

1320 3940 1368 4000 ten
1396 3938 1498 3998 Olung
1526 3935 1558 3995 am
1597 3932 1834 3992 Krankenlager
1862 3931 2056 3991 behandelte;
2073 3924 2165 3984 Onno

2209 3967 2303 4027 junge
2339 3960 2421 4020 Frau
2463 3956 2616 4016 erschossen
2664 3954 2751 4014 habe.
2782 3953 2863 4013 Eine
2900 3953 3058 4013 Tragödie

473 3983 552 4043 Bett
583 3982 643 4042 und
675 3977 778 4037 berief
804 3974 901 4034 sofort
932 3972 980 4032 den
1018 3969 1201 4029 Hausarzt,
1226 3968 1281 4028 dem

1330 3981 1379 4041 hat
1407 3980 1462 4040 das
1490 3980 1583 4040 Werk
1623 3977 1722 4037 zuerst
1750 3977 1777 4037 in
1811 3976 1894 4036 einem
1955 3971 2165 4031 geschlossenen

483 4036 513 4096 es
544 4034 617 4094 aber
643 4031 722 4091 nicht
747 4028 832 4088 mehr
851 4027 979 4087 gelang,
999 4024 1047 4084 den
1084 4020 1298 4080 Tiefbewußt=
1324 4024 1421 4084 Kreis
1459 4025 1507 4085 von
1545 4022 1826 4082 „Interessenten"
1864 4017 2053 4077 vorgelesen,
2079 4012 2170 4072 lange
2207 4008 2262 4068 der
2293 4005 2385 4065 Liebe
2410 4001 2495 4061 rollte
2533 3997 2581 4057 sich
2612 3996 2667 4056 auf
2698 3995 2759 4055 und
2790 3997 2961 4057 Schnitzler
2993 3996 3066 4056 ver¬

484 4088 558 4148 losen
589 4087 701 4147 wieder
732 4087 753 4147 zu
784 4084 837 4144 sich
860 4082 882 4142 zu
913 4081 1062 4141 bringen.
1078 4079 1159 4139 Nach
1183 4071 1295 4131 sieben-
1326 4070 1460 4130 nachher
1506 4070 1612 4130 durfte
1635 4069 1672 4129 es
1702 4067 1777 4127 dann
1830 4065 1897 4125 doch
1928 4062 1958 4122 am
2004 4058 2168 4118 Deutschen
2214 4053 2303 4113 wand
2335 4050 2431 4110 diesen
2462 4044 2604 4104 Schmerz
2635 4042 2792 4102 niemals.
2823 4040 2875 4100 Er
2906 4043 2995 4103 war,
3011 4043 3070 4103 seit
