3436 4352
486 208 722 268 Ausschnitt
745 198 837 258 aus:

683 305 811 365 AREXS
845 293 1008 353 VIENEE
1042 276 1225 336 TSUKEAL

862 435 993 495 NOV.
1020 424 1116 484 1937

509 434 624 494 vom:

2272 712 2647 772 NWeig

1106 845 1219 905 Die
1268 846 1543 906 Etappen
1602 841 1763 901 ihrer
1821 843 2316 903 Bekanntschaft.

625 938 795 998 Schnitzler
831 936 883 996 und
919 936 1019 996 Herzl
1043 935 1142 995 waren
1184 934 1266 994 beide
1302 933 1348 993 als
1384 933 1477 993 junge
1508 931 1701 991 Hochschüler
1731 930 1783 990 für
1814 931 1860 991 die
1884 932 2083 992 Judenfrage
2114 932 2142 992 zu
2172 930 2295 990 finden.
2320 927 2378 987 Als
2408 927 2478 987 erste
2508 926 2666 986 Botschaft
2690 924 2725 984 an
2761 924 2807 984 die
2837 920 2919 980 Welt

518 985 705 1045 Mitglieder
739 983 788 1043 der
816 983 843 1043 in
877 983 931 1043 den
965 986 1114 1046 achtziger
1142 984 1268 1044 Jahren
1302 981 1329 1041 in
1363 980 1450 1040 Wien
1501 977 1693 1037 bestehenden
1733 976 1859 1036 erschien
1898 978 1953 1038 das
1993 977 2097 1037 „Neue
2125 974 2262 1034 Getto“.
2285 976 2328 1036 Im
2379 974 2561 1034 Briefwesel
2594 973 2654 1033 mit
2683 971 2853 1031 Schnitzler
2887 966 2925 1026 ist

1737 1022 1786 1082 der
1814 1026 2007 1086 Werdegang
2047 1022 2140 1082 dieses
2174 1024 2295 1084 Stückes
2329 1025 2466 1085 gänzlich
2500 1022 2715 1082 festgehalten.
2743 1019 2842 1079 Herzl
2870 1015 2919 1075 be¬

511 1034 765 1094 „Akademischen
802 1031 988 1091 Lesehalle“.
1015 1031 1123 1091 Diesem
1170 1030 1284 1090 Verein
1316 1029 1461 1089 gehörten
1498 1025 1580 1085 viele
1607 1025 1705 1085 später

514 1082 661 1142 berühmt
693 1079 877 1139 gewordene
910 1078 1178 1138 Persönlichkeiten
1221 1078 1278 1138 an,
1305 1077 1358 1137 wie
1390 1076 1569 1136 Alexander
1606 1072 1706 1132 Spitz=
1733 1072 1912 1132 absichtigte
1944 1072 2028 1132 durch
2071 1070 2117 1130 die
2150 1072 2371 1132 Niederschrift
2403 1072 2450 1132 des
2493 1070 2614 1130 „Neuen
2652 1069 2767 1129 Getto"
2810 1064 2925 1124 keines¬

515 1130 649 1190 müller,
671 1130 832 1190 Hermann
865 1127 972 1187 Bahr,
1000 1129 1037 1189 I.
1059 1126 1102 1186 I.
1129 1125 1247 1185 David,
1275 1126 1431 1186 Justizrat
1458 1124 1528 1184 Dr.
1550 1121 1700 1181 Bachrach
1733 1121 1808 1181 falls
1836 1121 1900 1181 eine
1927 1121 2175 1181 Verteidigung,
2197 1121 2266 1181 oder
2289 1121 2347 1181 wie
2369 1119 2401 1179 er
2429 1119 2455 1179 es
2488 1118 2622 1178 nannte,
2644 1118 2708 1178 eine
2736 1115 2913 1175 „Rettung"

523 1177 580 1237 und
617 1177 690 1237 viele
722 1176 848 1236 andere.
870 1175 969 1235 Artur
1002 1174 1185 1234 Schnitzler,
1207 1173 1243 1233 um
1286 1172 1364 1232 zwei
1386 1171 1491 1231 Jahre
1518 1171 1627 1231 jünger
1660 1168 1701 1228 als
1739 1166 1791 1226 der
1818 1168 1943 1228 Juden.
1986 1168 2028 1228 Er
2060 1168 2160 1228 wollte
2187 1167 2244 1227 nur
2276 1167 2317 1227 die
2350 1166 2449 1226 Frage
2497 1165 2555 1225 zur
2582 1165 2754 1225 Diskussion
2808 1163 2928 1223 stellen.

1737 1216 1902 1276 Schnitzler
1931 1216 2013 1276 sollte
2042 1216 2091 1276 ihm
2136 1216 2169 1276 da
2203 1216 2352 1276 behilflich
2386 1213 2462 1273 sein,
2485 1213 2512 1273 in
2547 1212 2635 1272 Wien
2669 1210 2723 1270 das
2757 1210 2845 1270 Werk
2873 1210 2923 1270 zur

511 1229 628 1289 Herzl,
650 1227 750 1287 zählte
783 1224 863 1284 schon
901 1222 1028 1282 damals
1061 1220 1236 1280 zusammen
1274 1219 1331 1279 mit
1359 1219 1412 1279 den
1450 1219 1551 1279 später
1583 1219 1710 1279 tragisch

515 1276 730 1336 verstorbenen
769 1270 934 1330 Freunden
968 1270 1100 1330 Herzls,
1145 1269 1293 1329 Heinrich
1327 1267 1415 1327 Kana
1471 1267 1531 1327 und
1570 1265 1702 1325 Oswald
1736 1263 1939 1323 Aufführung
1990 1266 2022 1326 zu
2072 1264 2226 1324 bringen.
2271 1264 2331 1324 Dem
2382 1261 2525 1321 Wunsche
2570 1260 2624 1320 des
2652 1259 2817 1319 Freundes
2868 1258 2917 1318 sich

1732 1312 1864 1372 fügend,
1887 1313 2019 1373 übergab
2055 1312 2221 1372 Schnitzler
2250 1312 2301 1372 das
2337 1310 2440 1370 „Neue
2470 1309 2584 1369 Getto"
2613 1310 2694 1370 ganz
2723 1307 2815 1367 unter
2844 1305 2907 1365 Ver

511 1324 635 1384 Boxer,
656 1325 687 1385 zu
718 1321 769 1381 den
807 1319 1045 1379 Bewunderern
1082 1316 1211 1376 Herzls.
1233 1315 1414 1375 Allerdings
1451 1315 1512 1375 war
1544 1313 1694 1373 Schnitzle

511 1371 574 1431 nur
606 1371 659 1431 der
686 1368 833 1428 stumme,
860 1368 886 1428 in
923 1366 975 1426 der
1008 1365 1107 1425 Ferne
1155 1365 1297 1425 stehende
1330 1362 1561 1422 Bewunderer.
1604 1360 1704 1420 Herzl
1737 1361 1921 1421 schweigung
1948 1361 2000 1421 des
2027 1359 2148 1419 wahren
2175 1359 2317 1419 Namens
2344 1358 2391 1418 des
2418 1356 2613 1416 Verfassers,
2634 1356 2724 1416 unter
2751 1356 2797 1416 dem
2840 1354 2914 1414 Deck

512 1419 651 1479 erfreute
674 1419 722 1479 sich
749 1418 776 1478 in
803 1417 851 1477 der
873 1416 1094 1476 Akademischen
1122 1413 1267 1473 Lesehalle
1294 1413 1375 1473 einer
1397 1411 1472 1471 nicht
1494 1408 1709 1468 unbedeuten¬
1738 1408 1850 1468 namen
1878 1409 1996 1469 „Artur
2019 1407 2191 1467 Schnabel“
2218 1407 2439 1467 verschiedenen
2467 1405 2590 1465 Wiener
2612 1404 2747 1464 Bühnen
2774 1404 2828 1464 zur
2850 1400 2925 1460 Auf¬

1737 1455 1891 1515 führung.
1914 1457 1980 1517 Das
2008 1455 2102 1515 Stück
2125 1455 2229 1515 wurde
2258 1455 2330 1515 aber
2352 1455 2506 1515 einmütig
2535 1452 2717 1512 abgelehnt.
2757 1452 2928 1512 Schnitzler

511 1464 564 1524 den
602 1467 815 1527 Popularität
847 1461 857 1521 —
916 1464 964 1524 als
996 1461 1252 1521 oppositionelles
1284 1460 1433 1520 Mitglied
1471 1458 1497 1518 im
1546 1459 1699 1519 Ausschuß

1737 1504 1823 1564 selbst
1851 1506 1975 1566 urteilte
2008 1504 2077 1564 über
2110 1503 2164 1563 das
2192 1503 2289 1563 Stück
2311 1505 2338 1565 so
2366 1503 2505 1563 ähnlich,
2528 1503 2587 1563 wie
2615 1500 2820 1560 Nürnberger
2853 1497 2928 1557 über

514 1515 577 1575 und
610 1515 636 1575 in
668 1515 753 1575 einem
796 1512 886 1572 Falle
913 1514 1003 1574 sogar
1031 1512 1078 1572 als
1110 1509 1338 1569 Angeklagter,
1377 1509 1434 1569 der
1461 1508 1508 1568 sich
1541 1506 1599 1566 vor
1648 1506 1700 1566 dem

515 1565 773 1625 Disziplinarrat
801 1559 903 1619 wegen
947 1559 1027 1619 einer
1060 1559 1189 1619 scharfen
1227 1556 1410 1616 Wendung,
1443 1553 1486 1613 die
1519 1553 1551 1613 er
1584 1553 1610 1613 in
1648 1551 1702 1611 das
1741 1551 1789 1611 die
1816 1553 1972 1613 politische
2000 1553 2161 1613 Tragödie
2189 1553 2285 1613 seines
2318 1551 2480 1611 Freundes
2513 1550 2539 1610 im
2588 1550 2679 1610 „Weg
2712 1548 2766 1608 ins
2799 1545 2906 1605 Freie“

514 1612 782 1672 Beschwerdebuch
825 1607 877 1667 des
915 1607 1051 1667 Vereins
1105 1604 1347 1664 hineinschrieb,
1400 1607 1431 1667 zu
1468 1601 1700 1661 verantworten
1743 1599 1822 1659 „Sie
1843 1601 1959 1661 werden
1991 1601 2069 1661 schon
2096 1601 2212 1661 darauf
2239 1599 2391 1659 kommen,
2413 1598 2465 1658 daß
2492 1598 2517 1658 es
2550 1597 2607 1657 mit
2629 1596 2681 1656 der
2703 1595 2929 1655 Gerechtigkeit

1737 1646 1770 1706 im
1809 1649 1924 1709 Drama
1952 1649 2035 1709 nicht
2057 1648 2151 1708 geht."
2180 1648 2273 1708 Herzl
2296 1646 2416 1706 glaubte
2450 1646 2539 1706 durch
2567 1643 2610 1703 die
2633 1643 2853 1703 Niederschrift
2876 1641 2925 1701 des

519 1661 612 1721 hatte

1742 1697 1863 1757 „Neuen
1901 1697 2038 1757 Gettos"
2070 1697 2117 1757 sich
2156 1696 2239 1756 „eine
2272 1695 2430 1755 Eruption
2468 1694 2525 1754 vom
2574 1691 2690 1751 Herzen
2727 1693 2854 1753 geladen
2892 1692 2923 1752 zu

626 1707 697 1767 Wir
728 1708 842 1768 besitzen
879 1706 951 1766 über
982 1704 1053 1764 jene
1078 1704 1150 1764 Zeit
1181 1702 1380 1762 interessante
1411 1697 1622 1757 Dokumente,
1671 1699 1718 1759 die

517 1756 667 1816 teilweise
700 1756 727 1816 in
760 1755 813 1815 dem
862 1753 921 1813 von
959 1752 1083 1812 Kellner
1116 1749 1401 1809 herausgegebenen
1445 1747 1547 1807 Buche
1580 1748 1709 1808 „Herzls
1742 1742 1882 1802 haben“.
1904 1743 2071 1803 Schnitzler
2099 1741 2281 1801 bezweifelte
2309 1741 2357 1801 es,
2401 1739 2465 1799 und
2493 1739 2552 1799 mit
2579 1739 2686 1799 Recht.
2725 1739 2827 1799 Herzl
2849 1737 2924 1797 blieb

517 1806 705 1866 Lehrjahre“
738 1803 976 1863 veröffentlicht
1004 1799 1149 1859 wurden,
1199 1798 1257 1858 und
1296 1798 1425 1858 andere,
1474 1795 1522 1855 die
1550 1795 1620 1855 noch
1653 1791 1712 1851 un=
1745 1790 1874 1850 nämlich
1907 1790 1928 1850 in
1961 1790 2009 1850 der
2037 1791 2225 1851 Judensache
2253 1789 2334 1849 nicht
2356 1787 2442 1847 mehr
2464 1787 2582 1847 stehen.
2600 1787 2642 1847 Es
2670 1786 2772 1846 kamen
2805 1787 2853 1847 für
2880 1786 2923 1846 ihn

515 1855 652 1915 bekannt
675 1853 735 1913 sind
764 1851 818 1911 und
852 1851 901 1911 der
924 1848 1211 1908 Veröffentlichung
1239 1846 1371 1906 harren.
1394 1844 1449 1904 Die
1471 1843 1714 1903 Bekanntschaft
1737 1839 1830 1899 Tage
1859 1839 2096 1899 berauschender
2136 1837 2190 1897 und
2230 1837 2422 1897 befreiender
2457 1835 2583 1895 Arbeit.
2606 1834 2655 1894 Er
2683 1834 2793 1894 schrieb
2827 1835 2926 1895 seinen

524 1906 661 1966 zwischen
695 1902 859 1962 Schnitzler
893 1900 948 1960 und
981 1899 1080 1959 Herzl
1103 1896 1229 1956 dauerte
1257 1894 1372 1954 bereits
1401 1892 1494 1952 lange
1523 1893 1643 1953 Jahre,
1666 1893 1715 1953 als
1748 1888 1996 1948 „Judenstaat“.
2019 1887 2118 1947 Artur
2146 1887 2310 1947 Schnitzler
2339 1884 2404 1944 war
2432 1883 2515 1943 einer
2543 1882 2592 1942 der
2620 1884 2730 1944 ersten,
2752 1883 2801 1943 der
2830 1883 2923 1943 davon

1747 1936 1902 1996 Kenntnis
1931 1936 2063 1996 erhielt.
2087 1936 2151 1996 Ja,
2175 1936 2243 1996 noch
2278 1936 2382 1996 mehr,
2405 1933 2503 1993 Herzl
2532 1933 2648 1993 machte
2677 1933 2723 1993 ihn
2764 1930 2809 1990 für
2845 1932 2931 1992 kurze

521 1952 691 2012 Schnitzler
725 1950 807 2010 eines
841 1947 940 2007 Tages
974 1947 1028 2007 von
1062 1944 1210 2004 Theodor
1239 1944 1355 2004 Herzl,
1377 1941 1426 2001 der
1455 1941 1630 2001 inzwischen
1670 1938 1713 1998 als

519 2000 790 2060 Berichterstatter
819 1996 847 2056 in
883 1995 980 2055 Paris
1010 1994 1084 2054 tätig
1120 1992 1206 2052 war,
1229 1991 1310 2051 einen
1345 1989 1442 2049 Brief
1466 1989 1598 2049 erhielt.
1616 1987 1714 2047 Herzl
1744 1984 1819 2044 Zeit
1842 1983 1894 2043 zum
1935 1981 2131 2041 Vollstrecker
2154 1980 2252 2040 seines
2281 1980 2379 2040 letzten
2414 1980 2564 2040 Willens,
2588 1980 2633 2040 für
2663 1980 2714 2040 den
2749 1977 2824 2037 Fall
2848 1977 2928 2037 eines

515 2046 622 2106 wollte
651 2046 679 2106 in
713 2046 803 2106 diesem
849 2046 962 2106 Briefe
991 2046 1013 2106 in
1047 2043 1143 2103 seiner
1172 2039 1364 2099 vornehmen
1398 2037 1460 2097 Art
1483 2036 1578 2096 seinem
1630 2034 1703 2094 alten
1744 2031 1912 2091 plötzlichen
1953 2031 2071 2091 Todes.
2100 2029 2184 2089 Diese
2219 2028 2354 2088 überaus
2388 2028 2580 2088 ergreifende
2615 2028 2761 2088 Tatsache
2790 2026 2936 2086 berichtet

512 2097 699 2157 Bekannten
733 2092 749 2152 —
805 2092 837 2152 es
871 2093 920 2153 lag
954 2091 987 2151 da
1026 2091 1064 2151 ein
1103 2090 1340 2150 Zwischenraum
1385 2086 1440 2146 von
1479 2085 1545 2145 zehn
1584 2083 1705 2143 Jahren
1744 2080 1804 2140 uns
1838 2079 1882 2139 ein
1916 2079 2009 2139 Brief
2037 2079 2153 2139 Herzls
2181 2078 2219 2138 an
2253 2077 2440 2137 Schnitzler,
2463 2076 2562 2136 worin
2595 2076 2628 2136 es
2662 2076 2749 2136 unter
2783 2076 2910 2136 anderem

1748 2130 1849 2190 heißt:
1892 2130 1970 2190 „Sie
2000 2127 2108 2187 kennen
2163 2126 2222 2186 das
2271 2124 2355 2184 liebe
2380 2126 2511 2186 Gedicht
2560 2127 2614 2187 von
2651 2129 2746 2189 Heyse
2771 2130 2837 2190 „An
2873 2125 2921 2185 den

519 2144 581 2204 vor
611 2144 622 2204 —
674 2142 800 2202 Abbitte
830 2141 951 2201 leisten.
974 2140 1159 2200 Anfänglich
1188 2138 1274 2198 hatte
1303 2136 1430 2196 nämlich
1460 2136 1557 2196 Herzl
1587 2134 1632 2194 für
1661 2131 1713 2191 das

520 2193 645 2253 Talent
676 2192 861 2252 Schnitzlers
916 2189 999 2249 nicht
1048 2187 1114 2247 viel
1138 2186 1252 2246 übrig,
1295 2183 1343 2243 als
1379 2183 1409 2243 er
1446 2182 1493 2242 sich
1530 2181 1601 2241 aber
1632 2178 1715 2238 eines
1746 2176 1932 2236 Künstler",
1951 2174 2004 2234 das
2035 2176 2070 2236 ich
2095 2177 2142 2237 oft
2167 2174 2305 2234 zitierte.
2323 2174 2371 2234 Da
2402 2174 2485 2234 heißt
2510 2174 2557 2234 es:

518 2242 659 2302 Besseren
694 2240 898 2300 überzeugte,
921 2237 1023 2297 schrieb
1058 2235 1086 2295 er
1115 2234 1148 2294 an
1183 2233 1370 2293 Schnitzler:
1399 2232 1512 2292 „Wenn
1547 2231 1586 2291 ich
1615 2230 1642 2290 so
1671 2228 1716 2288 ein

1972 2252 2147 2312 „Bangend,
2179 2249 2204 2309 er
2236 2247 2337 2307 könnte
2375 2249 2443 2309 über
2476 2248 2562 2308 Nacht

519 2291 642 2351 Talent
672 2288 727 2348 wie
752 2288 853 2348 Ihres
882 2286 1052 2346 aufblühen
1087 2285 1165 2345 sehe,
1189 2283 1274 2343 freue
1303 2281 1342 2341 ich
1371 2280 1461 2340 mich,
1484 2279 1541 2339 wie
1570 2276 1643 2336 über
1677 2276 1722 2336 die

1975 2300 2153 2360 Hinfahren,
2182 2297 2229 2357 ehe
2258 2298 2347 2358 dieses
2382 2300 2464 2360 Werk
2500 2299 2678 2359 vollbracht."

511 2338 623 2398 Nelken
655 2336 692 2396 da
719 2335 814 2395 unten
847 2335 873 2395 im
916 2333 1060 2393 Garten,
1082 2333 1123 2393 die
1151 2330 1342 2390 erwachen."
1364 2326 1411 2386 In
1444 2327 1539 2387 seiner
1566 2325 1720 2385 Antwort

1848 2369 1924 2429 Das
1953 2371 1987 2431 ist
2016 2371 2113 2431 meine
2142 2371 2345 2431 Stimmung.
2374 2371 2429 2431 Ich
2458 2371 2534 2431 habe
2556 2371 2612 2431 den
2648 2371 2724 2431 Stoß
2760 2371 2935 2431 bisheriger

523 2386 671 2446 erinnert
709 2383 863 2443 wiederum
915 2380 1085 2440 Schnitzler
1116 2380 1214 2440 Herzl
1266 2377 1301 2437 an
1364 2376 1420 2436 alle
1457 2374 1596 2434 Etappen
1637 2371 1719 2431 ihrer

1747 2419 1873 2479 Notizen
1908 2421 1931 2481 im
1972 2419 2139 2479 Comptoir
2163 2419 2364 2479 d'Escompte
2388 2419 2567 2479 deponiert,
2591 2419 2613 2479 in
2643 2420 2694 2480 der
2718 2422 2804 2482 Kasse
2827 2421 2890 2481 Nr.
2908 2422 2936 2482 6,

518 2434 778 2494 Bekanntschaft,
800 2434 827 2494 er
855 2431 1017 2491 beschreibt
1040 2428 1066 2488 in
1094 2428 1175 2488 einem
1219 2427 1267 2487 der
1295 2425 1404 2485 Briefe
1426 2422 1501 2482 seine
1530 2420 1719 2480 Stimmung

521 2482 584 2542 aus
610 2484 693 2544 jener
726 2482 808 2542 Zeit:
834 2483 910 2543 „Ich
937 2479 1051 2539 verließ
1084 2476 1141 2536 Sie
1167 2476 1192 2536 in
1225 2475 1307 2535 jener
1334 2472 1544 2532 Stimmung,
1564 2469 1614 2529 die
1641 2468 1704 2528 man
1743 2468 1826 2528 Fach
1858 2468 1922 2528 Nr.
1948 2469 1979 2529 2.
2006 2470 2043 2530 Um
2089 2469 2120 2529 zu
2153 2467 2280 2527 öffnen,
2306 2469 2376 2529 muß
2415 2469 2478 2529 man
2511 2467 2594 2527 jeden
2633 2467 2683 2527 der
2716 2468 2779 2528 drei
2812 2467 2933 2527 Knöpfe

524 2532 641 2592 Leuten
674 2531 849 2591 gegenüber
877 2526 948 2586 hat,
968 2524 1013 2584 die
1040 2524 1123 2584 einem
1163 2524 1222 2584 auf
1249 2523 1398 2583 derselben
1431 2518 1549 2578 Straße
1582 2518 1718 2578 zwanzig
1751 2515 1921 2575 siebenmal
1948 2515 2012 2575 nach
2045 2515 2136 2575 rechts
2163 2516 2300 2576 drücken.
2320 2518 2456 2578 Jemand
2489 2518 2554 2578 muß
2581 2518 2639 2578 das
2660 2518 2782 2578 wissen,
2803 2518 2867 2578 falls
2894 2520 2932 2580 ich

529 2581 669 2641 Schritte
695 2577 768 2637 weit
793 2574 1038 2634 vorauslaufen.
1064 2572 1106 2632 An
1137 2570 1210 2630 diese
1236 2568 1438 2628 Erinnerung
1470 2566 1543 2626 aber
1568 2565 1647 2625 reiht
1672 2567 1715 2627 sich
1753 2565 1924 2625 „hinfahre
1949 2565 2022 2625 über
2041 2565 2176 2625 Nacht".
2196 2565 2262 2625 Das
2288 2565 2342 2625 sind
2374 2563 2428 2623 Sie
2454 2563 2545 2623 jetzt."

526 2628 592 2688 eine
624 2628 675 2688 von
706 2625 819 2685 denen,
841 2625 902 2685 die,
924 2622 995 2682 über
1022 2619 1078 2679 das
1104 2618 1299 2678 Persönliche
1327 2616 1398 2676 weit
1419 2613 1671 2673 hinausgehend,
1693 2610 1718 2670 in

1860 2637 1939 2697 Bald
1977 2637 2099 2697 darauf
2129 2639 2333 2699 übersiedelte
2363 2637 2464 2697 Herzl
2494 2640 2566 2700 nach
2604 2640 2712 2700 Wien.
2764 2640 2930 2700 Schnitzler

525 2676 616 2736 einer
653 2675 826 2735 Geschichte
850 2673 907 2733 der
943 2669 1118 2729 modernen
1154 2667 1315 2727 Viteratur
1375 2663 1420 2723 als
1480 2660 1735 2720 lleingedrucktel
1760 2674 1829 2734 zlieh
1853 2688 1887 2748 im
1923 2688 2038 2748 großen
2063 2688 2119 2748 und
2144 2688 2259 2748 gangen
2283 2688 2342 2748 der
2366 2688 2435 2748 Ide
2459 2688 2574 2748 Herzls
2599 2688 2772 2748 gegenüber
2785 2688 2923 2748 steptisch

523 2725 729 2785 Anmerkung
772 2724 856 2784 einen
894 2718 1015 2778 sicheren
1058 2718 1142 2778 Platz
1175 2713 1354 2773 verdiente.
1397 2711 1470 2771 Das
1503 2709 1581 2769 neue
1614 2707 1703 2767 Burg

1749 2733 1848 2793 Unter
1876 2735 1925 2795 dem
1970 2735 2008 2795 5.
2031 2735 2208 2795 November
2241 2732 2313 2792 1895
2347 2735 2490 2795 berichtet
2518 2736 2611 2796 Herzl
2640 2735 2667 2795 in
2701 2735 2794 2795 seinen
2833 2734 2932 2794 Tage¬

526 2774 652 2834 theater
679 2771 742 2831 war
769 2771 837 2831 noch
870 2768 895 2828 im
938 2766 1027 2826 Bau,
1049 2765 1106 2825 wir
1129 2763 1297 2823 spazierten
1330 2762 1361 2822 an
1398 2758 1477 2818 einem
1520 2755 1725 2815 Spätherbst¬

1749 2783 1879 2843 büchern
1919 2783 1992 2843 über
2026 2783 2066 2843 ein
2106 2783 2252 2843 Gespräch
2287 2782 2343 2842 mit
2372 2783 2558 2843 Schnitzler,
2587 2783 2620 2843 da
2655 2783 2739 2843 heißt
2768 2784 2818 2844 es:
2847 2784 2937 2844 „Mit

526 2822 628 2882 abend
660 2821 716 2881 vor
753 2819 804 2879 dem
851 2816 1061 2876 Bretterzaun
1098 2813 1154 2873 auf
1185 2810 1241 2870 und
1278 2810 1329 2870 ab.
1355 2807 1401 2867 Da
1438 2805 1535 2865 sagten
1577 2804 1633 2864 Sie
1665 2804 1726 2864 mit

1749 2830 1853 2890 Artur
1887 2832 2052 2892 Schnitzler
2086 2831 2284 2891 gesprochen,
2306 2831 2355 2891 ihm
2406 2831 2449 2891 die
2483 2831 2582 2891 Sache
2615 2831 2681 2891 kurz
2715 2831 2846 2891 erklärt.
2875 2830 2929 2890 Als

526 2873 613 2933 einem
655 2868 887 2928 bescheidenen,
908 2864 1093 2924 erobernden
1126 2858 1223 2918 Blick,
1244 2859 1295 2919 der
1322 2858 1378 2918 auf
1404 2855 1456 2915 den
1488 2854 1704 2914 emporsteigen

1750 2882 1789 2942 ich
1819 2882 1916 2942 sagte,
1934 2882 1963 2942 es
1986 2881 2020 2941 ist
2044 2880 2090 2940 die
2113 2879 2315 2939 Renaissance
2339 2879 2385 2939 als
2414 2879 2628 2939 Schlußpunkt
2651 2880 2743 2940 dieses
2767 2880 2928 2940 klassischen

524 2921 579 2981 den
608 2920 746 2980 Mauern
780 2916 868 2976 ruhen
902 2915 1002 2975 blieb:
1025 2912 1091 2972 „Da
1119 2911 1235 2971 komme
1264 2909 1302 2969 ich
1330 2906 1452 2966 einmal
1475 2903 1602 2963 hinein!

1755 2928 1998 2988 Jahrhunderts
2031 2929 2084 2989 der
2112 2927 2328 2987 Erfindungen
2372 2927 2399 2987 im
2442 2927 2691 2987 Verkehrswesen
2729 2924 2739 2984 —
2800 2926 2832 2986 da
2870 2927 2934 2987 war

640 2983 697 3043 Sie
737 2983 853 3043 werden
893 2981 1068 3041 begreifen,
1115 2978 1172 3038 daß
1207 2974 1251 3034 ich
1285 2973 1362 3033 diese
1415 2970 1512 3030 kleine
1545 2968 1726 3028 Geschichte,
1753 2976 1786 3036 er
1819 2977 2000 3037 begeistert.
2040 2978 2098 3038 Ich
2131 2977 2287 3037 versprach
2320 2977 2405 3037 ihm,
2451 2977 2483 3037 er
2510 2978 2613 3038 werde
2640 2977 2828 3037 Intendant
2881 2977 2932 3037 des

527 3035 637 3095 welche
671 3034 728 3094 von
762 3034 820 3094 der
847 3031 996 3091 Tatsache
1029 3029 1082 3089 zum
1128 3026 1245 3086 Range
1298 3022 1382 3082 einer
1415 3018 1572 3078 Ane.se
1598 3015 1722 3075 empor-
1755 3023 1911 3083 Theaters
1944 3023 2080 3083 werden.

534 3085 666 3145 gehoben
707 3082 833 3142 wurde,
880 3080 966 3140 jedem
1012 3076 1174 3136 Menschen
1215 3073 1352 3133 erzähle,
1399 3068 1457 3128 der
1509 3067 1560 3127 den
1601 3064 1716 3124 Namen

1863 3091 2030 3151 Schnitzler
2061 3091 2211 3151 verfolgte
2242 3091 2295 3151 den
2332 3091 2470 3151 weiteren
2513 3091 2705 3151 Werdegang
2736 3092 2849 3152 Herzls
2880 3091 2928 3151 als

528 3134 677 3194 Theodor
702 3130 797 3190 Herzl
821 3126 1030 3186 ausspricht."

1755 3142 1878 3202 Führer
1906 3141 1986 3201 eines
2020 3138 2149 3198 Volkes.
2166 3138 2225 3198 Die
2253 3138 2328 3198 alten
2367 3138 2507 3198 Freunde
2540 3138 2593 3198 von
2626 3138 2702 3198 einst
2724 3138 2826 3198 kamen
2854 3138 2934 3198 öfter

637 3189 705 3249 Der
741 3186 960 3246 Briefwechsel
990 3182 1122 3242 zwischen
1157 3179 1331 3239 Schnitzler
1384 3174 1441 3234 und
1476 3173 1574 3233 Herzl
1604 3169 1724 3229 dauerte

1755 3190 1948 3250 zusammen.
1976 3186 2125 3246 Darüber
2159 3186 2274 3246 hinaus
2313 3186 2401 3246 ergab
2435 3186 2484 3246 sich
2523 3186 2572 3246 für
2606 3186 2771 3246 Schnitzler
2811 3186 2854 3246 oft
2888 3186 2932 3246 die

537 3239 666 3299 beinahe
696 3237 761 3297 drei
785 3237 903 3297 Jahre,
921 3237 967 3297 bis
998 3233 1051 3293 zur
1075 3228 1311 3288 Uebertragung
1341 3225 1446 3285 Herzls
1477 3222 1541 3282 nach
1572 3218 1653 3278 Wien
1684 3216 1712 3276 in

1755 3237 1976 3297 Gelegenheit,
1998 3237 2070 3297 über
2092 3237 2186 3297 Herzl
2209 3237 2236 3297 zu
2265 3234 2397 3294 sprechen
2425 3234 2485 3294 und
2513 3234 2569 3294 von
2597 3234 2690 3294 seinen
2724 3235 2867 3295 Erfolgen
2901 3235 2928 3295 zu

1751 3285 1872 3345 hören.
1899 3285 2067 3345 Schnitzler
2099 3284 2157 3344 und
2189 3284 2288 3344 Herzl
2315 3282 2415 3342 hatten
2458 3283 2663 3343 gemeinsame
2695 3282 2837 3342 Freunde
2874 3281 2926 3341 und

544 3288 642 3348 Jahre
672 3285 770 3345 1895.

1755 3334 1932 3394 Bekannte.
1954 3332 2062 3392 Diesem
2106 3332 2208 3392 Kreise
2231 3331 2376 3391 gehörten
2409 3329 2538 3389 Richard
2566 3329 2841 3389 Beer=Hoffmann
2874 3329 2927 3389 und

644 3346 688 3406 In
723 3343 773 3403 den
808 3341 932 3401 Briefen
967 3340 1000 3400 an
1034 3338 1130 3398 Herzl
1153 3334 1255 3394 klagte
1278 3332 1447 3392 Schnitzler
1476 3328 1521 3388 oft
1550 3325 1623 3385 über
1652 3323 1724 3383 seine

543 3393 692 3453 Kämpfe.
715 3392 807 3452 Herzl
830 3390 893 3450 riet
917 3388 962 3448 ihm
1009 3386 1060 3446 von
1095 3386 1193 3446 Paris
1223 3383 1280 3443 aus
1309 3380 1395 3440 „eine
1418 3374 1723 3434 Ortsveränderung
1759 3379 1827 3439 Van
1857 3382 1942 3442 Jung
1978 3380 2035 3440 an.
2058 3380 2127 3440 Van
2156 3380 2259 3440 Jung,
2289 3380 2328 3440 ein
2364 3379 2507 3439 begabter
2543 3377 2692 3437 Musiker,
2715 3378 2813 3438 voller
2842 3375 2939 3435 Ernst

536 3443 591 3503 als
613 3443 707 3503 bestes
735 3437 912 3497 Heilmittel
934 3435 1022 3495 gegen
1056 3432 1110 3492 das
1139 3430 1260 3490 Wiener
1289 3426 1576 3486 Decouragement"
1610 3422 1664 3482 an.
1681 3423 1725 3483 Es
1764 3426 1819 3486 und
1853 3427 2118 3487 Bescheidenheit,
2141 3427 2206 3487 war
2240 3427 2284 3487 ein
2318 3425 2422 3485 treuer
2456 3426 2511 3486 und
2544 3427 2710 3487 ergebener
2744 3427 2937 3487 Weggenosse

537 3488 623 3548 heißt
652 3488 680 3548 da
716 3486 744 3546 in
779 3485 860 3545 einem
906 3483 1033 3543 Briefe:
1074 3482 1160 3542 „Ja,
1201 3479 1281 3539 mein
1316 3476 1408 3536 lieber
1438 3472 1622 3532 Schnitzler.
1663 3471 1720 3531 Sie
1756 3476 1888 3536 Herzls.
1906 3479 1952 3539 Er
1976 3478 2021 3538 saß
2056 3476 2142 3536 neben
2178 3476 2275 3536 Herzl
2299 3476 2321 3536 in
2357 3476 2408 3536 dem
2449 3475 2558 3535 großen
2593 3473 2853 3533 Aktionskomitee
2882 3473 2934 3533 der

1758 3526 1957 3586 zionistischen
1996 3523 2190 3583 Bewegung.
2234 3524 2336 3584 Herzl
2364 3523 2477 3583 schätzte
2510 3521 2558 3581 die
2591 3522 2747 3582 Meinung
2786 3523 2839 3583 und
2878 3519 2931 3579 das

543 3538 666 3598 speziell
694 3535 753 3595 sind
780 3533 839 3593 wie
867 3532 909 3592 die
937 3531 1050 3591 jungen
1083 3526 1255 3586 Mädchen,
1278 3526 1320 3586 die
1348 3526 1407 3586 erst
1434 3521 1531 3581 später
1559 3520 1585 3580 in
1618 3517 1731 3577 Gesell¬

1758 3573 1865 3633 Urteil
1893 3574 1962 3634 Van
1990 3574 2092 3634 Jungs
2130 3571 2194 3631 hoch
2233 3571 2297 3631 ein.
2319 3571 2389 3631 Van
2417 3571 2524 3631 Jung,
2552 3571 2600 3631 der
2633 3572 2697 3632 jetzt
2724 3569 2762 3629 um
2832 3568 2924 3628 seinen

546 3586 667 3646 schaften
701 3583 878 3643 gekommen
912 3580 990 3640 sind.
1018 3578 1095 3638 Man
1129 3577 1200 3637 sieht
1229 3576 1334 3636 Ihnen
1368 3574 1450 3634 Ihre
1479 3570 1600 3630 dreißig
1629 3567 1717 3627 Jahr

1754 3623 2054 3683 dahingegangenen
2092 3619 2218 3679 Freund
2250 3619 2350 3679 Artur
2382 3619 2550 3679 Schnitzler
2583 3619 2719 3679 trauert,
2746 3617 2930 3677 beeinflußte

545 3634 632 3694 nicht
653 3632 689 3692 an
720 3632 730 3692 —
787 3630 937 3690 verstehen
973 3628 1029 3688 Sie
1056 3628 1086 3688 es
1112 3628 1143 3688 im
1185 3625 1272 3685 guten
1309 3620 1427 3680 Sinne.

1761 3671 1836 3731 stark
1858 3671 2025 3731 Schnitzler
2053 3668 2095 3728 bei
2117 3667 2166 3727 der
2194 3667 2361 3727 Abfassung
2388 3667 2480 3727 seines
2507 3667 2653 3727 Romans
2681 3667 2761 3727 „Der
2789 3666 2853 3726 Weg
2881 3664 2929 3724 ins

654 3686 721 3746 Auf
743 3688 790 3748 die
817 3688 922 3748 Frage
949 3686 1054 3746 seitens
1086 3682 1286 3742 Schnitzlers,
1313 3679 1412 3739 woran
1445 3678 1518 3738 denn
1550 3675 1613 3735 jetzt
1640 3674 1734 3734 Herzl

545 3739 683 3799 arbeite,
704 3736 802 3796 kamen
838 3736 1013 3796 anfänglich
1044 3731 1275 3791 ausweichende
1301 3724 1507 3784 Antworten.
1543 3724 1594 3784 In
1641 3721 1728 3781 jener
1765 3720 1873 3780 Freie“
1904 3718 1960 3778 und
1992 3717 2089 3777 diente
2115 3716 2166 3776 dem
2208 3717 2326 3777 Dichter
2352 3715 2398 3775 als
2429 3714 2557 3774 Vorbild
2589 3712 2639 3772 für
2666 3714 2706 3774 die
2733 3714 2856 3774 Gestalt
2877 3712 2933 3772 Leo

1763 3767 1959 3827 Golowskis.
2006 3765 2067 3825 Die
2093 3762 2196 3822 Reden
2254 3762 2325 3822 über
2357 3762 2408 3822 den
2445 3762 2630 3822 Zionismus
2688 3762 2713 3822 im
2766 3762 2852 3822 „Weg
2884 3759 2930 3819 ins

549 3790 623 3850 Zeit
654 3786 785 3846 meldete
821 3786 865 3846 sich
906 3783 931 3843 in
972 3783 1022 3843 der
1058 3780 1148 3840 Seele
1184 3777 1294 3837 Herzls
1330 3777 1386 3837 der
1416 3773 1562 3833 Gedanke
1598 3770 1633 3830 an
1674 3768 1713 3828 ein

550 3834 821 3894 staatsmännische
857 3831 1028 3891 Tätigkeit.
1052 3829 1152 3889 Herzl
1182 3826 1329 3886 arbeitete
1365 3824 1482 3884 daran,
1512 3821 1576 3881 eine
1607 3819 1724 3879 Lösung
1760 3821 1872 3881 Freie"
1902 3818 1990 3878 gehen
2026 3816 2078 3876 auf
2103 3815 2149 3875 die
2162 3813 2344 3873 zionistische
2362 3813 2556 3873 Anschauung
2581 3811 2698 3871 zurück,
2716 3810 2769 3870 wie
2799 3810 2834 3870 sie
2858 3806 2928 3866 Van

1736 3935 1819 3995 Jung
1857 3932 1903 3992 als
1923 3932 2034 3992 treuer
2054 3932 2184 3992 Freund
2214 3932 2269 3992 und
2298 3932 2503 3992 Mitkämpfer
2532 3932 2671 3992 Theodor
2701 3932 2812 3992 Herzls
2841 3930 2905 3990 ver¬

1728 3978 1812 4038 trat.
1824 3980 1886 4040 Auf
1903 3980 1976 4040 diese
1994 3980 2084 4040 Weise
2107 3980 2169 4040 sand
2192 3980 2214 4040 im
2248 3980 2339 4040 „Weg
2373 3980 2423 4040 ins
2441 3980 2570 4040 Freie",
2582 3980 2661 4040 nicht
2679 3980 2734 4040 nur
2752 3980 2774 4040 im
2820 3980 2909 4040 Titel

1732 4028 1829 4088 selbst,
1847 4028 1893 4088 die
1911 4029 1968 4089 von
1997 4031 2089 4091 Herzl
2107 4028 2256 4088 entfachte
2280 4028 2546 4088 Volksbewegung
2570 4029 2615 4089 ein
2639 4028 2713 4088 Echo
2743 4028 2765 4088 im
2801 4025 2904 4085 Werke

1730 4076 1825 4136 seines
1856 4079 1935 4139 alten
1972 4079 2134 4139 Freundes
2165 4077 2267 4137 Artur
2299 4077 2485 4137 Schnitzler.

2476 4123 2529 4183 T.
2552 4123 2872 4183 Nussenblatt,
