3344 4352
128 249 258 309 12.
309 252 915 312 Schnitzler's
977 252 1208 312 Death

1426 252 1552 312 box
1632 255 1821 315 44/2

1521 1046 1570 1106 die
1596 1046 1783 1106 Vertonung
1813 1043 1888 1103 eines
1919 1042 2015 1102 seiner
2041 1039 2282 1099 Bühnenwerke
2308 1033 2378 1093 vor¬

1525 1088 1719 1148 zuschlagen.
1759 1091 1812 1151 Ich
1845 1085 1959 1145 meinte
2003 1085 2062 1145 das
2089 1082 2387 1142 „Zwischenspiel“,

1527 1131 1592 1191 fand
1628 1130 1698 1190 aber
1735 1130 1785 1190 bei
1806 1129 1973 1189 Schnitzler
2004 1127 2105 1187 wenig
2136 1124 2298 1184 Interesse
2329 1121 2379 1181 für

1524 1174 1622 1234 dieses
1647 1174 1755 1234 Werk.
1795 1172 1844 1232 So
1874 1171 2006 1231 einigten
2036 1166 2095 1226 wir
2130 1165 2184 1225 uns
2219 1165 2292 1225 denn
2327 1165 2380 1225 auf

640 1206 1358 1266 OBSERVER

1524 1215 1583 1275 das
1613 1217 1767 1277 Lustspiel
1792 1216 1871 1276 „Die
1897 1213 2085 1273 Schwestern
2120 1210 2189 1270 oder
2219 1210 2382 1270 Casanova

1525 1260 1554 1320 in
1585 1260 1696 1320 Spa“,
1717 1260 1807 1320 dessen
1843 1256 2025 1316 Vertonung
2056 1254 2222 1314 einstmals
2248 1251 2379 1311 Richard

731 1266 757 1326 I.
771 1261 891 1321 österr.
905 1261 1052 1321 behördl.
1071 1256 1365 1316 konzessioniertes

1525 1303 1706 1363 Strauß
1743 1303 1879 1363 erwogen
1920 1298 2022 1358 hatte.
2048 1297 2118 1357 Nun
2159 1297 2225 1357 hieß
2261 1297 2291 1357 es
2332 1294 2382 1354 das

683 1306 926 1366 Unternehmen
954 1303 1004 1363 für
1028 1297 1413 1357 Zeitungs-Ausschnitte

1527 1344 1671 1404 Textbuch
1724 1344 1776 1404 des
1828 1343 2051 1403 Sprechstückes
2093 1340 2296 1400 umändern,
2327 1335 2379 1395 das

736 1366 889 1426 WIEN,
918 1365 966 1425 I.,
995 1360 1281 1420 WOLLZEILE
1323 1357 1371 1417 11

1530 1386 1627 1446 heißt,
1649 1386 1705 1446 vor
1727 1387 1803 1447 allem
1846 1387 1897 1447 auf
1923 1386 1965 1446 ein
1996 1383 2042 1443 der
2069 1382 2260 1442 gesungenen
2297 1380 2379 1440 Oper

843 1416 1064 1476 TELEPHON
1097 1410 1274 1470 R-23-0-43

1525 1430 1776 1490 entsprechendes
1811 1428 1890 1488 Maß
1930 1425 2275 1485 zusammenstreichen.
2305 1422 2379 1482 Hier

1526 1471 1604 1531 setzte
1654 1473 1717 1533 nun
1748 1473 1792 1533 die
1822 1473 1846 1533 so
1871 1471 2146 1531 hochinteressante
2171 1467 2382 1527 Zusammen¬

639 1507 761 1567 Aus:
806 1504 892 1564 Der
942 1506 1059 1566 lag,
1115 1504 1220 1564 Wien
1276 1500 1455 1560 12.11.

1525 1513 1630 1573 arbeit
1659 1515 1716 1575 mit
1741 1515 1793 1575 dem
1838 1515 1962 1575 Dichter
2015 1513 2082 1573 ein.
2126 1510 2255 1570 Konnte
2309 1509 2375 1569 man

1530 1556 1607 1616 schon
1641 1558 1698 1618 aus
1727 1556 1780 1616 den
1814 1556 2025 1616 gesprochenen
2059 1551 2174 1611 Versen
2208 1553 2265 1613 auf
2290 1553 2371 1613 Sinn

1300 1555 1420 1615 1931

1535 1598 1579 1658 für
1609 1601 1766 1661 Melodik,
1786 1600 1903 1660 Metrik
1948 1598 2007 1658 und
2042 1596 2258 1656 Periodenbau
2298 1595 2376 1655 eines

606 1619 756 1679 Artur
800 1617 1126 1677 Schnitzler
1170 1613 1255 1673 als
1308 1610 1451 1670 Opern

1536 1643 1762 1703 feinfühlenden
1800 1643 1953 1703 Musikers
1986 1640 2149 1700 schließen,
2176 1640 2202 1700 so
2234 1640 2308 1700 fand
2340 1636 2376 1696 ich

945 1671 1296 1731 librettist.

1531 1688 1554 1748 im
1603 1685 1742 1745 Verlauf
1767 1688 1819 1748 der
1843 1686 2069 1746 gemeinsamen
2103 1682 2218 1742 Arbeit
2242 1684 2376 1744 restloses

1526 1727 1743 1787 Verständnis
1793 1727 1841 1787 für
1886 1727 1935 1787 die
2005 1727 2163 1787 textlichen
2237 1726 2385 1786 Voraus¬

607 1736 760 1796 Meine
813 1730 1265 1790 Zusammenarbeit
1312 1724 1391 1784 mit

1530 1771 1679 1831 setzungen
1718 1771 1741 1831 im
1790 1768 2021 1828 Musikdrama.
2046 1768 2209 1828 Keinerlei
2238 1767 2301 1827 Art
2325 1768 2377 1828 von

842 1786 918 1846 dem
978 1783 1225 1843 Dichter.

1526 1813 1806 1873 Autoreneitelkeit
1841 1813 1957 1873 (welche
1986 1811 2034 1871 oft
2064 1812 2126 1872 mit
2156 1812 2383 1872 unerschütter¬

619 1845 696 1905 Von
750 1843 832 1903 Drl
886 1841 1164 1901 Friedrich
1218 1837 1395 1897 Bayer.

1531 1855 1620 1915 licher
1650 1857 1851 1917 Obstination
1911 1855 1950 1915 an
1991 1855 2261 1915 Lieblingsversen
2316 1855 2384 1915 fest¬

714 1900 832 1960 Seit
873 1894 1391 1954 Menschengedenken

1532 1897 1619 1957 hält)
1655 1900 1794 1960 hemmte
1841 1900 1891 1960 den
1943 1900 2103 1960 Fortgang
2155 1897 2206 1957 der
2253 1897 2386 1957 Arbeit;

1535 1941 1706 2001 immerdar
1755 1942 1807 2002 das
1836 1944 1940 2004 gleiche
1989 1941 2179 2001 konziliante
2204 1940 2385 2000 Entgegen¬

619 1959 732 2019 sind
784 1957 868 2017 nur
914 1953 1033 2013 ganz
1085 1951 1295 2011 wenigon
1352 1947 1465 2007 jun-

1526 1984 1681 2044 kommen,
1724 1986 1780 2046 das
1827 1985 1907 2045 Ein=
1955 1986 2015 2046 und
2068 1983 2289 2043 Unterordnen
2341 1979 2368 2039 im

619 2018 693 2078 gen
752 2013 1134 2073 Komponisten,
1181 2009 1261 2069 die
1315 2007 1360 2067 am
1413 2004 1464 2064 An

1526 2028 1644 2088 Dienst
1689 2028 1743 2088 der
1768 2028 1995 2088 gemeinsamen
2049 2026 2168 2086 Sache.
2207 2025 2271 2085 Die
2321 2025 2370 2085 dem

618 2076 730 2136 fang
776 2074 927 2134 ihrer
980 2070 1237 2130 Laufbahll
1275 2064 1493 2124 standen
1533 2072 1765 2132 Sprechdrama
1797 2073 1970 2133 natürliche
2024 2070 2212 2130 reichlichere
2243 2069 2386 2129 Anwen¬

643 2131 730 2191 das
775 2129 930 2189 Glück
974 2126 1062 2186 und
1108 2124 1201 2184 die
1246 2121 1356 2181 Ehre
1412 2118 1456 2178 zu
1484 2114 1500 2174 -
1529 2114 1611 2174 dung
1645 2116 1694 2176 des
1723 2115 1860 2175 Dialogs
1889 2115 1983 2175 suchte
2011 2115 2044 2175 ich
2072 2115 2198 2175 dadurch
2232 2113 2259 2173 zu
2293 2110 2387 2170 para¬

1526 2157 1675 2217 lysieren,
1697 2159 1753 2219 daß
1785 2159 1820 2219 ich
1852 2157 1950 2217 einige
1976 2156 2136 2216 geeignete
2163 2156 2379 2216 Dialogstellen

656 2188 771 2248 teil
816 2187 832 2247 g
882 2183 1109 2243 worden,
1154 2180 1298 2240 einen
1348 2175 1464 2235 nam-

1535 2204 1554 2264 zu
1589 2201 1801 2261 geschlossenen
1831 2201 1963 2261 Formen
1993 2200 2135 2260 lyrischen
2165 2198 2234 2258 oder
2259 2200 2387 2260 drama¬

617 2246 805 2306 haften
849 2243 1067 2303 Dichter
1119 2237 1205 2297 für
1242 2234 1394 2294 Musik
1453 2237 1496 2297 zu
1533 2242 1634 2302 tischen
1693 2244 1888 2304 Charakters
1932 2243 2223 2303 zusammenfaßt,
2267 2242 2382 2302 andere

621 2303 1031 2363 interessieren
1118 2294 1233 2354 oder
1280 2291 1366 2351 gar
1413 2290 1499 2350 als
1534 2288 1689 2348 wiederum
1736 2288 1816 2348 ourch
1846 2287 2065 2347 rezitativische
2089 2283 2302 2343 Behandlung
2331 2289 2382 2349 auf

1531 2330 1574 2390 ein
1608 2330 1775 2390 Minimum
1823 2330 2005 2390 reduzierte.

645 2356 1027 2416 Librettisten
1086 2347 1434 2407 zugewinnen.

1572 2380 1716 2440 Nachdem
1779 2381 1825 2441 die
1851 2380 2037 2440 Hauptszene
2090 2380 2141 2440 des
2172 2380 2260 2440 ersten
2296 2380 2379 2440 Aktes

654 2418 736 2478 Sei
781 2413 841 2473 es
886 2410 1202 2470 mangelndes
1258 2399 1501 2459 Vertraus

1538 2420 1620 2480 (Arie
1646 2423 1698 2483 der
1724 2423 1848 2483 Anina)
1869 2425 1895 2485 in
1926 2425 2029 2485 Musik
2056 2425 2159 2485 gesetzt
2186 2425 2268 2485 war,
2284 2425 2387 2485 führte

656 2475 706 2535 in
757 2470 835 2530 die
887 2467 1005 2527 noch
1056 2462 1202 2522 nicht
1254 2454 1366 2514 oder
1417 2452 1496 2512 nur

1532 2464 1567 2524 ich
1599 2467 1655 2527 das
1687 2467 1831 2527 Tonstück
1852 2467 2022 2527 Schnitzler
2069 2468 2141 2528 vor,
2178 2467 2229 2527 der
2266 2467 2322 2527 mir
2354 2467 2379 2527 in

624 2527 767 2587 weulg
825 2518 1100 2578 erprobten
1158 2503 1496 2563 sähigkeitet
1535 2504 1635 2564 seiner
1661 2509 1785 2569 Freude
1831 2509 1874 2569 ein
1925 2509 1993 2569 mit
2037 2509 2119 2569 einer
2170 2509 2376 2569 entzückenden

655 2580 741 2640 des
793 2572 1163 2632 jugendlichen
1215 2559 1395 2619 Tonset
1418 2552 1497 2612 zer
1535 2552 1701 2612 Widmung
1739 2553 1912 2613 versehenes
1949 2550 2116 2610 Exemplar
2153 2552 2203 2612 der
2233 2552 2384 2612 „Schwe¬

1526 2592 1629 2652 stern“
1664 2595 1821 2655 verehrte.
1866 2595 1934 2655 Der
1989 2596 2057 2656 bald
2092 2596 2225 2656 nachher
2275 2596 2387 2656 fertig¬

652 2633 737 2693 sei
784 2627 840 2687 es
893 2624 972 2684 die
1024 2615 1310 2675 Erwägung,
1356 2601 1442 2661 von

1527 2637 1660 2697 gestellie
1707 2638 1784 2698 erste
1826 2640 1882 2700 Akt
1903 2640 1975 2700 trug
2006 2640 2068 2700 mir
2094 2640 2135 2700 die
2166 2640 2377 2700 Autorisation

632 2681 714 2741 der
774 2673 1050 2733 Vertonung
1104 2670 1250 2730 durch
1298 2671 1450 2731 einen

1527 2679 1572 2739 des
1603 2682 1784 2742 Textbuches
1815 2682 1875 2742 ein.
1896 2683 1941 2743 Je
1962 2682 2068 2742 weiter
2094 2682 2139 2742 die
2160 2682 2372 2742 Komposition

626 2719 1051 2779 unbekannteren

1535 2724 1712 2784 fortschritt,
1737 2725 1772 2785 um
1817 2727 1841 2787 so
1871 2727 1959 2787 mehr
1990 2724 2162 2784 schwanden
2198 2727 2384 2787 Schnitzlers

1526 2765 1726 2825 anfängliche
1758 2768 1912 2828 Bedenken
1949 2768 2129 2828 hinsichtlich
2160 2768 2247 2828 jener
2279 2768 2376 2828 seinen

1531 2810 1641 2870 Versen
1675 2810 1775 2870 latent
1800 2812 2068 2872 innewohnenden
2102 2813 2260 2873 Melodik,
2280 2813 2385 2873 welche

642 2831 867 2891 Komponisten
925 2828 972 2888 sich
1011 2828 1068 2888 nur
1121 2825 1265 2885 geringen
1304 2822 1490 2882 materiellen

1532 2850 1592 2910 mit
1617 2855 1668 2915 der
1694 2855 1743 2915 für
1775 2855 1825 2915 das
1856 2855 1941 2915 Werk
1967 2855 2170 2915 geschaffenen
2206 2855 2387 2915 Melodien¬

644 2876 753 2936 Erfolg
787 2873 978 2933 versprechen
1012 2871 1040 2931 zu
1070 2870 1184 2930 können
1223 2867 1237 2927 —
1290 2867 1351 2927 was
1385 2865 1495 2925 immer

1532 2897 1602 2957 welt
1648 2897 1698 2957 des
1729 2897 1900 2957 Tonsetzers
1941 2900 2016 2960 etwa
2052 2900 2077 2960 in
2113 2898 2314 2958 Widerstreit
2335 2897 2385 2957 ge¬

639 2918 697 2978 den
747 2917 934 2977 erfahrenen
988 2915 1116 2975 Dichter
1161 2912 1219 2972 von
1274 2911 1499 2971 künstlerischen

1528 2938 1614 2998 raten
1648 2938 1782 2998 könnte.

645 2958 949 3018 Zusammenarbeit
1018 2956 1082 3016 mit
1151 2954 1200 3014 der
1274 2953 1490 3013 musikalischen

1572 2987 1639 3047 Zum
1707 2992 1970 3052 Frühlingsende
2002 2995 2069 3055 war
2105 2995 2157 3055 der
2188 2995 2296 3055 zweite
2328 2994 2384 3054 Akt

644 3004 779 3064 Jugend
804 3001 949 3061 abhalten
985 3000 1090 3060 möge:
1116 2998 1140 3058 es
1171 2998 1266 3058 bleibt
1292 2997 1336 3057 bei
1362 2995 1412 3055 der
1438 2994 1497 3054 un¬

1528 3037 1636 3097 fertig,
1661 3036 1719 3096 und
1749 3036 1798 3096 der
1823 3037 2014 3097 beginnende
2054 3037 2171 3097 Herbst
2211 3038 2284 3098 fand
2334 3037 2382 3097 die

644 3046 858 3106 angenehmen
912 3043 1073 3103 Tatsache,
1117 3043 1169 3103 daß
1213 3040 1260 3100 der
1294 3040 1475 3100 „arrivierte

638 3089 776 3149 Meister
828 3088 879 3148 dem
946 3087 1012 3147 noch
1049 3085 1244 3145 kämpfenden
1280 3083 1495 3143 Kunstjünger
1532 3079 1619 3139 Oper
1650 3079 1804 3139 vollendet
1825 3079 1891 3139 vor.
1912 3080 1978 3140 Des
2010 3082 2148 3142 Dichters
2180 3082 2282 3142 Urteil
2308 3082 2379 3142 über

646 3130 769 3190 skeptisch
801 3129 1073 3189 gegenübersteht.
1095 3127 1171 3187 Frei
1198 3126 1249 3186 von
1285 3125 1357 3185 allen
1394 3123 1486 3183 diesen
1528 3123 1631 3183 meine
1662 3124 1863 3184 musikalische
1895 3124 2033 3184 Leistung
2070 3124 2136 3184 war
2168 3124 2229 3184 sehr
2261 3125 2384 3185 schmei¬

1524 3165 1657 3225 chelhaft
1706 3165 1767 3225 und
1797 3165 1940 3225 bereitete
1988 3166 2050 3226 mir
2079 3168 2141 3228 viel
2170 3166 2289 3226 Freude
2318 3168 2375 3228 und

645 3174 740 3234 letzten
798 3172 909 3232 Endes
962 3171 1019 3231 auf
1048 3168 1332 3228 Opportunismus
1366 3165 1500 3225 hinaus¬

1531 3210 1763 3270 Genugtuung.
1790 3210 1868 3270 Voll
1900 3210 2080 3270 Zuversicht
2118 3210 2180 3270 und
2217 3210 2377 3270 Hoffnung

642 3219 809 3279 laufenden
872 3216 1091 3276 Erwägungen
1154 3213 1220 3273 war
1254 3213 1354 3273 einer,
1398 3210 1493 3270 dessen

1526 3250 1582 3310 auf
1604 3252 1711 3312 Erfolg
1743 3252 1810 3312 war
1836 3252 1861 3312 er
1888 3252 1944 3312 vor
1966 3252 2032 3312 acht
2054 3254 2177 3314 Tagen.
2198 3252 2270 3312 Wer
2302 3254 2379 3314 hätte

645 3261 829 3321 plötzliches,
879 3258 1113 3318 unerwartetes
1168 3255 1361 3315 Hinscheiden

638 3306 683 3366 um
730 3305 755 3365 so
787 3303 1013 3363 schmerzlicher
1039 3299 1240 3359 empfinden:
1286 3298 1337 3358 der
1369 3297 1497 3357 feinsin=
1528 3294 1661 3354 geahnt,
1688 3294 1738 3354 daß
1775 3294 1806 3354 es
1837 3295 1888 3355 das
1925 3297 2001 3357 letzte
2028 3297 2294 3357 Beisammensein
2331 3293 2382 3353 ge¬

645 3345 716 3405 nige
748 3347 891 3407 Dichter,
917 3346 968 3406 der
995 3344 1205 3404 tiefgründige
1237 3341 1422 3401 Pychologe,
1448 3341 1499 3401 der
1535 3338 1627 3398 wesen
1664 3338 1720 3398 sei,
1742 3338 1792 3398 daß
1824 3338 1854 3398 er
1880 3338 1941 3398 just
1968 3338 2003 3398 an
2034 3338 2204 3398 demseiben
2236 3339 2302 3399 Tag
2333 3341 2384 3401 der

1527 3380 1657 3440 nächsten
1694 3380 1804 3440 Woche
1856 3380 1906 3440 der
1937 3382 2017 3442 Erde
2053 3383 2220 3443 übergeben
2267 3383 2387 3443 würde.

643 3389 834 3449 bedeutende
865 3389 984 3449 Mensch
1015 3386 1118 3446 Artur
1145 3385 1403 3445 Schnitzler.

685 3431 817 3491 Gestützt
838 3433 891 3493 auf
912 3431 959 3491 das
986 3431 1102 3491 Urteil,
1118 3430 1170 3490 das
1197 3428 1271 3488 mein
1298 3427 1498 3487 Lehrmeister
1530 3425 1583 3485 Ein
1620 3425 1905 3485 Jubiläumswerk
1932 3427 1984 3487 für
2011 3425 2063 3485 den
2101 3426 2264 3486 Siebziger
2302 3426 2380 3486 sollte

644 3482 740 3542 Josef
768 3476 897 3536 Marx
930 3474 1005 3534 über
1038 3473 1108 3533 mich
1141 3473 1254 3533 gefällt
1281 3471 1378 3531 hatte,
1406 3469 1480 3529 nahm
1530 3467 1568 3527 es
1595 3467 1713 3527 werden
1752 3464 1762 3524 —
1822 3466 1864 3526 ein
1897 3468 2227 3528 Trauerzeremoniell
2254 3470 2302 3530 für
2335 3470 2383 3530 die

638 3523 683 3583 ich
736 3523 791 3583 mir
818 3524 874 3584 vor
901 3519 1096 3579 Jahresfrist
1123 3518 1168 3578 den
1200 3518 1292 3578 Mut,
1328 3516 1498 3576 Schnitzler
1530 3512 1710 3572 Totenfeier
1741 3515 1787 3575 des
1818 3515 1957 3575 Dichters
1983 3516 2019 3576 ist
2040 3515 2071 3575 es
2097 3512 2282 3572 geworden.
