3344 4384
366 331 954 391 Schnitzler's
1024 322 1248 382 Death

169 332 292 392 12.

396 589 565 649 Seral
589 577 725 637 usg

395 634 406 694 —

235 637 332 697 Lap:

248 754 427 814 egelend

240 840 412 900 Schnitzler
433 837 586 897 emlékére
616 840 631 900 a
656 840 764 900 berlind
789 841 897 901 Volks¬

202 887 302 947 bühne
328 888 342 948 a
373 888 408 948 ö
469 888 686 948 kakadu-nak,
702 890 737 950 az
763 891 893 951 elhunyt

207 937 245 997 fró
273 936 355 996 egyik
384 937 571 997 egfresebb
605 936 638 996 és
660 939 881 999 legsikeresebb

205 987 402 1047 drámájánsk
438 987 600 1047 elöadását
631 989 744 1049 késziti
769 988 833 1048 eló.

237 1103 367 1163 Bécsben
405 1103 525 1163 Undepl
553 1106 672 1166 keretck
705 1106 814 1166 között
842 1107 896 1167 be¬

208 1154 351 1214 nutattäk
378 1154 558 1214 agüjabb
590 1154 770 1214 Ufa-filmet.
792 1156 887 1216 amely

206 1202 500 1262 1815-bentténik
532 1202 568 1262 és
589 1202 604 1262 a
631 1202 707 1262 cime
740 1205 853 1265 Tancol
874 1205 889 1265 a

202 1254 418 1314 kongresus.
463 1253 529 1313 Elsó
580 1253 702 1313 Sándor
752 1255 891 1315 szerepét

202 1298 271 1358 Will
326 1302 463 1362 Frtsch,
498 1300 716 1360 Metternichet
761 1303 884 1363 Konrad

200 1353 290 1413 Veidt
315 1354 430 1414 játsza.
475 1351 493 1411 A
527 1351 584 1411 nöi
614 1353 806 1413 föszereplök
845 1354 878 1414 Li

194 1405 335 1465 Dagover
363 1405 398 1465 és
429 1404 522 1464 Lilian
554 1403 691 1463 Harvey.

608 1998 1324 2058 OBSERVER

693 2047 719 2107 I.
733 2050 853 2110 österr.
867 2050 1017 2110 behördl.
1031 2053 1328 2113 konzessioniertes

648 2091 883 2151 Unternehmen
915 2092 963 2152 für
985 2095 1376 2155 Zeitungs-Ausschnitte

704 2150 852 2210 WIEN,
880 2154 927 2214 I.,
955 2154 1246 2214 WOLLZEILE
1294 2158 1334 2218 11

800 2204 1013 2264 TELEPHON
1051 2205 1228 2265 R-23-0-43

595 2343 822 2403 Ausschnitt
845 2346 938 2406 aus:

590 2453 979 2513 Klagenfurter
1028 2462 1284 2522 Zeitung,

602 2570 705 2630 vom:
828 2570 1189 2630 27.10.1931.

608 2685 753 2745 Nachruf
786 2683 843 2743 für
884 2682 980 2742 Artur
1022 2683 1216 2743 Schnitzler.
1242 2680 1323 2740 Das
1364 2677 1452 2737 Prä¬

558 2731 655 2791 sidium
714 2730 766 2790 des
813 2731 1067 2791 Journalisten=
1103 2731 1165 2791 und
1207 2727 1455 2787 Schriftsteller¬

558 2779 703 2839 vereines
739 2779 945 2839 „Concordia
996 2777 1183 2837 vereinigte
1209 2776 1253 2836 sich
1284 2773 1319 2833 am
1365 2773 1450 2833 Tage

555 2824 610 2884 der
640 2826 852 2886 Beerdigung
903 2826 933 2886 zu
984 2824 1074 2884 einer
1105 2823 1347 2883 Trauersitzung
1398 2820 1453 2880 für

565 2874 618 2934 sein
673 2874 938 2934 Ehrenmitglied
988 2871 1090 2931 Artur
1140 2871 1334 2931 Schnitzler.
1389 2865 1453 2925 Bei

555 2922 658 2982 diesem
702 2922 810 2982 Anlaß
843 2922 951 2982 führte
984 2919 1158 2979 Präsident
1185 2919 1342 2979 Lipschütz
1364 2916 1402 2976 u.
1424 2916 1456 2976 a.

560 2971 649 3031 aus:
680 2970 805 3030 „Artur
831 2970 1011 3030 Schnitzler
1042 2967 1111 3027 war
1142 2967 1302 3027 eigentlich
1338 2964 1452 3024 immer

560 3019 618 3079 da,
634 3019 702 3079 auch
735 3018 787 3078 für
808 3018 892 3078 uns,
914 3017 961 3077 für
988 3015 1035 3075 die
1062 3015 1209 3075 Alteren.
1236 3015 1330 3075 Denn
1363 3013 1441 3073 schon

560 3065 585 3125 in
617 3065 735 3125 jungen
771 3065 915 3125 Jahren,
936 3062 972 3122 da
998 3062 1117 3122 andere
1148 3060 1209 3120 noch
1241 3059 1271 3119 im
1313 3059 1452 3119 Kampfe

558 3115 609 3175 der
640 3114 789 3174 Materie
816 3113 939 3173 liegen,
961 3113 1033 3173 war
1059 3110 1089 3170 er
1116 3109 1270 3169 Meister,
1291 3110 1343 3170 der
1374 3109 1441 3169 spie

557 3161 659 3221 lerisch
692 3161 746 3221 die
773 3161 1005 3221 schwierigsten
1043 3158 1221 3218 Probleme
1248 3155 1458 3215 bewältigte.

560 3209 599 3269 Er
630 3209 781 3269 brauchte
812 3209 897 3269 nicht
928 3209 983 3269 erst
1014 3209 1044 3269 zu
1079 3206 1210 3266 lernen,
1236 3205 1266 3265 er
1297 3203 1372 3263 war
1402 3203 1452 3263 der

560 3259 716 3319 geborene
741 3256 892 3316 Könner.
923 3256 1004 3316 Sein
1039 3253 1246 3313 universeller
1272 3252 1363 3312 Geist
1383 3252 1458 3312 um¬

565 3307 648 3367 faßte
675 3306 733 3366 alle
760 3304 924 3364 Epochen,
940 3304 1045 3364 schritt
1072 3303 1156 3363 durch
1184 3301 1241 3361 alle
1268 3298 1458 3358 Himmels¬

560 3355 678 3415 striche.
720 3354 765 3414 Er
797 3352 863 3412 war
895 3352 1013 3412 daheim
1060 3349 1086 3409 in
1127 3349 1178 3409 der
1210 3349 1446 3409 wunderlichen

564 3403 831 3463 Gelehrtenstube
872 3400 926 3460 des
968 3399 1164 3459 Paracelsus
1216 3397 1280 3457 und
1326 3396 1357 3456 in
1407 3397 1457 3457 der

561 3451 826 3511 Artistenschenke
859 3448 912 3508 der
946 3447 1146 3507 Jakobiner,
1168 3447 1200 3507 in
1234 3445 1287 3505 den
1331 3443 1461 3503 Prunk¬

556 3499 693 3559 räumen
734 3498 792 3558 von
827 3495 1048 3555 Schönbrunn
1093 3495 1156 3555 und
1196 3492 1225 3552 in
1270 3493 1324 3553 den
1359 3492 1461 3552 Dach¬

560 3546 695 3606 stübchen
744 3544 868 3604 kleiner
906 3543 1047 3603 Wiener
1090 3540 1295 3600 Midinetts.
1350 3541 1452 3601 Jedes

559 3597 712 3657 Ereignis
760 3594 902 3654 drängte
945 3591 992 3651 ihn
1046 3593 1098 3653 zur
1141 3588 1358 3648 Gestaltung.
1406 3586 1453 3646 Er

565 3646 693 3706 schürfte
750 3642 781 3702 in
844 3642 900 3702 den
947 3639 1189 3699 verborgensten
1242 3636 1350 3696 Tiefen
1402 3636 1458 3696 der

564 3694 674 3754 Seele,
699 3692 769 3752 auch
801 3689 855 3749 die
881 3686 1067 3746 geheimsten
1103 3684 1284 3744 Regungen
1320 3684 1450 3744 wurden

563 3741 612 3801 ihm
657 3740 833 3800 offenbar,
858 3737 916 3797 und
951 3736 1024 3796 was
1059 3737 1088 3797 er
1118 3734 1299 3794 gefunden,
1324 3733 1456 3793 schenkte

564 3791 590 3851 er
622 3791 706 3851 uns,
733 3788 833 3848 heiter
866 3785 1029 3845 lächelnd,
1051 3782 1077 3842 in
1120 3782 1204 3842 einem
1252 3780 1453 3840 glänzenden

565 3839 681 3899 Apercu
718 3836 792 3896 oder
819 3836 882 3896 mit
909 3835 1025 3895 ernster
1052 3832 1167 3892 Miene
1194 3828 1220 3888 in
1252 3827 1463 3887 vhilosophi¬

568 3887 641 3947 scher
689 3884 932 3944 Betrachtung.
991 3880 1080 3940 Aber
1129 3878 1181 3938 die
1235 3878 1461 3938 Angelpunkte

565 3934 662 3994 seines
700 3931 878 3991 Schaffens
917 3928 1025 3988 waren
1069 3928 1117 3988 die
1150 3925 1279 3985 Erotik,
1307 3925 1361 3985 die
1394 3922 1453 3982 das

576 3985 656 4045 Leben
691 3982 717 4042 in
752 3982 798 4042 die
826 3983 920 4043 Welt
935 3984 1029 4044 ruft,
1043 3981 1110 4041 und
1138 3979 1184 4039 der
1212 3976 1299 4036 Tod,
1320 3976 1367 4036 der
1395 3973 1448 4033 das

565 4030 662 4090 Leben
696 4027 846 4087 beendet.

1473 312 1598 372 box
1678 310 1866 370 44/1

1893 654 2596 714 OBSERVER

1979 703 2003 763 I.
2016 706 2137 766 österr.
2146 712 2296 772 behördl.
2309 716 2604 776 konzessioniertes

1931 747 2168 807 Unternehmen
2199 751 2246 811 für
2273 757 2657 817 Zeitungs-Ausschnitte

1984 805 2133 865 WIEN,
2161 811 2206 871 I.,
2232 817 2514 877 WOLLZEILE
2568 823 2580 883 1

2080 861 2291 921 TELEPHON
2328 867 2504 927 R-23-0-43

1882 1000 2104 1060 Ausschnitt
2131 1004 2220 1064 aus:

1989 1115 2135 1175 Bladet:

2031 1196 2415 1256 Politiken

1988 1408 2123 1468 skriver
2144 1408 2211 1468 den
2320 1428 2339 1488 3
2379 1428 2583 1488 0.OKT.
2594 1417 2700 1477 1931

1947 1578 2227 1638 Arthur
2276 1578 2673 1638 Schnitzler

1944 1677 2171 1737 Oplasning
2203 1677 2268 1737 paa
2298 1674 2460 1734 Mandag
2491 1674 2563 1734 Kl.
2579 1677 2703 1737 16,15.

1966 1763 2219 1823 1Anledning
2250 1765 2281 1825 af
2307 1763 2364 1823 den
2396 1765 2550 1825 ostrigske
2576 1763 2705 1823 Forfat¬

1942 1815 1993 1875 tor
2022 1811 2143 1871 Arthur
2172 1811 2367 1871 Schnitzlers
2396 1811 2456 1871 Dod
2489 1811 2578 1871 læser
2606 1811 2708 1871 Skue¬

1947 1862 2145 1922 spillerinden
2176 1859 2233 1919 Fru
2265 1860 2366 1920 Agnes
2389 1859 2516 1919 Phister
2539 1859 2697 1919 Andresen

1945 1913 2004 1973 paa
2039 1908 2176 1968 Mandag
2216 1907 2275 1967 Kl.
2301 1907 2384 1967 16,15
2414 1907 2448 1967 en
2483 1907 2517 1967 af
2547 1907 2626 1967 hans
2656 1907 2705 1967 be¬

1943 1958 2092 2018 remteste
2125 1954 2270 2014 Noveller
2299 1954 2340 2014 De
2369 1954 2453 2014 Dode
2477 1954 2556 2014 tier.

1999 2005 2121 2065 Arthur
2150 2005 2333 2065 Schnitzler
2361 2002 2392 2062 er
2420 2003 2452 2063 en
2484 2004 2585 2064 typisk
2627 2004 2704 2064 Wie¬

1943 2056 2019 2116 ner.
2038 2053 2142 2113 Livets
2170 2053 2251 2113 store
2279 2051 2474 2111 Problemer,
2493 2053 2529 2113 de
2557 2053 2697 2113 politiske

1945 2106 1974 2166 og
2015 2104 2050 2164 de
2081 2103 2247 2163 religiose,
2273 2101 2476 2161 interesserer
2512 2101 2567 2161 ham
2613 2101 2703 2161 ikké.

1949 2152 2009 2212 Der
2033 2149 2065 2209 er
2089 2149 2145 2209 kun
2173 2149 2205 2209 ét
2229 2150 2276 2210 for
2300 2149 2392 2209 ham:
2412 2149 2575 2209 Kvinden.
2595 2150 2636 2210 Og
2665 2149 2697 2209 da

1950 2199 2028 2259 han,
2053 2199 2161 2259 forend
2201 2197 2255 2257 han
2295 2196 2359 2256 blev
2394 2196 2576 2256 Forfatter,
2601 2196 2699 2256 havde

1952 2247 2044 2307 været
2069 2247 2176 2307 Læge,
2200 2247 2293 2307 havde
2322 2244 2377 2304 han
2406 2244 2574 2304 erhvervet
2598 2245 2640 2305 sig
2669 2244 2696 2304 en

1949 2298 2025 2358 kolig
2055 2295 2228 2355 Erfaring,
2248 2294 2281 2354 en
2311 2292 2425 2352 næsten
2460 2293 2566 2353 kynisk
2600 2292 2695 2352 Viden

1949 2346 1978 2406 om
2018 2345 2077 2405 alle
2097 2343 2235 2403 erotiske
2260 2343 2482 2403 Forviklinger
2503 2344 2537 2404 og
2567 2340 2710 2400 psykolo-

1945 2393 2033 2453 giske
2073 2390 2392 2450 Kærlighedskriser.
2422 2389 2486 2449 Men
2531 2387 2604 2447 hans
2639 2390 2707 2450 Ky¬

1949 2440 2044 2500 nisme
2083 2438 2141 2498 kom
2189 2438 2290 2498 aldrig
2324 2437 2367 2497 til
2391 2435 2430 2495 at
2459 2435 2545 2495 virke
2580 2435 2709 2495 skriem-

1950 2489 2077 2549 mende.
2127 2488 2147 2548 1
2196 2486 2403 2546 Modsætning
2457 2483 2501 2543 til
2546 2483 2703 2543 Tyskerne

1951 2537 2005 2597 kan
2061 2534 2247 2594 Ostrigerne
2298 2534 2414 2594 nemlig
2465 2534 2565 2594 aldrig
2621 2532 2701 2592 være

1952 2585 2088 2645 brutale.
2143 2583 2184 2643 De
2216 2582 2275 2642 kan
2308 2582 2390 2642 være
2417 2582 2608 2642 amoralske,
2637 2582 2700 2642 men

1952 2632 2027 2692 altid
2087 2631 2151 2691 med
2211 2629 2340 2689 Gratie.
2389 2631 2404 2691 1
2459 2629 2545 2689 Wien
2605 2629 2701 2689 bliver

1952 2680 2168 2740 Kærligheden
2223 2680 2321 2740 aldrig
2370 2680 2419 2740 raa
2469 2678 2518 2738 som
2573 2680 2587 2740 i
2632 2677 2709 2737 Ber¬

1955 2731 2007 2791 lin.
2056 2730 2119 2790 Det
2163 2728 2231 2788 lille
2279 2728 2609 2788 Forstadspigebarn,
2646 2728 2704 2788 das

1950 2779 2031 2839 süsse
2065 2779 2190 2839 Mädel,
2214 2777 2262 2837 som
2306 2776 2387 2836 lever
2417 2776 2445 2836 et
2474 2776 2642 2836 letsindigt
2671 2778 2704 2838 og

1951 2827 2077 2887 elegant
2111 2826 2167 2886 Liv
2200 2826 2260 2886 med
2298 2826 2330 2886 de
2364 2823 2537 2883 fornemme
2570 2823 2710 2883 Wiener¬

1954 2876 2141 2936 Leveherrer
2169 2876 2202 2936 og
2231 2874 2347 2934 ganske
2376 2874 2422 2934 faa
2455 2874 2516 2934 Aar
2540 2871 2619 2931 efter
2648 2871 2713 2931 for-

1950 2922 2077 2982 svinder
2102 2922 2136 2982 ud
2166 2925 2200 2985 af
2220 2922 2274 2982 det
2294 2922 2476 2982 blændende
2501 2922 2603 2982 Milieu
2634 2919 2702 2979 igen

1950 2973 1999 3033 for
2024 2973 2053 3033 at
2078 2972 2176 3032 havne
2201 2970 2210 3030 i
2231 2970 2260 3030 et
2280 2970 2378 3030 roligt
2403 2970 2570 3030 Ægteskab
2600 2967 2649 3027 hos
2669 2967 2703 3027 en

1951 3020 2196 3080 Haandværker
2218 3018 2246 3078 af
2263 3018 2304 3078 sin
2326 3018 2396 3078 egen
2422 3018 2713 3078 Samfundsklasso,

1951 3068 2049 3128 bliver
2075 3068 2174 3128 aldrig
2205 3065 2393 3125 fordærvet;
2411 3065 2471 3125 hun
2501 3065 2595 3125 bliver
2621 3062 2711 3122 aller¬

1951 3116 2038 3176 hojst
2072 3115 2113 3175 let
2151 3112 2326 3172 bedærvet,
2356 3113 2423 3173 men
2461 3110 2569 3170 sætter
2607 3110 2703 3170 aldrig

1949 3164 1993 3224 sin
2044 3163 2130 3223 Ynde
2171 3162 2230 3222 til.
2272 3161 2380 3221 Derfor
2422 3161 2543 3221 maatte
2590 3159 2707 3219 Arthur

1954 3212 2145 3272 Schnitzler,
2173 3210 2227 3270 der
2259 3209 2305 3269 som
2351 3209 2387 3269 en
2424 3209 2501 3269 kolig
2538 3209 2706 3269 lagttager

1951 3259 2050 3319 havde
2080 3257 2163 3317 levet
2189 3257 2230 3317 sit
2255 3256 2309 3316 Liv
2335 3256 2347 3316 i
2373 3256 2447 3316 disse
2477 3256 2593 3316 Krese,
2615 3254 2702 3314 ogsaa

1953 3304 2030 3364 blive
2056 3305 2090 3365 en
2116 3304 2236 3364 gracios
2266 3301 2442 3361 Forfatter.
2464 3301 2550 3361 Hvor
2576 3301 2704 3361 dristige

1952 3355 2091 3415 Motiver
2125 3354 2181 3414 han
2223 3352 2275 3412 end
2313 3352 2415 3412 valgte
2449 3354 2513 3414 sig,
2547 3352 2607 3412 blev
2645 3352 2701 3412 han

1949 3403 2050 3463 aldrig
2073 3403 2191 3463 svigtet
2210 3402 2240 3462 af
2258 3400 2297 3460 sin
2325 3400 2497 3460 smukkeste
2524 3397 2709 3457 Egenskab:

1949 3451 1992 3511 sin
2028 3451 2297 3511 Wienercharme,
2315 3450 2372 3510 lige
2399 3448 2447 3508 saa
2474 3448 2535 3508 lidt
2558 3445 2606 3505 som
2646 3444 2708 3504 Ko¬

1953 3498 2278 3558 benhavnercharmen
2312 3495 2408 3555 nogen
2442 3495 2533 3555 Sinde
2563 3493 2705 3553 svigtede

1953 3546 2046 3606 Peter
2082 3546 2228 3606 Nansen.
2255 3546 2326 3606 Men
2362 3543 2481 3603 Arthur
2518 3541 2708 3601 Schnitzlers

1953 3594 2126 3654 Kendskab
2161 3594 2201 3654 til
2233 3594 2374 3654 Kvinden
2415 3593 2467 3653 var
2504 3591 2614 3651 dybere
2650 3590 2702 3650 end

1953 3642 2044 3702 Peter
2080 3645 2241 3705 Nansens,
2267 3642 2315 3702 for
2346 3641 2403 3701 det
2434 3641 2490 3701 var
2521 3639 2590 3699 ikke
2626 3639 2712 3699 alene

1954 3692 2161 3752 Erotikerens
2189 3692 2220 3752 og
2252 3689 2468 3749 Kunstnerens
2500 3687 2613 3747 Viden,
2636 3686 2699 3746 mon

1951 3742 2040 3802 ogsaa
2069 3740 2122 3800 don
2151 3740 2277 3800 erfarne
2302 3738 2420 3798 Loges.

2017 3788 2069 3848 For
2099 3788 2223 3848 Danske
2252 3787 2295 3847 vil
2315 3785 2348 3845 en
2377 3785 2554 3845 Oplæsning
2584 3785 2617 3845 af
2641 3782 2703 3842 „De

1953 3836 2038 3896 Dode
2064 3836 2145 3896 tier“
2180 3836 2256 3896 blive
2282 3833 2311 3893 en
2342 3833 2577 3893 Overraskelse.
2599 3831 2641 3891 De
2667 3830 2709 3890 vil

1948 3885 2056 3945 opleve
2102 3884 2135 3944 en
2186 3884 2444 3944 Gensynsglode,
2486 3881 2590 3941 kunde
2636 3878 2698 3938 man

1951 3934 2034 3994 sige,
2056 3934 2105 3994 for
2131 3931 2264 3991 ostrigsk
2294 3931 2327 3991 og
2357 3931 2452 3991 dansk
2482 3928 2570 3988 Aand
2599 3925 2628 3985 er
2658 3925 2703 3985 saa

1953 3979 2274 4039 vosensbeslœgtede,
2300 3979 2332 4039 at
2358 3976 2467 4036 Medet
2496 3976 2596 4036 mellem
2639 3973 2692 4033 dem

1951 4030 2026 4090 altid
2059 4030 2176 4090 former
2200 4030 2241 4090 sig
2275 4030 2321 4090 som
2364 4029 2392 4089 en
2425 4024 2602 4084 harmonisk
2636 4021 2710 4081 For¬

2560 4075 2601 4135 T.
2626 4072 2673 4132 K.

1951 4078 2106 4138 staaelse.
