3392 4320
2604 540 2918 600 Ten¬

2256 545 2344 605 ab

949 622 1214 682 Harek
1284 622 1313 682 3
1373 621 1579 681 tonle
1639 613 2190 673 Rbenteder
2290 616 2486 676 heute
2517 616 2565 676 in
2615 614 2673 674 Ia
2763 613 2949 673 Kines

2113 825 2829 885 Schultlers

363 837 534 897 An
668 838 852 898 der
961 834 1397 894 Bahle
1520 828 1995 888 Urthar

927 948 1018 1008 Die
1061 950 1225 1010 Leiche
1278 948 1359 1008 des
1402 948 1628 1008 Dichters
1681 944 1710 1004 im
1785 945 2041 1005 einfachen
2095 942 2320 1002 Holzsarg

2149 1013 2355 1073 Aufführung
2410 1013 2446 1073 am
2515 1013 2674 1073 Deutschen
2717 1010 2934 1070 Volkstheater

1201 1025 1319 1085 betont
1345 1027 1463 1087 immer
1490 1025 1613 1085 wieder
1645 1023 1738 1083 unter
1764 1022 1980 1082 Schluchzen,
2001 1019 2058 1079 daß

377 1031 506 1091 Arthur
537 1028 736 1088 Schnitzlers
767 1028 932 1088 sterbliche
962 1024 1150 1084 Ueberreste

2439 1056 2652 1116 freigegeben.

1204 1076 1239 1136 sie
1266 1074 1327 1134 wie
1354 1075 1410 1135 das
1436 1075 1524 1135 Kind
1550 1072 1575 1132 im
1617 1072 1725 1132 Hause
1747 1072 1896 1132 gehalten
1927 1070 2056 1130 worden

284 1079 418 1139 wurden
455 1079 574 1139 bereits
606 1079 725 1139 gestern
762 1077 1052 1137 eingesargt
1105 1072 1146 1132 in

2181 1112 2259 1172 Noch
2290 1112 2337 1172 ein
2374 1111 2561 1171 zweitos
2593 1111 2717 1171 Stück
2749 1109 2827 1169 hatte
2859 1107 2884 1167 in
2926 1106 2978 1166 be¬

1203 1124 1295 1184 war,
1316 1125 1383 1185 und
1414 1124 1486 1184 noch
1517 1123 1579 1183 gar
1610 1121 1692 1181 nicht
1719 1121 1816 1181 fassen
1853 1118 1955 1178 kann,
1997 1118 2058 1178 das

281 1130 392 1190 eine
441 1127 652 1187 einfache
701 1127 945 1187 Holzkiste,
988 1124 1041 1184 die
1095 1121 1147 1181 den

2117 1159 2255 1219 sonderem
2304 1157 2399 1217 Maße
2428 1157 2500 1217 den
2534 1157 2691 1217 Unmut
2721 1154 2792 1214 der
2817 1154 2979 1214 Behör¬

1203 1172 1271 1232 dies
1304 1174 1367 1234 nun
1406 1172 1485 1232 alles
1517 1169 1548 1229 zu
1581 1169 1676 1229 Ende
1704 1168 1761 1228 sein
1794 1166 1873 1226 soll.

290 1178 511 1238 Vorschriften
550 1177 603 1237 der
652 1176 814 1236 jüdischen
869 1173 1031 1233 Religion
1086 1171 1161 1231 ent¬

2112 1202 2180 1262 den
2215 1203 2328 1263 erregt.
2353 1198 2398 1258 Es
2428 1200 2496 1260 war
2521 1200 2585 1260 dies
2615 1198 2668 1258 das
2693 1198 2811 1258 Drama
2841 1197 2979 1257 „Frei¬

1290 1217 1419 1277 Arthur
1451 1216 1637 1276 Schnitzler
1690 1213 1762 1273 war
1799 1213 1866 1273 mir
1897 1214 1959 1274 wie
2017 1213 2063 1273 ein

289 1226 479 1286 sprechend,
501 1225 563 1285 aus
596 1225 669 1285 drei
691 1222 934 1282 ungehobelten
993 1219 1145 1279 Brettern

2110 1246 2252 1306 wild“.
2278 1246 2321 1306 In
2356 1244 2449 1304 diesem
2494 1245 2612 1305 Drama
2642 1243 2755 1303 kommt
2780 1243 2843 1303 eine
2868 1243 2971 1303 Szene

1206 1267 1329 1327 Vater.
1350 1266 1401 1326 Es
1433 1265 1556 1325 kommt
1587 1263 1649 1323 mir
1680 1261 1752 1321 noch
1789 1263 1845 1323 gar
1876 1261 1963 1321 nicht
1990 1259 2046 1319 zur

292 1275 494 1335 gezimmert
517 1272 572 1332 ist.

2113 1292 2182 1352 vor,
2208 1293 2233 1353 in
2269 1291 2318 1351 der
2350 1290 2390 1350 ein
2425 1291 2561 1351 Offizier
2592 1291 2763 1351 geohrfeigt
2789 1291 2884 1351 wird,
2910 1288 2975 1348 eine

1197 1316 1444 1376 Bewußtsein,
1467 1315 1527 1375 daß
1561 1312 1615 1372 der
1644 1311 1709 1371 Tod
1743 1311 1808 1371 hier
1842 1312 2056 1372 eingegriffen

335 1331 380 1391 Am
420 1332 516 1392 Fuße
539 1333 641 1393 seines
670 1332 799 1392 Sarges
828 1330 913 1390 liegt
936 1330 986 1390 der
1010 1330 1111 1390 große

2118 1337 2339 1397 Ehrenafsäre,
2360 1336 2406 1396 die
2427 1336 2478 1396 zum
2525 1335 2617 1395 Duell
2639 1334 2741 1394 führt.
2768 1333 2829 1393 Die
2850 1333 2978 1393 Polizei

1207 1366 1276 1426 hat.
1304 1363 1476 1423 Mittwoch
1509 1363 1557 1423 kam
1601 1363 1638 1423 ich
1671 1362 1752 1422 ganz
1779 1360 1843 1420 wie
1871 1360 1957 1420 jeden
1985 1360 2070 1420 Tag,

335 1382 464 1442 Kranz,
503 1381 562 1441 den
612 1381 742 1441 Hofrat
808 1378 921 1438 Anton
972 1377 1117 1437 Wild¬

2110 1385 2164 1445 gab
2204 1382 2268 1442 ihre
2303 1381 2539 1441 Einwilligung
2579 1380 2633 1440 zur
2668 1378 2875 1438 Aufführung
2915 1377 2979 1437 nur

1202 1413 1248 1473 um
1296 1413 1354 1473 das
1391 1411 1507 1471 Diktat
1534 1410 1904 1470 entgegenzunehmen.
1931 1409 1994 1469 Als
2026 1407 2067 1467 ich

2116 1428 2205 1488 unter
2231 1427 2282 1487 der
2307 1426 2514 1486 Bedingung,
2534 1425 2605 1485 daß
2636 1424 2711 1484 auf
2732 1422 2801 1482 der
2827 1419 2978 1479 Bühne

330 1434 416 1494 gan
449 1430 486 1490 s,
503 1428 556 1488 der
585 1428 741 1488 Direktor
769 1426 817 1486 des
850 1426 1120 1486 Burgtheaters,

1204 1461 1231 1521 in
1271 1462 1331 1522 das
1365 1459 1513 1519 Zimmer
1542 1459 1630 1519 trat,
1664 1458 1779 1518 fünd
1819 1456 1873 1516 ich
1935 1455 2067 1515 seine

2104 1473 2228 1533 keine
2283 1470 2646 1530 österreichischen
2706 1468 2971 1528 Uniformen

397 1479 521 1539 gestern
552 1477 736 1537 persönlich
766 1478 962 1538 überbracht
987 1475 1063 1535 hat.

1204 1511 1392 1571 Gestalt
1443 1509 1609 1569 leblos
1671 1504 1787 1564 beim
1860 1506 2076 1566 Schreib¬

2112 1518 2323 1578 getragen
2357 1515 2549 1575 werden.
2602 1511 2664 1571 Der
2693 1512 2890 1572 Statthalter
2938 1509 2986 1569 er¬

380 1536 427 1596 Im
513 1536 681 1596 Vorhaus
731 1536 814 1596 steht
858 1535 905 1595 ein
961 1533 1159 1593 zweiter

1202 1558 1309 1618 tisch
1384 1557 1929 1617 zusammengesunken.
2004 1554 2060 1614 Ich

2117 1564 2224 1624 gänzte
2252 1561 2327 1621 diese
2355 1561 2543 1621 Verfügung
2572 1558 2636 1618 noch
2669 1557 2749 1617 durch
2783 1557 2831 1617 den
2870 1557 2988 1617 Zusatz,

289 1587 469 1647 Kranz,
490 1584 520 1644 er
552 1585 592 1645 ist
613 1586 803 1646 anonym
850 1584 1035 1644 abgegeben
1072 1581 1159 1641 wor¬

2121 1605 2170 1665 daß
2201 1607 2265 1667 auch
2296 1606 2351 1666 alle
2377 1605 2562 1665 Uniformen
2592 1602 2647 1662 von
2678 1602 2833 1662 Staaten,
2853 1602 2898 1662 die
2924 1601 2978 1661 mit

1210 1610 1348 1670 glaubte
1376 1606 1414 1666 an
1448 1606 1497 1666 ein
1531 1604 1707 1664 plötzliches
1747 1605 1984 1665 Unwohlsein,
2006 1602 2072 1662 rief

291 1633 375 1693 den.
402 1631 566 1691 Niemand
603 1634 708 1694 weiß,
730 1633 846 1693 woher
878 1632 935 1692 das
990 1630 1158 1690 Gewinde

2116 1651 2168 1711 der
2217 1649 2646 1709 österreichisch-ungarischen
2699 1646 2884 1706 Monarchie
2933 1643 2985 1703 be¬

1204 1657 1246 1717 um
1299 1658 1410 1718 Hilfe,
1442 1654 1521 1714 aber
1553 1653 1612 1713 als
1670 1651 1733 1711 wir
1792 1652 1882 1712 dann
1940 1649 2072 1709 Arthur

294 1682 357 1742 aus
387 1682 480 1742 roten
510 1682 615 1742 Rosen
650 1681 802 1741 stammt.

2118 1696 2262 1756 freundet
2304 1697 2433 1757 waren,
2475 1694 2620 1754 verboten
2652 1693 2750 1753 seien.
2792 1692 2838 1752 In
2869 1690 2967 1750 diesem

1212 1705 1388 1765 Schnitzler
1423 1703 1610 1763 aufhoben,
1639 1700 1727 1760 sahen
1767 1700 1849 1760 wir,
1878 1699 1933 1759 daß
1972 1697 2005 1757 er
2039 1695 2066 1755 in

379 1731 449 1791 Der
474 1730 603 1790 Sohn
639 1730 821 1790 Arthur
863 1728 1163 1788 Schnitzlers,

2124 1742 2395 1802 Zusammenhang
2424 1739 2462 1799 ist
2485 1739 2517 1799 es
2546 1739 2745 1799 interessant,
2768 1739 2795 1799 zu
2829 1736 2990 1796 erfahren,

1202 1756 1326 1816 tiefe
1385 1753 1845 1813 Bewußtlosigkeit
1922 1748 2057 1808 gefallen

296 1781 536 1841 Heinrich,
555 1779 614 1839 und
645 1778 747 1838 dessen
790 1778 916 1838 Mutter
940 1778 1006 1838 sind
1037 1778 1151 1838 gestern

2120 1787 2191 1847 daß
2222 1785 2257 1845 in
2288 1785 2438 1845 Berlin
2475 1784 2541 1844 die
2560 1784 2836 1844 preußischen
2867 1783 2981 1843 Offi¬

1209 1803 1300 1863 war.
1323 1802 1404 1862 Auch
1442 1800 1496 1860 der
1523 1801 1626 1861 Arzt,
1648 1800 1702 1860 den
1741 1799 1799 1859 wir
1833 1799 1941 1859 sofort
1968 1794 2065 1854 riefen

300 1828 362 1888 aus
391 1827 508 1887 Berlin
543 1825 570 1885 in
599 1828 689 1888 Wien
730 1827 943 1887 eingetroffen
978 1825 1039 1885 und
1073 1825 1163 1885 woh¬

2116 1832 2232 1892 ziere
2280 1828 2380 1888 laut
2423 1828 2814 1888 demonstrierten,
2879 1823 2984 1883 weil

1209 1850 1270 1910 und
1307 1849 1508 1909 Schnitzlers
1544 1847 1684 1907 Bruder
1715 1846 1849 1906 konnten
1885 1845 1952 1905 uns
1989 1843 2071 1903 keine

2122 1872 2205 1932 man
2241 1871 2318 1931 auf
2344 1869 2417 1929 der
2447 1870 2599 1930 Bühne
2650 1870 2984 1930 österreichische

298 1879 357 1939 nen
391 1876 416 1936 in
450 1876 502 1936 der
523 1876 615 1936 Villa
642 1876 668 1936 im
708 1876 866 1936 Cottage.

1203 1899 1389 1959 Hoffnung
1420 1896 1543 1956 geben,
1565 1894 1626 1954 das
1658 1894 1751 1954 teure
1777 1894 1880 1954 Leben
1938 1891 1968 1951 zu
2025 1889 2076 1949 er¬

2123 1915 2380 1975 Uniformen
2417 1910 2535 1970 ug.
2572 1913 2758 1973 Umgekehri
2784 1913 2830 1973 kam
2877 1910 2907 1970 es
2944 1909 2969 1969 im

1215 1948 1341 2008 halten.
1386 1945 1519 2005 Arthur
1548 1942 1730 2002 Schnitzler
1759 1942 1819 2002 hat
1848 1940 1914 2000 mir
1948 1939 1975 1999 so
2009 1938 2080 1998 viel

2124 1963 2399 2023 Nationaltheater
2426 1958 2453 2018 in
2486 1960 2631 2020 Lemberg
2659 1960 2690 2020 zu
2724 1960 2988 2020 Skandalfzenen,

307 1969 380 2029 Die
419 1964 660 2024 Gekretärin
699 1963 867 2023 Arthur
896 1963 1137 2023 Schnitzlers

1210 1996 1372 2056 gegeben,
1422 1994 1481 2054 daß
1519 1992 1600 2052 mein
1639 1991 1736 2051 Leven
1774 1990 1872 2050 durch
1905 1990 1959 2050 ihn
1997 1989 2072 2049 reich

2123 2007 2170 2067 die
2213 2008 2276 2068 von
2329 2007 2577 2067 osterreichischen
2609 2005 2782 2065 Offizieren
2815 2002 2983 2062 inszeniert

526 2031 730 2091 Fräukein
778 2031 953 2091 Pollak,

1211 2044 1386 2104 geworden
1428 2041 1487 2101 ist.
1535 2038 1646 2098 Ueber
1699 2040 1815 2100 unsere
1875 2038 2081 2098 gemein¬

2126 2052 2245 2112 worden
2282 2051 2402 2111 waren,
2445 2049 2522 2109 weil
2547 2048 2600 2108 der
2631 2049 2817 2109 geohrfeigte
2848 2048 2980 2108 Offizier

1221 2094 1334 2154 same
1362 2088 1540 2148 Arbeit
1590 2089 1622 2149 zu
1660 2088 1801 2148 sprechen
1840 2085 1975 2145 vermag
2029 2084 2072 2144 ich

2123 2099 2149 2159 in
2182 2097 2373 2157 preußischer
2400 2097 2533 2157 Uniform
2576 2094 2714 2154 auftrat.

306 2101 358 2161 die
389 2100 441 2160 den
478 2098 606 2158 Dichter
643 2098 678 2158 an
714 2099 813 2159 seinem
868 2098 1080 2158 Schreibtisch
1110 2098 1168 2158 zu¬

1210 2142 1309 2202 nicht.
1332 2141 1376 2201 Er
1404 2138 1498 2198 selbst
1521 2137 1592 2197 war
1621 2136 1736 2196 immer
1765 2136 1793 2196 so
1821 2136 2025 2196 bescheiden,
2042 2131 2069 2191 so

303 2150 614 2210 sammengesunken
677 2148 841 2208 auffand,
887 2148 983 2208 weilt
1018 2148 1079 2208 fast
1108 2148 1158 2208 den

2131 2169 2211 2229 Die
2243 2163 2660 2223 Demonstrationen
2712 2165 2844 2225 gegen
2896 2160 2966 2220 den

1212 2193 1292 2253 still,
1310 2193 1338 2253 so
1368 2190 1646 2250 zurückgezogen,
1670 2186 1721 2246 daß
1756 2184 1784 2244 es
1820 2184 1906 2244 sicher
1936 2184 2016 2244 nicht
2046 2181 2068 2241 in

304 2199 423 2259 ganzen
466 2198 532 2258 Tag
575 2197 611 2257 an
648 2199 737 2259 ihrer
768 2196 973 2256 ehemaligen
1010 2196 1172 2256 Arbeits¬

2430 2222 2660 2282 „Reigen“

1216 2241 1319 2301 seinem
1370 2237 1487 2297 Sinne
1518 2236 1629 2296 wäre,
1654 2236 1728 2296 jetzt
1772 2234 1876 2294 solche
1932 2231 2080 2291 Erinne¬

304 2246 417 2306 stätte.
436 2244 497 2304 Sie
522 2246 563 2306 ist
582 2246 648 2306 viel
673 2246 709 2306 zu
740 2246 945 2306 erschüttert,
964 2246 1012 2306 als
1043 2244 1103 2304 daß
1133 2246 1169 2306 sie

2157 2278 2203 2338 In
2238 2276 2440 2336 allgemeiner
2470 2276 2672 2336 Erinnerung
2724 2273 2846 2333 dürften
2881 2273 2944 2333 noch

1213 2289 1338 2349 rungen
1377 2288 1641 2348 aufzufrischen.

299 2295 656 2355 zusammenhängend
716 2295 866 2355 erzählen
912 2294 1048 2354 könnte.
1095 2294 1159 2354 Sie

2162 2321 2210 2381 die
2254 2321 2482 2381 Radauszenen
2538 2321 2619 2381 sein,
2663 2319 2711 2379 die
2761 2318 2831 2378 nach
2881 2318 2935 2378 dem

2160 2366 2272 2426 Kriege
2300 2366 2451 2426 anläßlich
2480 2366 2528 2426 der
2555 2365 2755 2425 Aufführung
2783 2363 2832 2423 des
2865 2360 2956 2420 „Rei¬

2194 2414 2275 2474 gen"
2303 2411 2329 2471 in
2363 2411 2417 2471 den
2450 2411 2716 2471 Kammerspielen
2750 2407 2918 2467 erfolgten.

444 2431 765 2491 Schnitzler
807 2431 925 2491 und
967 2428 1060 2488 die
1102 2426 1665 2486 altösterreichische
1720 2422 1932 2482 Zenfur

2194 2461 2255 2521 Die
2287 2464 2584 2524 Demonstrationen
2641 2461 2745 2521 waren
2787 2460 2839 2520 von
2881 2458 2995 2518 rechts¬

1217 2491 1313 2551 dern
1371 2488 1591 2548 vielmehr
1649 2485 1716 2545 die
1768 2482 2080 2542 „tendenziöse

386 2494 552 2554 Arthur
586 2494 824 2554 Schnitzler
874 2494 957 2554 hatte
991 2491 1052 2551 wie
1085 2494 1151 2554 kaum

2128 2506 2280 2566 stehender
2307 2506 2396 2566 Seite
2423 2506 2596 2566 inszeniert
2622 2503 2764 2563 worden.
2807 2503 2864 2563 Die
2907 2500 2990 2560 Auf¬

1219 2535 1296 2595 und
1327 2533 1620 2593 entstellende
1652 2527 1939 2587 Schilderung
1971 2525 2079 2585 hier¬

304 2539 348 2599 ein
384 2539 514 2599 anderer
545 2538 791 2598 österreichischer
822 2539 943 2599 Dichter
973 2536 1068 2596 seiner
1099 2536 1169 2596 Zeit

2127 2551 2299 2611 führungen
2354 2551 2481 2611 konnten
2516 2548 2575 2608 nur
2605 2548 2693 2608 unter
2724 2546 2886 2606 Aufgebot
2911 2545 2994 2605 einer

1215 2578 1464 2638 ländischer
1519 2572 1809 2632 öffentlicher
1863 2570 2082 2630 Verhält¬

301 2584 436 2644 unter
472 2582 542 2642 dem
592 2581 945 2641 Unverständnis
981 2580 1060 2640 und
1096 2578 1166 2638 der

2128 2595 2233 2655 starken
2268 2593 2591 2653 Polizeimannschaft
2616 2592 2671 2652 und
2707 2591 2792 2651 unter
2823 2590 2993 2650 Durchfüh¬

1214 2623 1375 2683 nisse".

307 2625 1006 2685 bureaukratisch-beschränkten
1053 2623 1171 2683 Men¬

2128 2637 2205 2697 rung
2231 2636 2277 2696 der
2299 2637 2458 2697 strengsten
2490 2634 2851 2694 Vorsichtsmaßnahmen
2877 2632 2990 2692 fortge¬

307 2670 477 2730 talität
504 2669 575 2729 der
622 2668 1068 2728 altösterreichischen
1104 2664 1176 2724 Be¬

2128 2678 2220 2738 führt
2241 2677 2385 2737 werden.

1257 2684 1447 2744 Inzwischen
1480 2681 1559 2741 hatte
1581 2679 1671 2739 Onno
1692 2679 1719 2739 im
1756 2679 1830 2739 Mai
1847 2679 1899 2739 des
1921 2677 2037 2737 Jahres

309 2712 470 2772 hörden
506 2712 541 2772 zu
577 2712 744 2772 leiden.
764 2712 870 2772 Seine
896 2710 957 2770 Art
983 2712 1109 2772 erschien
1145 2709 1169 2769 in

2205 2721 2377 2781 Abgesehen
2406 2724 2460 2784 von
2488 2721 2578 2781 diesen
2613 2721 2674 2781 drei
2696 2721 2855 2781 besonders
2876 2719 2985 2779 krassen

1262 2725 1326 2785 1912
1352 2724 1503 2784 anläßlich
1529 2724 1579 2784 der
1600 2724 1776 2784 fünfzigsten
1807 2721 2043 2781 Geburtstags¬

309 2757 363 2817 den
409 2757 519 2817 Augen
571 2755 626 2815 der
672 2755 768 2815 hohen
819 2754 1166 2814 kaiserlich=königlichen

2123 2765 2229 2825 Fällen
2261 2764 2319 2824 hat
2346 2764 2415 2824 noch
2469 2765 2564 2825 eine
2612 2764 2750 2824 Reihe
2798 2763 2989 2823 anderer

1261 2770 1334 2830 feier
1365 2768 1418 2828 des
1453 2766 1590 2826 Dichters
1630 2765 1812 2825 „Prosessor
1842 2763 2043 2823 Bernhardi“

313 2801 456 2861 Beamten
491 2802 634 2862 geradezu
664 2799 884 2859 revolutionär
908 2798 965 2858 und
995 2796 1028 2856 sie
1053 2797 1167 2857 fühlten

2128 2808 2266 2868 Werke
2303 2808 2472 2868 Arthur
2504 2808 2766 2868 Schnitzlers
2808 2805 2880 2865 den
2921 2805 2993 2865 Un¬

1258 2814 1286 2874 im
1335 2814 1474 2874 Rahmen
1513 2809 1566 2869 des
1601 2811 1817 2871 akademischen
1856 2805 2044 2865 Verbandes

312 2845 359 2905 sich
396 2844 577 2904 bemüßigt,
625 2845 656 2905 in
710 2843 932 2903 wiederholten
975 2840 1081 2900 Fällen
1124 2840 1176 2900 zur

2127 2852 2277 2912 willen
2316 2849 2635 2909 verschiedener
2657 2846 2997 2906 altösterreichi¬

1256 2860 1307 2920 für
1340 2855 1499 2915 Literatur
1532 2852 1592 2912 und
1626 2853 1728 2913 Kunst
1752 2851 1808 2911 vor
1860 2852 2028 2912 geladenem

312 2887 471 2947 Wahrung
534 2887 590 2947 der
642 2887 844 2947 „Autorität“
906 2887 993 2947 gegen
1051 2885 1174 2945 Arthur

2128 2897 2236 2957 scher
2263 2895 2452 2955 Stände,
2474 2894 2738 2954 namentlich
2777 2893 2846 2953 des
2879 2892 2997 2952 Ofji¬

1337 2902 1492 2962 Publikum
1533 2898 1590 2958 zur
1620 2897 1793 2957 Vorlesung
1828 2894 1977 2954 gebracht.

309 2931 477 2991 Schnitzler
509 2930 569 2990 mit
595 2930 748 2990 Verboten
785 2928 999 2988 vorzugehen.

2123 2939 2451 2999 ziersstandes,
2489 2939 2658 2999 erregt,
2696 2936 2775 2996 ohne
2807 2936 2859 2996 daß
2898 2936 2923 2996 es
2961 2935 2987 2995 zu

2127 2984 2370 3044 ausdrücklichen
2404 2981 2556 3041 Verboten
2591 2981 2762 3041 gekommen
2796 2981 2891 3041 wäre.
2911 2978 2996 3038 Ins¬

349 2987 411 3047 Den
450 2984 566 3044 meisten
610 2984 716 3044 Staub
750 2984 895 3044 wirbelte
929 2981 982 3041 das
1022 2981 1142 3041 Schau¬

1311 2990 1390 3050 Ein
1435 2987 1572 3047 Werk
1616 2987 1688 3047 von
1740 2986 1964 3046 „geringem

2129 3026 2297 3086 besondere
2329 3024 2376 3084 die
2408 3023 2540 3083 Novelle
2572 3024 2814 3084 „Leutnant
2847 3022 2983 3082 Gustl“

446 3029 518 3089 spiel
544 3029 730 3089 „Professor
757 3027 958 3087 Bernhardi“
995 3025 1062 3085 auf.

1411 3044 1692 3104 literarischen
1739 3036 1871 3096 Wert

2133 3069 2177 3129 die
2203 3068 2248 3128 ein
2279 3070 2435 3130 ähnliches
2466 3067 2601 3127 Problem
2663 3065 2723 3125 wie
2769 3065 2824 3125 das
2875 3064 2990 3124 Drama

319 3079 375 3139 Die
407 3082 566 3142 Direktion
623 3079 674 3139 des
732 3078 896 3138 Deutschen
938 3076 1169 3136 Volkstheaters

1302 3103 1343 3163 Am
1390 3103 1436 3163 10.
1452 3100 1549 3160 April
1571 3097 1637 3157 1913
1664 3097 1772 3157 wurde
1798 3096 1839 3156 ein
1870 3094 2076 3154 Ansucher

2132 3112 2393 3172 „Freiwild“
2426 3112 2610 3172 behandelt,
2655 3110 2714 3170 rief
2764 3108 2791 3168 in
2851 3109 2992 3169 gewissen

319 3124 409 3184 suchte
434 3124 545 3184 bereits
576 3124 596 3184 im
637 3121 737 3181 Jahre
763 3121 833 3181 1912
859 3121 893 3181 um
934 3121 980 3181 die
1000 3121 1171 3181 Zulassung

1226 3151 1295 3211 der
1326 3148 1467 3208 Neuen
1498 3144 1675 3204 Wiener
1705 3142 1871 3202 Bühne,
1912 3139 1967 3199 das
1998 3136 2088 3196 Stück

2127 3157 2245 3217 Kreisen
2280 3156 2363 3216 einen
2399 3151 2502 3211 Sturm
2552 3154 2601 3214 der
2631 3154 2823 3214 Entrüstung
2873 3151 3000 3211 hervor.

316 3167 402 3227 einer
431 3166 637 3226 Aufführung
671 3165 767 3225 dieses
801 3166 925 3226 Stückes
960 3164 1017 3224 an.
1041 3163 1098 3223 Die
1128 3162 1185 3222 da¬

1226 3194 1391 3254 aufführen
1427 3193 1456 3253 zu
1492 3190 1618 3250 dürfen,
1659 3187 1719 3247 mit
1750 3187 1900 3247 derselben
1936 3183 2076 3243 Entschie

2132 3202 2314 3262 Schnitzler,
2354 3198 2408 3258 der
2438 3198 2698 3258 Regimentsarzt
2724 3196 2753 3256 in
2788 3193 2836 3253 der
2867 3196 2994 3256 Reserve

319 3212 433 3272 malige
460 3211 585 3271 Polizei
606 3210 675 3270 aber
701 3210 842 3270 erklärte,
857 3209 908 3269 daß
938 3208 983 3268 die
1009 3205 1174 3265 Handlung

1226 3241 1356 3301 denheit
1382 3235 1442 3295 wie
1473 3235 1578 3295 bisher
1609 3232 2002 3292 zurückgewiesen.
2043 3223 2088 3283 Es

2132 3244 2213 3304 war,
2228 3244 2309 3304 sollte
2333 3244 2434 3304 wegen
2463 3241 2554 3301 dieses
2584 3240 2703 3300 Werkes
2727 3238 2780 3298 vor
2805 3240 2886 3300 einen
2915 3238 3001 3298 mili¬

319 3255 378 3315 tief
414 3255 439 3315 in
485 3252 530 3312 die
571 3252 888 3312 kirchlich=politischen
935 3250 1171 3310 Anschauungen

1229 3284 1269 3344 Es
1301 3284 1399 3344 nützte
1431 3281 1497 3341 auch
1529 3279 1642 3339 nichts,
1669 3278 1720 3338 daß
1757 3276 1901 3336 Direktor
1928 3273 2093 3333 Weisse

2135 3286 2273 3346 tärischen
2302 3285 2465 3345 Ehrenrat
2489 3285 2642 3345 kommen.
2661 3283 2704 3343 Da
2733 3282 2761 3342 er
2786 3280 2814 3340 es
2843 3282 3001 3342 ablehnte,

315 3297 371 3357 der
404 3297 599 3357 Gegenwart
633 3297 781 3357 eingreise
814 3296 874 3356 und
912 3294 963 3354 daß
1005 3291 1098 3351 daher
1131 3291 1177 3351 die

1225 3330 1253 3390 im
1297 3329 1474 3389 November
1503 3324 1657 3384 desselben
1691 3322 1811 3382 Jahres
1859 3321 1979 3381 darauf
2022 3317 2094 3377 hin¬

2137 3330 2184 3390 sich
2209 3330 2261 3390 vor
2285 3330 2332 3390 dem
2376 3327 2538 3387 Ehrenrat
2558 3327 2586 3387 zu
2615 3326 2820 3386 verteidigen,
2839 3324 2944 3384 wurde
2968 3324 2997 3384 er

316 3342 516 3402 Vermutung
555 3340 732 3400 begründet
761 3339 818 3399 sei,
862 3337 919 3397 das
953 3336 1048 3396 Stück
1077 3336 1177 3396 werde

1225 3376 1323 3436 wies,
1343 3375 1397 3435 daß
1432 3371 1486 3431 das
1517 3369 1609 3429 Stück
1635 3369 1659 3429 in
1694 3366 1896 3426 Deutschland
1926 3366 2074 3426 anstands

2133 3375 2184 3435 der
2216 3375 2480 3435 Offizierscharge
2506 3373 2557 3433 für
2589 3372 2728 3432 verlustig
2760 3372 2889 3432 erklärt.

318 3385 386 3445 auch
417 3387 446 3447 im
490 3385 746 3445 Zuschauerraum
791 3381 973 3441 Gegensätze
1023 3380 1189 3440 auslösen,

1228 3420 1277 3480 los
1307 3421 1360 3481 zur
1390 3417 1591 3477 Aufführung
1626 3414 1768 3474 gelangen
1803 3413 1910 3473 konnte
1941 3411 1999 3471 und
2034 3408 2082 3468 daß

318 3427 382 3487 was
420 3429 486 3489 mit
514 3429 565 3489 dem
618 3429 781 3489 Interesse
819 3426 870 3486 zur
909 3423 1068 3483 Wahrung
1129 3422 1180 3482 der

1228 3466 1257 3526 es
1307 3464 1385 3524 dort
1425 3463 1484 3523 von
1520 3460 1578 3520 fast
1604 3458 1770 3518 sämtlichen
1806 3456 1993 3516 Hofbühnen
2048 3454 2096 3514 ge¬

323 3473 514 3533 öffentlichen
548 3470 705 3530 Ordnung
739 3469 950 3529 unvereinbar
980 3466 1037 3526 sei.
1056 3464 1099 3524 In
1133 3464 1185 3524 der

1230 3513 1318 3573 spielt
1348 3508 1471 3568 worden
1506 3506 1589 3566 war.
1619 3504 1683 3564 Der
1713 3503 1855 3563 amtliche
1885 3501 2003 3561 Zensor
2033 3497 2087 3557 gab

322 3515 538 3575 vorliegenden
574 3513 715 3573 Fassung
752 3513 792 3573 sei
823 3512 877 3572 das
914 3512 1004 3572 Stück
1035 3509 1065 3569 zu
1101 3509 1186 3569 einer

1228 3557 1375 3617 folgende
1405 3551 1684 3611 bemerkenswerte
1719 3548 1890 3608 Erklärung
1929 3545 1988 3605 ab:

317 3560 526 3620 Aufführung
558 3560 667 3620 nicht
694 3557 918 3617 geeignet.

400 3604 480 3664 Der
506 3600 855 3660 Zensurbeirat,
871 3599 916 3659 der
942 3598 997 3658 aus
1023 3596 1088 3656 drei
1109 3596 1184 3656 Mit¬

1343 3620 1428 3680 „Das
1461 3614 1556 3674 Stück
1594 3612 1684 3672 selbst
1712 3613 1748 3673 ist
1787 3612 1839 3672 als
1872 3608 2101 3668 pamphletisti¬

323 3647 456 3707 gliedern
485 3646 624 3706 bestand,
644 3644 686 3704 die
711 3644 802 3704 heute
826 3644 888 3704 noch
917 3643 950 3703 am
989 3641 1080 3701 Leben
1114 3641 1190 3701 sind,

1266 3662 1342 3722 sches
1376 3659 1462 3719 Werk
1491 3661 1543 3721 von
1582 3659 1725 3719 geringem
1769 3656 1970 3716 literarischen
2008 3653 2094 3713 Wert

328 3692 421 3752 sprach
451 3690 499 3750 sich
529 3690 588 3750 mit
613 3688 691 3748 zwei
711 3686 740 3746 zu
775 3685 858 3745 einer
888 3685 1025 3745 Stimme
1050 3682 1177 3742 gegen

1266 3712 1292 3772 zu
1348 3705 1517 3765 betrachten
1573 3702 1632 3762 und
1683 3700 1737 3760 vom
1788 3700 1994 3760 Standpunkt
2040 3696 2095 3756 des

319 3733 389 3793 die
420 3733 718 3793 Aufführung
755 3730 825 3790 des
866 3727 1037 3787 Stückes
1094 3724 1189 3784 aus.

1268 3748 1478 3808 patriotischen
1521 3748 1731 3808 Empfindens
1784 3745 1879 3805 sowie
1913 3744 1970 3804 zur
2004 3742 2099 3802 Wah¬

364 3788 428 3848 Das
492 3784 843 3844 Aufführungsverbot
898 3781 1030 3841 erfolgte
1100 3778 1134 3838 am

1266 3799 1349 3859 rung
1396 3796 1447 3856 der
1476 3793 1644 3853 Autorität
1691 3791 1761 3851 aller
1789 3790 1980 3850 öffentlichen
2018 3787 2083 3847 hier

598 3829 649 3889 25.
671 3827 806 3887 Oktober
838 3825 925 3885 1912.

1273 3841 1436 3901 ländischen
1495 3838 1639 3898 Faktoren
1698 3837 1726 3897 zu
1765 3835 1972 3895 verurteilen.
2025 3832 2092 3892 Das

404 3877 470 3937 Auf
495 3879 653 3939 Ansuchen
687 3877 739 3937 des
773 3876 1094 3936 Polizeipräsidenten
1128 3873 1180 3933 von

1271 3887 1364 3947 Stück
1409 3885 1507 3945 werde
1572 3882 1645 3942 kaum
1725 3882 1798 3942 zehn
1848 3879 1926 3939 volle
1976 3878 2098 3938 Häuser

328 3924 428 3984 Berlin
483 3924 593 3984 wurde
626 3922 681 3982 von
723 3921 773 3981 der
805 3920 929 3980 Wiener
966 3918 1195 3978 Statthalterei

1272 3932 1426 3992 machen.“

323 3969 372 4029 die
398 3969 561 4029 Auskunft
581 3967 730 4027 gegeben,
750 3966 819 4026 für
840 3963 914 4023 das
944 3960 1112 4020 Verbot
1128 3960 1196 4020 sei

1271 3991 1344 4051 Erst
1375 3996 1438 4056 nach
1474 3993 1522 4053 dem
1572 3993 1695 4053 Kriege,
1735 3987 1774 4047 am
1820 3989 1868 4049 21.
1893 3986 2060 4046 Dezember

323 4014 436 4074 nicht
480 4012 514 4072 so
564 4011 662 4071 sehr
711 4008 779 4068 der
829 4005 1025 4065 Umstand
1070 4003 1192 4063 maß¬

1277 4038 1361 4098 1918,
1389 4040 1495 4100 wurde
1527 4036 1706 4096 „Professor
1739 4032 1940 4092 Bernhardi“
1973 4029 2057 4089 durch

325 4059 452 4119 geben
492 4056 708 4116 gewesen,
754 4052 831 4112 daß
871 4051 943 4111 das
982 4047 1104 4107 Stück
1138 4046 1182 4106 an

1277 4085 1340 4145 eine
1368 4085 1591 4145 Entscheidung
1619 4080 1666 4140 der
1693 4079 1986 4139 Landesregierung
2013 4078 2066 4138 zur

331 4100 473 4160 heikle
497 4098 721 4158 religiöse
745 4097 911 4157 Fragen
942 4091 1089 4151 rühre,
1107 4088 1195 4148 son¬
