3344 4352
109 318 183 378 12

1400 318 1521 378 box
1597 319 1780 379 44/2

310 325 881 385 Schnitzler's
943 321 1178 381 beath

1097 2867 1159 2927 Das
1186 2864 1444 2924 Arbeitszimmer
1471 2860 1590 2920 Arthur
1617 2855 1826 2915 Schnitzlers.
1853 2853 1884 2913 In
1911 2852 1968 2912 der
1995 2850 2075 2910 Mille
2102 2847 2155 2907 der
2177 2842 2541 2902 Manuskriptschrank.
2564 2840 2590 2900 In
2622 2839 2679 2899 der
2702 2834 2999 2894 Schreibmaschine

639 3136 1484 3196 Erinnerungen
1597 3125 1681 3185 an
1771 3113 2269 3173 Arthur
2358 3108 2965 3168 Schnitzler

1479 3246 1557 3306 von
1612 3242 1797 3302 Arnold
1860 3235 2125 3295 Höllriegel

2245 3335 2313 3395 aber
2346 3334 2407 3394 hier
2440 3332 2521 3392 nicht
2554 3330 2749 3390 sentimental
2782 3326 2928 3386 werden!)
2961 3323 3005 3383 sah

1413 3355 1540 3415 Schritte
1580 3353 1631 3413 und
1671 3349 1758 3409 schon
1798 3347 1821 3407 in
1861 3345 1952 3405 diesem
2004 3340 2091 3400 ersten
2131 3337 2190 3397 Ge¬

617 3370 703 3430 um
763 3367 922 3427 erstenmal
959 3365 1036 3425 habe
1078 3362 1119 3422 ich
1165 3359 1219 3419 mit
1261 3357 1375 3417 Arthur

2236 3374 2294 3434 ich,
2317 3374 2386 3434 eben
2421 3371 2471 3431 von
2510 3371 2618 3431 meiner
2645 3368 2753 3428 letzten
2784 3365 2891 3425 grosen
2926 3362 3007 3422 Reise

1423 3395 1524 3455 spräch
1557 3392 1633 3452 sagte
1662 3390 1690 3450 er
1715 3389 1783 3449 über
1809 3386 1865 3446 sich
1898 3383 1934 3443 ein
1967 3383 2039 3443 paar
2064 3380 2193 3440 erleuch¬

596 3411 831 3471 Schnitzler
873 3404 1012 3464 während
1063 3401 1115 3461 des
1156 3401 1284 3461 Krieges
1326 3395 1371 3455 ge-

2242 3413 2457 3473 heimgekehrt,
2486 3410 2596 3470 Arthur
2625 3407 2792 3467 Schnitzler
2825 3404 2915 3464 genau
2952 3401 3016 3461 drei

1426 3434 1514 3494 tende
1547 3431 1647 3491 Worte

661 3449 831 3509 sprochen,
857 3446 877 3506 in
911 3443 985 3503 einem
1027 3440 1202 3500 überfüllten
1235 3436 1372 3496 Straßen-

2250 3453 2323 3513 Tage
2352 3452 2400 3512 vor
2421 3450 2514 3510 seinem
2551 3449 2649 3509 Tode.
2670 3448 2715 3508 Ich
2740 3446 2792 3506 kam
2829 3444 2882 3504 zum
2919 3443 3016 3503 Essen,

1461 3473 1617 3533 „Dichter?
1672 3470 1718 3530 Ich
1774 3467 1820 3527 bin
1876 3461 1997 3521 erstens,
2041 3458 2196 3518 zweitens,

598 3488 803 3548 bahnwagen;
837 3486 878 3546 ich
920 3485 970 3545 bot
1004 3482 1050 3542 ihm
1105 3482 1125 3542 in
1167 3478 1368 3538 gebührender

2248 3496 2300 3556 und
2341 3491 2393 3551 wie
2422 3488 2625 3548 gewöhnlich,
2654 3485 2845 3545 beobachtete
2878 3482 2918 3542 ich
2955 3482 3007 3542 sein

1421 3514 1543 3574 drittens
1569 3512 1607 3572 ein
1637 3509 1726 3569 Arzt.
1747 3509 1793 3569 Ich
1824 3504 1904 3564 fühle
1929 3503 2001 3563 mich
2036 3500 2091 3560 viel
2116 3497 2196 3557 mehr

602 3529 765 3589 Ehrfurcht
803 3523 917 3583 meinen
959 3522 1109 3582 Sitzplatz
1152 3520 1202 3580 an,
1240 3517 1294 3577 und
1341 3513 1370 3573 er

2248 3532 2369 3592 Gesicht
2395 3529 2491 3589 hinter
2521 3528 2570 3588 den
2600 3526 2738 3586 Flaschen
2768 3523 2822 3583 und
2852 3520 3019 3580 Schüsseln,

1422 3553 1464 3613 als
1502 3551 1595 3611 Arzt,
1629 3550 1701 3610 denn
1744 3545 1790 3605 als
1829 3541 2057 3601 Schriftsteller.
2100 3538 2197 3598 Meine

603 3568 710 3628 wehrte
734 3565 864 3625 lächelnd
897 3563 944 3623 ab,
964 3562 987 3622 im
1024 3559 1146 3619 Grunde
1170 3558 1356 3618 unangenehm

2248 3571 2292 3631 die
2317 3571 2385 3631 stets
2406 3569 2455 3629 auf
2480 3568 2556 3628 einer
2581 3566 2780 3626 Drehscheibe
2805 3562 2825 3622 in
2858 3561 2907 3621 der
2931 3559 3012 3619 Mitte

1429 3592 1534 3652 Werke
1560 3592 1619 3652 sind
1649 3589 1746 3649 lauter
1772 3583 1957 3643 Diagnosen.

602 3607 736 3667 berührt,
765 3604 834 3664 weil
863 3603 891 3663 ei
924 3601 1005 3661 nicht
1039 3601 1079 3661 als
1108 3598 1181 3658 alter
1214 3598 1295 3658 Herr
1324 3591 1372 3651 be-

2243 3615 2289 3675 des
2324 3609 2446 3669 Tisches
2477 3607 2621 3667 standen.
2651 3604 2710 3664 (Ich
2753 3601 2842 3661 habe,
2877 3598 3008 3658 während

604 3648 730 3708 handelt
773 3643 883 3703 werden
931 3640 1048 3700 wollte.
1084 3637 1095 3697 —
1162 3634 1225 3694 Wir
1265 3634 1366 3694 stiegen

2240 3652 2285 3712 der
2319 3651 2481 3711 tragischen
2515 3647 2597 3707 Tage
2627 3644 2697 3704 nach
2735 3643 2785 3703 dem
2836 3639 3014 3699 Selbstmord

598 3688 785 3748 gleichzeitig
821 3684 887 3744 aus,
910 3680 985 3740 denn
1021 3679 1114 3739 meine
1151 3675 1306 3735 Wohnung
1338 3672 1373 3732 ist

2247 3691 2339 3751 seiner
2377 3688 2520 3748 Tochter,
2554 3684 2743 3744 Schnitzler,
2769 3682 2823 3742 sich
2879 3678 3012 3738 förmlich

1468 3710 1526 3770 Zum
1569 3706 1746 3766 letztenmal
1767 3703 1835 3763 nach
1869 3700 1944 3760 einem
1987 3697 2205 3757 langjährigen,

606 3730 673 3790 ganz
703 3726 727 3786 in
762 3723 812 3783 der
842 3720 930 3780 Nähe
960 3718 1052 3778 seiner
1083 3718 1158 3778 Villa
1192 3717 1213 3777 im
1260 3712 1377 3772 Wiener

2251 3730 2348 3790 hinter
2381 3726 2454 3786 diese
2491 3726 2629 3786 Flaschen
2667 3723 2777 3783 ducken
2818 3718 2952 3778 gesehen.
2985 3718 3017 3778 Er

1425 3747 1474 3807 für
1501 3747 1568 3807 mich
1600 3745 1622 3805 so
1654 3741 1873 3801 beglückenden
1905 3738 2034 3798 Verkehr
2058 3737 2111 3797 (ich
2143 3734 2205 3794 will

607 3768 787 3828 „Cottage“.
836 3765 880 3825 Ich
929 3761 1087 3821 begleitete
1132 3757 1176 3817 ihn
1225 3753 1264 3813 ein
1313 3750 1383 3810 paar

2259 3992 2982 4052 KENE-VAKIETE

719 4023 1495 4083 RATELLINL
1543 4009 1677 4069 TRIO
1748 4001 2156 4061 NOVEMBER

1765 4126 1835 4186 40
