3436 4352
140 304 267 364 12.
317 304 917 364 Schnitzler's
977 300 1212 360 Deatl

268 896 994 956 OBSERVER

369 945 390 1005 1.
404 945 524 1005 österr.
538 945 689 1005 behördl.
702 945 1001 1005 konzessioniertes

319 986 556 1046 Unternehmen
587 986 634 1046 für
661 984 1049 1044 Zeitungs-Ausschnitte

373 1042 523 1102 WIEN,
550 1047 595 1107 I.,
622 1046 911 1106 WOLLZEILE
958 1046 1003 1106 11

469 1097 685 1157 TELEPHON
723 1097 896 1157 R-23-0-43

263 1240 487 1300 Ausschnitt
518 1242 584 1302 auS
603 1249 785 1309 jRNNVTE
810 1252 1005 1312 VOLESZEITUES

596 1422 663 1482 20
709 1414 844 1474 OKT.
857 1393 957 1453 1937

664 1556 999 1616 Feuilleton.

457 1668 693 1728 Geschichten
734 1673 773 1733 um
821 1670 954 1730 Artur
979 1678 1192 1738 Schnitzler

517 1730 582 1790 Der
631 1730 663 1790 so
708 1736 849 1796 plötzlich
893 1740 1105 1800 verstorbene
1138 1744 1268 1804 Dichter
1302 1745 1404 1805 Artur

250 1769 445 1829 Schnitzler,
466 1774 599 1834 geboren
636 1776 676 1836 am
728 1778 779 1838 15.
806 1780 887 1840 Mai
914 1783 990 1843 1862
1027 1784 1052 1844 in
1088 1785 1206 1845 Wien,
1248 1789 1319 1849 war
1351 1789 1402 1849 der

248 1813 342 1873 Sohn
383 1815 438 1875 des
479 1819 655 1879 bekannten
701 1824 953 1884 Laryngologen
999 1828 1063 1888 und
1105 1832 1411 1892 Universitätspro¬

252 1858 360 1918 fessors
387 1860 457 1920 Dr.
474 1864 613 1924 Johann
647 1867 835 1927 Schnitzler.
873 1870 959 1930 Auch
987 1873 1094 1933 Artur
1122 1876 1240 1936 ergriff
1262 1878 1310 1938 den
1343 1875 1407 1935 Be¬

245 1900 306 1960 ruf
327 1903 424 1963 seines
451 1906 589 1966 Vaters.
626 1908 667 1968 Er
698 1910 806 1970 wurde
832 1913 904 1973 nach
930 1918 1172 1978 Absolvierung
1198 1921 1296 1981 seiner
1322 1921 1409 1981 Prü¬

244 1944 319 2004 fung
354 1946 379 2006 im
430 1950 520 2010 Jahe
551 1950 626 2010 1888
662 1954 828 2014 Aspirant
859 1956 919 2016 und
955 1962 1212 2022 Sekundärarzt
1247 1965 1287 2025 an
1343 1965 1398 2025 der

247 1989 354 2049 Klinik
381 1992 437 2052 für
468 1995 596 2055 interne
628 1998 771 2058 Medizin
813 2001 864 2061 bei
891 2004 1060 2064 Professor
1091 2007 1405 2067 Strandhardtner,

245 2032 327 2092 dann
363 2035 430 2095 war
461 2039 491 2099 er
518 2040 543 2100 in
579 2040 630 2100 der
657 2044 914 2104 psychiatrischen
951 2049 1130 2109 Abteilung
1162 2052 1207 2112 bei
1234 2053 1398 2113 Professor

245 2077 400 2137 Meynert
428 2082 492 2142 und
519 2085 692 2145 schließlich
730 2088 762 2148 an
795 2090 848 2150 der
881 2091 988 2151 Klinik
1022 2093 1070 2153 für
1097 2097 1393 2157 Hautkrankheiten

239 2121 292 2181 bei
320 2125 484 2185 Professor
512 2130 713 2190 Neumann.

333 2175 404 2235 Sein
438 2179 548 2239 Beruf
576 2182 625 2242 als
654 2183 736 2243 Arzt
770 2186 863 2246 füllte
892 2189 941 2249 ihn
980 2189 1057 2249 aber
1086 2192 1174 2252 nicht
1207 2195 1295 2255 ganz
1318 2198 1384 2258 aus

238 2215 284 2275 Er
310 2221 417 2281 lernte
444 2224 474 2284 ja
506 2225 592 2285 schon
629 2227 654 2287 im
701 2230 809 2290 Hause
841 2231 943 2291 seines
975 2237 1118 2297 Vaters,
1144 2237 1195 2297 der
1222 2238 1303 2298 Arzt
1330 2239 1391 2299 und

242 2264 442 2324 Vertrauter
469 2270 551 2330 aller
577 2270 711 2330 Wiener
742 2276 1030 2336 Bühnenkünstler
1056 2279 1148 2339 war,
1170 2282 1226 2342 das
1258 2285 1396 2345 Theater

239 2308 360 2368 lieben.
397 2312 513 2372 Daher
535 2315 655 2375 begann
687 2317 719 2377 er
741 2318 819 2378 schon
851 2320 877 2380 in
909 2323 1025 2383 jungen
1052 2327 1179 2387 Jahren
1211 2329 1237 2389 zu
1264 2327 1400 2387 dichten.

233 2349 315 2409 Sein
352 2355 470 2415 erstes,
491 2356 604 2416 bisher
641 2360 868 2420 ungedrucktes
905 2367 1137 2427 Bühnnwerk,
1168 2371 1256 2431 „Das
1287 2371 1395 2431 Aben¬

237 2394 329 2454 teuer
360 2398 457 2458 seines
494 2401 658 2461 Lebens",
684 2404 798 2464 wurde
829 2407 905 2467 aber
938 2409 999 2469 nur
1035 2413 1127 2473 durch
1169 2414 1210 2474 ein
1247 2416 1395 2476 Mißver¬

241 2440 389 2500 ständnis
417 2443 444 2503 in
478 2446 566 2506 einer
600 2449 899 2509 Schauspielschule
921 2455 1136 2515 aufgeführt.

336 2494 473 2554 Zitternd
501 2499 710 2559 überbrachte
733 2503 782 2563 der
804 2506 904 2566 junge
926 2509 1102 2569 Schnitzler
1125 2512 1185 2572 sein
1213 2514 1389 2574 Erstlings¬

235 2538 319 2598 werk
346 2538 398 2598 dem
446 2541 551 2601 Leiter
584 2544 636 2604 der
668 2547 1005 2607 Schauspielerschule
1032 2553 1089 2613 Leo
1122 2556 1301 2616 Friedrich.
1344 2558 1390 2618 Er

241 2580 411 2640 murmelte
432 2586 537 2646 einige
568 2589 845 2649 unverständliche
870 2592 980 2652 Worte
1006 2595 1066 2655 und
1097 2598 1152 2658 ließ
1183 2598 1237 2658 das
1268 2601 1393 2661 Manu¬

242 2625 334 2685 skript
356 2628 420 2688 auf
448 2630 501 2690 dem
551 2634 761 2694 Schreibtisch
794 2636 848 2696 des
881 2640 1053 2700 Direktors
1087 2642 1210 2702 liegen,

319 2682 432 2742 Dieser
465 2685 599 2745 glaubte
632 2686 718 2746 nun,
756 2689 815 2749 daß
859 2691 950 2751 „Das
983 2694 1171 2754 Abenteuer
1204 2697 1305 2757 seines
1339 2698 1392 2758 Le¬

236 2724 330 2784 bens“
361 2726 421 2786 von
457 2728 582 2788 Arturs
613 2730 738 2790 Vater,
764 2732 814 2792 dem
865 2735 914 2795 ihm
960 2738 1186 2798 befreundeten
1222 2741 1387 2801 Professor

234 2770 426 2830 Schnitzler,
449 2774 609 2834 stamme.
654 2780 708 2840 Da
742 2780 780 2840 er
815 2780 869 2840 dem
919 2782 1095 2842 Gelehrten
1152 2784 1228 2844 gern
1295 2786 1383 2846 einen

1432 300 1557 360 box
1636 303 1815 363 44/2

1468 1527 1830 1587 Freundschaftsdienst
1855 1527 1999 1587 erweisen
2030 1530 2157 1590 wollte,
2175 1533 2259 1593 naym
2309 1531 2338 1591 er
2363 1532 2416 1592 das
2447 1535 2544 1595 Stück
2568 1537 2622 1597 zur

1468 1568 1687 1628 Aufführung
1721 1571 1781 1631 an.

1553 1611 1611 1671 Als
1639 1613 1693 1673 der
1715 1614 1811 1674 junge
1834 1613 1942 1673 Artur
1964 1616 2061 1676 diesen
2094 1619 2310 1679 Tatbestand,
2332 1619 2391 1679 und
2424 1619 2504 1679 zwar
2532 1622 2613 1682 schon

1467 1655 1540 1715 nach
1573 1655 1625 1715 der
1657 1658 1889 1718 Vorstellung,
1916 1659 2048 1719 erfuhr,
2069 1661 2216 1721 wendete
2249 1664 2280 1724 er
2312 1664 2365 1724 sich
2397 1664 2539 1724 lächelnd
2576 1665 2612 1725 an

1466 1700 1620 1760 Direktor
1652 1703 1837 1763 Friedrich:
1868 1703 2017 1763 „Meinen
2054 1706 2167 1766 Eltern
2204 1707 2286 1767 habe
2318 1707 2358 1767 ich
2395 1709 2477 1769 mein
2519 1709 2611 1769 Leben

1463 1746 1492 1806 zu
1532 1744 1732 1804 verdanken,
1781 1744 1849 1804 jetzt
1879 1746 1977 1806 sogar
2012 1747 2080 1807 auch
2120 1750 2178 1810 das
2213 1750 2447 1810 Theaterleben
2487 1752 2614 1812 meines

1466 1784 1557 1844 ersten
1590 1789 1741 1849 Stückes.
1763 1789 1833 1849 Nun
1866 1789 1962 1849 haben
2001 1792 2038 1852 sie
2060 1795 2130 1855 ihre
2157 1794 2275 1854 Pflicht
2303 1795 2362 1855 und
2395 1795 2616 1855 Schuldigkeit

1459 1831 1577 1891 getan,
1594 1833 1654 1893 und
1687 1834 1724 1894 ich
1751 1834 1827 1894 kann
1860 1834 1924 1894 und
1952 1836 2054 1896 werde
2082 1837 2152 1897 mich
2185 1839 2238 1899 von
2271 1840 2336 1900 nun
2369 1840 2401 1900 ab
2429 1840 2488 1900 auf
2510 1840 2617 1900 eigene

1459 1876 1552 1936 Füße
1581 1876 1709 1936 stellen.

1551 1920 1725 1980 Schnitzler
1750 1921 1948 1981 beschäftigte
1979 1922 2027 1982 sich
2058 1924 2123 1984 eine
2154 1925 2305 1985 Zeitlang
2336 1927 2408 1987 auch
2445 1927 2505 1987 mit
2530 1929 2613 1989 Hyp¬

1458 1962 1531 2022 nose
1563 1961 1621 2021 und
1654 1965 1854 2025 Suggestion
1891 1965 1948 2025 und
1981 1967 2070 2027 schien
2108 1968 2155 2028 als
2187 1969 2409 2029 Hypnotiseur
2441 1972 2504 2032 eine
2531 1974 2615 2034 ganz

1458 2005 1631 2065 besondere
1658 2007 1758 2067 Kraft
1780 2010 2048 2070 auszuströmen.
2085 2010 2153 2070 Der
2180 2013 2401 2073 Niederschlag
2433 2016 2527 2076 dieser
2554 2016 2612 2076 an¬

1454 2049 1607 2109 regenden
1645 2049 1803 2109 Versuche
1830 2051 1899 2111 war
1931 2053 1999 2113 eine
2026 2057 2248 2117 medizinische
2281 2058 2407 2118 Arbeit:
2439 2061 2613 2121 „Behand¬

1449 2094 1530 2154 lung
1563 2091 1616 2151 der
1644 2094 1882 2154 funktionellen
1920 2097 2072 2157 Aphonie
2099 2098 2191 2158 durch
2224 2100 2413 2160 Hypnose".

1542 2137 1628 2197 Kurz
1657 2138 1731 2198 nach
1761 2138 1945 2198 Erscheinen
1980 2141 2078 2201 dieser
2107 2144 2343 2204 medizinischen
2384 2147 2499 2207 Arbeit
2522 2146 2608 2206 kom¬

1454 2179 1607 2239 ponierte
1630 2182 1828 2242 Schnitzler,
1852 2183 1906 2243 der
1935 2184 2006 2244 noch
2039 2188 2122 2248 nicht
2150 2189 2233 2249 recht
2261 2189 2387 2249 wußte,
2416 2190 2520 2250 wohin
2554 2189 2603 2249 ihn

1461 2224 1515 2284 sein
1548 2224 1617 2284 Weg
1645 2225 1757 2285 führen
1790 2227 1914 2287 werde,
1931 2228 2033 2288 einige
2061 2231 2233 2291 anmutige
2261 2234 2406 2294 Walzer.
2423 2234 2470 2294 Er
2493 2234 2600 2294 schrieb

1453 2267 1617 2327 außerdem
1659 2270 1733 2330 auch
1760 2271 1907 2331 Gedichte
1929 2272 1956 2332 im
1998 2276 2209 2336 Heine=Stil,
2226 2279 2347 2339 Skizzen
2380 2277 2442 2337 und
2470 2278 2612 2338 Dialoge

1456 2309 1478 2369 in
1513 2309 1642 2369 Pariser
1671 2314 1733 2374 Art
1762 2313 1824 2373 und
1853 2312 1897 2372 ein
1932 2317 2113 2377 Versstück:
2141 2321 2316 2381 „Alkandis
2346 2322 2458 2382 Lied",
2476 2321 2531 2381 das
2560 2321 2599 2381 an

1453 2353 1661 2413 Grillparzer
1688 2356 1852 2416 erinnert.

1538 2398 1640 2458 Seine
1672 2398 1749 2458 erste
1782 2401 1993 2461 Publikation
2039 2404 2173 2464 erschien
2225 2407 2250 2467 im
2302 2410 2404 2470 Jahre
2436 2407 2513 2467 1880
2559 2408 2590 2468 in

1456 2441 1666 2501 „Bayrischen
1693 2443 1807 2503 Freien
1834 2446 2045 2506 Landboten“
2073 2449 2132 2509 und
2159 2450 2186 2510 in
2213 2450 2261 2510 der
2289 2452 2429 2512 „Blauen
2457 2455 2575 2515 Donau

1448 2485 1480 2545 in
1513 2485 1626 2545 Wien,
1648 2487 1723 2547 dort
1751 2488 1929 2548 allerdings
1962 2491 2053 2551 unter
2086 2492 2140 2552 dem
2183 2494 2378 2554 Pseudonym
2427 2498 2610 2558 „Anatol“,

1449 2530 1509 2590 das
1542 2530 1652 2590 später
1686 2532 1785 2592 seinen
1824 2532 1940 2592 jungen
1973 2535 2067 2595 Ruhm
2117 2538 2337 2598 begründete.

1536 2574 1710 2634 Schnitzler
1745 2575 1834 2635 stand
1869 2577 1936 2637 also
1971 2580 1998 2640 zu
2039 2580 2140 2640 dieser
2180 2583 2253 2643 Zeit
2293 2583 2332 2643 am
2384 2586 2586 2646 Scheideweg

1448 2615 1516 2675 Und
1543 2615 1674 2675 trotzdem
1727 2619 1795 2679 war
1822 2620 1848 2680 es
1875 2622 1927 2682 für
1959 2623 2006 2683 ihn
2038 2623 2096 2683 kein
2128 2627 2354 2687 Scheideweg,
2376 2631 2454 2691 denn
2486 2631 2517 2691 er
2544 2631 2602 2691 hat

1446 2658 1497 2718 nie
1520 2661 1718 2721 aufgehört,
1741 2664 1786 2724 sich
1820 2664 1871 2724 als
1894 2667 1972 2727 Arzt
1996 2667 2024 2727 zu
2053 2667 2188 2727 fühlen.
2223 2670 2285 2730 Als
2314 2671 2364 2731 ihm
2404 2673 2466 2733 sein
2495 2676 2596 2736 Vater

1448 2701 1627 2761 Vorwürfe
1654 2706 1791 2766 machte,
1813 2708 1871 2768 daß
1903 2709 1997 2769 dieses
2030 2712 2252 2772 Doppelleben
2284 2715 2310 2775 zu
2348 2716 2448 2776 nichts
2480 2718 2585 2778 Guten

1447 2747 1554 2807 führen
1601 2748 1719 2808 könne,
1745 2752 1945 2812 antwortete
1977 2755 2173 2815 Schnitzler,
2209 2757 2270 2817 wie
2302 2762 2384 2822 ganz
2420 2762 2605 2822 natürlich:

1452 2794 1520 2854 „Ich
1556 2793 1630 2853 weiß
1659 2795 1716 2855 es,
1740 2798 1780 2858 ein
1809 2798 1907 2858 Arzt,
1925 2801 1976 2861 der
2005 2801 2074 2861 auch
2109 2802 2241 2862 dichtet,
2259 2805 2339 2865 wird
2369 2807 2593 2867 ebensowenig

2679 1537 2764 1597 ernst
2789 1539 3005 1599 genommen,
3031 1542 3092 1602 wie
3118 1544 3166 1604 ein
3198 1544 3290 1604 Dicht

2673 1580 2718 1640 ich
2748 1583 2822 1643 will
2846 1583 2909 1643 und
2938 1583 3042 1643 werde
3072 1586 3123 1646 dem
3170 1589 3285 1649 dichten

2675 1625 2808 1685 Dichter
2837 1625 2920 1685 Ehre
2949 1628 3138 1688 erweisen."

2767 1669 2868 1729 Schon
2897 1670 2948 1730 als
2977 1673 3056 1733 Kind
3084 1673 3152 1733 war
3181 1677 3282 1737 Schni

2676 1715 2942 1775 Burgtheaters.
2979 1716 3044 1776 Die
3075 1718 3178 1778 beiden
3215 1723 3287 1783 groß

2678 1756 2816 1816 nenthal
2843 1756 2906 1816 und
2934 1757 3028 1817 Ernst
3051 1762 3242 1822 Hartmann
3269 1764 3284 1824 n

2679 1801 2748 1861 ihn.
2795 1804 2910 1864 Dabei
2957 1804 3067 1864 waren
3126 1807 3166 1867 sie
3207 1808 3299 1868 jahre

2673 1843 2808 1903 Wesens
2837 1846 2899 1906 und
2933 1847 3080 1907 Leugner
3103 1850 3205 1910 seiner
3234 1852 3295 1912 Be¬

2679 1890 2774 1950 seinen
2815 1888 2945 1948 Werken
2985 1894 3235 1954 unvergeßliche
3264 1896 3280 1956 T

2764 1933 2981 1993 Sonnenthal
3009 1936 3129 1996 schrieb
3179 1938 3281 1998 einma

2673 1976 2785 2036 Brief,
2804 1976 2832 2036 in
2863 1978 2992 2038 welchem
3040 1978 3069 2038 er
3093 1980 3146 2040 ihm
3188 1982 3282 2042 mitte

2671 2019 2897 2079 untalentiert
2921 2022 2977 2082 sei,
2995 2022 3057 2082 und
3086 2026 3142 2086 daß
3171 2026 3204 2086 er
3227 2028 3278 2088 ihm

2670 2063 2721 2123 ben
2753 2064 2874 2124 könne,
2894 2067 2957 2127 auf
2984 2067 3085 2127 Artur
3111 2072 3207 2132 dahin
3246 2072 3283 2132 ein

2671 2109 2827 2169 laufbahn
2870 2112 2893 2172 zu
2930 2112 3111 2172 ergreifen.

2815 2150 2830 2210 r
2848 2153 2953 2213 Vater
2980 2156 3069 2216 zeigte
3095 2157 3194 2217 seinem
3244 2159 3284 2219 So

2666 2193 2719 2253 die
2743 2198 3111 2258 niederschmetternden
3148 2201 3249 2261 Zeilen

2669 2237 2881 2297 verzweifelt:
2909 2245 2982 2305 „Ich
3009 2243 3068 2303 soll
3095 2246 3175 2306 nicht
3202 2246 3295 2306 Dicht

2670 2282 2855 2342 Meinung.
2874 2287 2942 2347 Ja,
2961 2286 3029 2346 was
3061 2288 3116 2348 soll
3135 2290 3177 2350 ich
3210 2291 3264 2351 nun

2665 2327 2836 2387 Laufbahn
2875 2330 3028 2390 ergriffen
3078 2333 3207 2393 sondern
3251 2333 3287 2393 da

2666 2369 2727 2429 von
2759 2374 2844 2434 mir,
2863 2374 2925 2434 und
2956 2374 2999 2434 ich
3031 2377 3123 2437 gehe,
3142 2377 3247 2437 wohin
3278 2374 3296 2434 n

2750 2421 2791 2481 In
2834 2416 2937 2476 seiner
2968 2419 3100 2479 Jugend
3137 2422 3258 2482 machte

2662 2458 2712 2518 oft
2735 2460 2786 2520 den
2821 2461 3008 2521 Vorwurf,
3027 2464 3083 2524 daß
3118 2467 3146 2527 er
3175 2467 3202 2527 zu
3238 2467 3282 2527 ele

2660 2503 2856 2563 behauptete
2886 2506 3024 2566 immer,
3043 2508 3100 2568 daß
3135 2511 3181 2571 ein
3210 2512 3285 2572 jung

2659 2545 2714 2605 der
2737 2547 2886 2607 elegante
2909 2550 3042 2610 Kleider
3065 2550 3125 2610 und
3160 2555 3298 2615 kostbare

2660 2588 2737 2648 dazu
2775 2592 2968 2652 kostspielige
2999 2598 3254 2658 Gewohnheiten

2660 2634 2843 2694 sellschaften
2882 2638 2967 2698 sehen
3005 2640 3091 2700 läßt,
3116 2640 3171 2700 kein
3202 2643 3294 2703 guter

2663 2679 2707 2739 ein
2740 2679 2854 2739 solcher
2875 2682 2957 2742 Arzt
2977 2682 3034 2742 an,
3054 2685 3130 2745 auch
3157 2687 3233 2747 noch
3259 2687 3277 2747 D

2660 2723 2795 2783 bedingt
2820 2726 2862 2786 ein
2894 2725 3127 2785 „moderner",
3140 2729 3208 2789 also
3233 2731 3294 2791 nac

2657 2765 2704 2825 ein
2740 2769 2989 2829 „unzüchtiger"
3014 2771 3155 2831 Mensch.

2743 2813 2921 2873 Schnitzler
2944 2816 3101 2876 versuchte
3123 2822 3216 2882 gegen
3246 2822 3295 2882 die

2693 2922 2761 2982 fen,
2781 2926 2875 2986 lange
2908 2927 2983 2987 Zeit
3009 2930 3160 2990 hindurch
3186 2932 3286 2992 jedoch

2687 2963 2735 3023 ihn
2768 2965 2820 3025 für
2842 2968 2927 3028 einen
2966 2973 3185 3033 übermütigen
3218 2977 3281 3037 Cha

2686 3010 2877 3070 manchmal
2899 3011 2962 3071 irre
2989 3013 3020 3073 an
3053 3016 3100 3076 sich
3127 3017 3233 3077 selbst.

2686 3050 2749 3110 mer
2782 3053 2916 3113 wieder,
2938 3055 2975 3115 ob
3003 3056 3035 3116 er
3062 3061 3115 3121 den
3148 3063 3292 3123 richtigen

2689 3094 2738 3154 sich
2772 3095 2848 3155 über
2878 3097 2932 3157 alle
2961 3100 3099 3160 Zweifel
3122 3103 3265 3163 hinweg.

2681 3134 2756 3194 lasse
2789 3137 2864 3197 mich
2892 3138 2951 3198 von
2984 3142 3135 3202 keinerlei
3157 3147 3292 3207 Hemme

2681 3180 2870 3240 einflussen;
2898 3183 3001 3243 denn,
3023 3188 3115 3248 wenn
3154 3189 3224 3249 auch
3257 3189 3294 3249 Il

2682 3222 2780 3282 groß,
2804 3225 2861 3285 das
2890 3228 3064 3288 Große?",
3088 3231 3168 3291 dann
3209 3234 3284 3294 weiß

2681 3267 2736 3327 daß
2766 3267 2799 3327 es
2828 3269 2963 3329 dennoch
2992 3273 3065 3333 groß
3094 3274 3150 3334 ist.

2762 3313 2806 3373 In
2841 3315 3035 3375 Oesterreich
3069 3318 3143 3378 war
3172 3321 3229 3381 das
3263 3317 3279 3377 D

2678 3354 2738 3414 zeit
2761 3353 2832 3413 noch
2860 3357 2959 3417 große
2988 3359 3103 3419 Mode.
3126 3364 3280 3424 Schnitzle

2669 3396 2817 3456 richtung
2844 3399 2988 3459 Sturm,
3004 3405 3184 3465 allerdings
3217 3410 3275 3470 nur

2674 3437 2715 3497 Im
2770 3445 3052 3505 „Zwischenspiel"
3083 3451 3179 3511 speist
3203 3452 3233 3512 er
3264 3452 3293 3512 de

2671 3487 2995 3547 Lieblingsfiguren,
3023 3492 3081 3552 mit
3109 3495 3276 3555 folgendem

2757 3531 2834 3591 „Ich
2862 3532 2962 3592 denke
2990 3535 3123 3595 immer,
3145 3538 3178 3598 es
3212 3541 3289 3601 hand

2666 3570 2727 3630 nun
2759 3570 2828 3630 sehe
2847 3576 2915 3636 ich,
2935 3577 2965 3637 du
2997 3578 3096 3638 willst
3122 3582 3172 3642 ihm
3216 3583 3277 3643 ans

2752 3618 2930 3678 Schnitzler
2958 3622 3069 3682 schrieb
3104 3625 3142 3685 u.
3159 3625 3192 3685 a.
3221 3626 3292 3686 auch

2663 3657 2740 3717 ben,
2762 3659 2813 3719 die
2840 3661 2866 3721 er
2897 3664 2995 3724 unter
3022 3665 3068 3725 dem
3116 3669 3287 3729 Sammeln

2662 3702 2770 3762 faßte.
2817 3706 2900 3766 „Die
2926 3709 3034 3769 Dirne
3066 3710 3128 3770 und
3159 3712 3210 3772 der
3242 3712 3288 3772 So

2667 3746 2972 3806 Stubenmädchen;
2999 3752 3060 3812 das
3092 3756 3283 3816 Stubenmä

2662 3787 2718 3847 der
2745 3792 2843 3852 junge
2875 3792 2958 3852 Herr
2989 3795 3051 3855 und
3088 3797 3135 3857 die
3161 3799 3259 3859 junge

2664 3831 2715 3891 der
2742 3834 2855 3894 Gatte;
2882 3837 2934 3897 der
2960 3840 3058 3900 Gatte
3085 3840 3146 3900 und
3179 3843 3235 3903 das
3267 3844 3287 3904 sü

2661 3876 2720 3936 und
2753 3877 2807 3937 der
2834 3882 2986 3942 Dichter;
3025 3883 3078 3943 der
3112 3885 3236 3945 Dichter
3263 3888 3279 3948 u

2660 3920 2922 3980 Schauspielerin
2962 3926 3024 3986 und
3063 3927 3113 3987 der
3148 3929 3253 3989 Graf;

2653 3962 2724 4022 Der
2747 3965 2847 4025 Kreis
2876 3965 2915 4025 ist
2943 3970 3065 4030 wieder
3094 3976 3300 4036 geschlossen.

2739 4007 2798 4067 Als
2826 4010 2895 4070 man
2929 4016 3107 4076 Schnitzler
3135 4017 3183 4077 den
3216 4019 3286 4079 Vor

2658 4051 2779 4111 Szenen
2819 4055 2885 4115 rein
2924 4058 2985 4118 gar
3019 4058 3118 4118 nichts
3152 4062 3284 4122 geschieh

2662 4097 2876 4157 „Tatsächlich
2906 4100 3061 4160 geschieht
3092 4103 3212 4163 nichts,
3236 4101 3299 4161 nur

2658 4138 2776 4198 dieses,
2805 4140 2863 4200 wie
2897 4138 2972 4198 „es"
3000 4147 3167 4207 geschieht,
3190 4144 3249 4204 wie
3271 4141 3292 4201 d

2805 4186 2976 4246 en
