3392 4352
168 305 298 365 12.

370 306 941 366 Schnitzler's
1012 303 1242 363 Deatl

1466 297 1596 357 box
1671 297 1859 357 44/2

2494 133 2522 193 J

2240 146 2390 206 WIEN.

2339 187 2556 247 TELEPHON
2592 175 2765 235 R-23-0-43

2145 339 2369 399 Ausschnitt
2386 330 2478 390 aus:
2512 330 3011 390 AEENDAUSGABE

2346 474 2606 534 ORRLIENE
2633 441 2906 501 TAGVBLAT

2713 550 2804 610 92.
2822 524 2929 584 UKl.
2963 504 3023 564 19

2169 564 2279 624 vom:

2077 706 2142 766 SC

2652 714 2914 774 HAUS.

2338 738 2818 798 en.

2577 784 2788 844 WIEN,
2805 789 2857 849 22.
2874 786 3021 846 Oktober.

1971 831 1995 891 lu
2036 831 2086 891 dom
2127 831 2242 891 Monal,
2268 833 2318 893 den
2349 834 2384 894 er
2415 834 2444 894 um
2485 837 2606 897 meisten
2642 834 2742 894 heble,
2768 837 2808 897 ist
2829 840 2995 900 Schnitzler
3025 840 3075 900 gue

1914 871 1991 931 Wien
2023 873 2072 933 und
2100 873 2149 933 der
2172 873 2244 933 Welt
2267 875 2498 935 weggegangen.
2531 878 2562 938 Im
2594 879 2725 939 Oktober
2748 879 2784 939 ist
2802 879 2879 939 diese
2907 882 2983 942 Welt
3002 882 3069 942 noch

1913 916 1996 976 bunt,
2016 918 2137 978 obwohl
2156 918 2193 978 sie
2222 920 2273 980 zum
2311 920 2385 980 Tode
2414 920 2568 980 verurteilt
2588 923 2638 983 ist,
2658 924 2704 984 der
2728 924 2896 984 November
2920 924 2971 984 hat
2995 927 3078 987 keine

1912 959 2056 1019 Aussicht
2080 962 2181 1022 mehr,
2201 962 2258 1022 auf
2282 962 2330 1022 die
2360 964 2576 1024 Häuserhügel
2600 965 2657 1025 und
2687 965 2778 1025 Täler
2807 968 2908 1028 Wiens
2942 968 2994 1028 und
3029 969 3081 1029 auf

1914 1004 2128 1064 Weiterleben.
2170 1004 2230 1064 Den
2268 1007 2454 1067 blätterlosen
2487 1008 2598 1068 Herbst
2622 1010 2673 1070 bat
2697 1011 2859 1071 Schnitzler
2892 1013 2971 1073 nicht
2995 1013 3078 1073 mehr

1911 1049 2104 1109 abgowartet.
2138 1050 2184 1110 Er
2205 1052 2244 1112 ist
2265 1052 2324 1112 mit
2338 1053 2371 1113 se
2425 1056 2451 1116 u
2478 1058 2572 1118 etillen
2600 1055 2726 1115 Gostcht
2740 1057 2799 1117 aus
2827 1058 2906 1118 Wien
2933 1059 2993 1119 und
3020 1058 3073 1118 aus

1912 1094 2096 1154 Oesterreich
2132 1095 2366 1155 kortgegangen.

1966 1142 2021 1202 Die
2049 1142 2143 1202 klelue
2171 1142 2248 1202 Villu
2276 1145 2297 1205 in
2326 1145 2375 1205 der
2398 1147 2708 1207 Steruwartestrasse!
2747 1149 2807 1209 Das
2830 1150 2979 1210 geliebte,
2996 1149 3079 1209 teure

1917 1184 1991 1244 Haus
2022 1185 2117 1245 stiller
2153 1184 2208 1244 und
2239 1187 2364 1247 stillster
2400 1191 2666 1251 Zwiegespräche!
2712 1192 2752 1252 Es
2783 1194 2858 1254 liegt
2888 1193 2943 1253 mit
2974 1193 3074 1253 seinen

1910 1229 2030 1289 schönen
2068 1231 2194 1291 Bäumen
2232 1231 2287 1291 wie
2316 1234 2399 1294 sonst
2428 1235 2479 1295 und
2517 1236 2600 1296 woiss
2629 1237 2740 1297 nichts.
2778 1237 2862 1297 Doch
2895 1237 2946 1297 der
2974 1237 3085 1297 Raum,

1914 1273 1929 1333 in
1965 1273 2016 1333 dem
2058 1273 2094 1333 ein
2126 1274 2249 1334 Dichter
2275 1276 2353 1336 lebt,
2374 1277 2456 1337 weiss
2483 1279 2554 1339 alles
2586 1281 2632 1341 von
2663 1282 2741 1342 ihm,
2762 1280 2854 1340 keunt
2876 1282 2989 1342 Anfang
3020 1284 3076 1344 und

1909 1316 2006 1376 Ende.
2049 1317 2086 1377 Er
2119 1318 2198 1378 färbt
2227 1320 2282 1380 sich
2320 1321 2366 1381 vom
2414 1323 2511 1383 Hauch
2549 1321 2647 1381 dieser
2680 1324 2862 1384 Gedanken.
2904 1327 2983 1387 Dach
3026 1324 3081 1384 und

1911 1360 2029 1420 Mauern
2060 1362 2188 1422 gehören
2223 1362 2271 1422 zum
2320 1365 2439 1425 Dichter
2470 1365 2527 1425 wie
2558 1365 2637 1425 seine
2668 1368 2751 1428 Hand
2787 1366 2840 1426 und
2875 1368 2954 1428 seine
2990 1368 3086 1428 Stiru.

1911 1404 1963 1464 Die
1994 1405 2289 1465 Steruwartestrasse
2321 1408 2373 1468 hat
2395 1410 2474 1470 ihren
2510 1410 2615 1470 Namen
2651 1410 2703 1470 vom
2748 1413 3003 1473 astronomischen
3035 1411 3087 1471 In¬

1907 1449 1993 1509 stitut
2027 1449 2074 1509 der
2109 1449 2228 1509 Wiener
2257 1453 2458 1513 Universitüt.
2502 1455 2559 1515 Das
2588 1455 2631 1515 iet
2660 1455 2703 1515 ein
2737 1458 2823 1518 guter
2857 1458 3082 1518 Strassennamo

1910 1496 1956 1556 für
1985 1494 2035 1554 das
2064 1494 2142 1554 Haus
2166 1497 2249 1557 eines
2273 1499 2393 1559 grossen
2426 1500 2612 1560 Erkenners.
2650 1500 2733 1560 Deun
2761 1500 2802 1560 din
2835 1500 3063 1560 Observatorium

1914 1536 1960 1596 der
1991 1541 2109 1601 Worte:
2131 1539 2182 1599 das
2208 1540 2270 1600 war
2296 1542 2481 1602 Schnitzlers
2503 1543 2605 1603 Haus.
2642 1542 2719 1602 Hier
2746 1544 2890 1604 wurden,
2901 1544 2946 1604 die
2978 1545 3081 1605 Worte

1909 1583 2071 1643 gewartet,
2090 1583 2243 1643 geweldet
2272 1586 2324 1646 und
2358 1586 2511 1646 gemessen
2550 1585 2602 1645 wie
2627 1586 2731 1646 Sterne
2760 1589 2813 1649 dos
2842 1589 3085 1649 Makrokosmue.

1970 1628 2036 1688 Aus
2057 1627 2160 1687 diesem
2202 1628 2273 1688 Heim
2315 1628 2366 1688 der
2387 1628 2505 1688 Bücher
2531 1628 2588 1688 und
2614 1628 2716 1688 Worte
2743 1631 2784 1691 ist
2805 1631 2835 1691 er
2862 1631 2928 1691 noch
2960 1634 3083 1694 gestern

1911 1670 2065 1730 spazieren
2104 1671 2286 1731 gegangen,
2316 1673 2435 1733 wenige
2470 1673 2604 1733 Stunden
2647 1673 2700 1733 vor
2735 1674 2845 1734 selnem
2893 1676 2998 1736 Tode:
3028 1675 3080 1735 den

1912 1714 2010 1774 alten,
2030 1715 2230 1775 vieljährigen
2260 1715 2486 1775 Spaziergang,
2506 1718 2559 1778 den
2594 1718 2657 1778 man
2687 1718 2756 1778 bald
2791 1718 3060 1778 „Schnitzler-Weg

1913 1756 2028 1816 nennen
2066 1755 2159 1815 wird.
2206 1756 2267 1816 Den
2309 1756 2373 1816 Weg
2411 1757 2499 1817 durch
2537 1759 2593 1819 das
2626 1760 2766 1820 Cottage,
2794 1760 2845 1820 das
2882 1762 3003 1822 Viertel
3032 1763 3087 1823 der

1913 1802 2063 1862 Reichen,
2078 1801 2158 1861 darin
2189 1801 2219 1861 so
2239 1801 2309 1861 viel
2325 1802 2430 1862 seiner
2455 1804 2550 1864 Kunst
2571 1803 2626 1863 sich
2656 1804 2807 1864 abspielt.
2837 1804 3008 1864 Schnitzler
3033 1807 3088 1867 hat

1913 1844 1965 1904 das
1998 1844 2229 1904 Villenviertel,
2251 1846 2298 1906 die
2330 1846 2419 1906 Stadt
2446 1849 2498 1909 der
2531 1847 2651 1907 reichen
2683 1847 2778 1907 Leute
2810 1849 2931 1909 Wiens,
2953 1851 3084 1911 gelieht,

1908 1891 1959 1951 hat
1983 1891 2017 1951 es
2047 1891 2115 1951 auch
2151 1890 2231 1950 sanft
2255 1890 2440 1950 vorspottet.
2487 1891 2526 1951 Er
2573 1894 2631 1954 hat
2661 1894 2741 1954 jede
2770 1894 2932 1954 Kloinhelt
2973 1896 3076 1956 dieses

1912 1933 2026 1993 Lebens
2066 1933 2225 1993 aufrichtig
2272 1934 2335 1994 eine
2374 1936 2540 1996 Kleinheit
2566 1936 2720 1996 genannt,
2753 1938 2804 1998 hat
2836 1939 2912 1999 aher
2946 1940 3073 2000 grossen

1934 2046 2077 2106 Schmerz
2102 2046 2312 2106 empfunden,
2332 2045 2403 2105 dass
2432 2043 2475 2103 sie
2509 2044 2595 2104 kelne
2629 2043 2743 2103 Grösse
2778 2041 2854 2101 war.
2897 2043 2964 2103 Wie
2994 2043 3103 2103 richtig

1929 2091 2066 2151 stimmen
2102 2088 2181 2148 Mass
2213 2088 2271 2148 und
2307 2088 2453 2148 Gowicht
2480 2088 2506 2148 in
2542 2088 2586 2148 all
2613 2088 2666 2148 den
2702 2088 2946 2148 geschriebenen
2987 2085 3110 2145 Schick¬

1940 2133 2033 2193 balen,
2052 2135 2098 2195 die
2127 2132 2159 2192 er
2183 2131 2239 2191 auf
2258 2133 2304 2193 die
2333 2133 2440 2193 Bühne
2469 2130 2590 2190 gestellt
2614 2133 2679 2193 hat,
2703 2131 2759 2191 und
2787 2130 2838 2190 die
2867 2130 2899 2190 er
2923 2130 2951 2190 im
2993 2130 3100 2190 Roman

1936 2177 2099 2237 hinseizte!
2153 2177 2223 2237 Was
2254 2177 2306 2237 für
2343 2177 2386 2237 ein
2431 2174 2598 2234 gerechter
2634 2174 2841 2234 Wortesetzer
2891 2173 2952 2233 war
2988 2172 3106 2232 Arthur

1931 2221 2116 2281 Schnitzler,
2139 2219 2193 2279 von
2230 2220 2284 2280 dem
2330 2219 2474 2279 manchor
2506 2220 2606 2280 sagte,
2629 2219 2665 2279 er
2692 2219 2796 2279 konne
2828 2217 2882 2277 nur
2914 2216 2959 2276 die
2996 2217 3104 2277 eigene

1934 2264 2073 2324 Schicht.
2120 2264 2231 2324 Mochte
2274 2264 2339 2324 dies
2377 2264 2544 2324 etimmon:
2582 2264 2614 2324 er
2661 2264 2716 2324 hat
2759 2264 2842 2324 diese
2880 2262 3010 2322 Schicht
3053 2261 3108 2321 der

1939 2307 2064 2367 Reichon
2098 2306 2228 2366 piemals
2257 2307 2469 2367 überschützt.

1988 2354 2273 2414 Stornwartestrasse
2305 2353 2362 2413 71!
2404 2353 2465 2413 Dus
2498 2353 2539 2413 ist
2565 2353 2606 2413 ein
2644 2353 2741 2413 Kaus,
2763 2353 2820 2413 das
2846 2350 2929 2410 zwar
2960 2351 2986 2411 in
3018 2350 3100 2410 Wien

1935 2399 2023 2459 liegt,
2043 2400 2094 2460 dos
2122 2400 2252 2460 zugleich
2286 2398 2355 2458 such
2393 2397 2552 2457 anderswo
2580 2398 2669 2458 liegt,
2693 2396 2766 2456 weil
2786 2398 2818 2458 es
2842 2396 2874 2456 am
2917 2395 3019 2455 Rande
3048 2395 3080 2455 un

1934 2443 2082 2503 oberhalb
2111 2442 2166 2502 der
2190 2442 2283 2502 Stadt
2307 2443 2394 2503 liet.
2428 2441 2465 2501 Es
2493 2441 2553 2501 war
2582 2440 2637 2500 das
2666 2440 2749 2500 Haus
2778 2440 2861 2500 einos
2889 2440 3113 2500 Observatore,

1935 2490 1987 2550 der
2012 2488 2131 2548 abends
2160 2488 2203 2548 die
2232 2485 2423 2545 Lichtkotten
2458 2486 2562 2546 ferner
2582 2485 2744 2545 Stracsen,
2764 2485 2850 2545 wonn
2879 2484 2922 2544 sie
2951 2483 3008 2543 uus
3037 2482 3089 2542 dem

1935 2532 2037 2592 Nebel
2061 2531 2219 2591 tauchten,
2248 2531 2279 2591 zu
2313 2532 2489 2592 betrachten
2532 2532 2583 2592 und
2621 2530 2839 2590 anzuträumen
2877 2526 2989 2586 liebte.
3022 2527 3109 2587 Elnst

1934 2579 2024 2639 Arst.
2044 2577 2120 2637 dann
2149 2574 2340 2634 Dichter-iat
2364 2574 2392 2634 er
2417 2574 2579 2634 gewosen.
2603 2574 2684 2634 Stets
2708 2571 2866 2631 Musiker!
2895 2571 2932 2631 Em
2976 2571 3099 2631 Billeoth

1929 2622 1980 2682 der
2004 2620 2107 2680 Seele,
2126 2622 2168 2682 ein
2196 2619 2304 2679 echter
2328 2617 2468 2677 Wiener,
2483 2619 2553 2679 der,
2572 2618 2665 2678 bevor
2689 2618 2722 2678 er
2741 2616 2796 2676 das
2820 2616 2933 2676 Messer
2957 2616 3036 2676 nahm
3074 2613 3088 2673 —

1936 2667 1988 2727 das
2012 2664 2175 2724 sierliche,
2194 2664 2271 2724 aber
2295 2664 2414 2724 scharfe
2444 2661 2563 2721 Messer
2587 2661 2635 2721 —,
2655 2661 2702 2721 die
2731 2661 2865 2721 Stellen,
2885 2661 2918 2721 au
2947 2661 3047 2721 denen
3076 2659 3109 2719 er

1935 2709 2074 2769 unsetzen
2113 2709 2228 2769 wollto,
2257 2709 2286 2769 in
2320 2709 2392 2769 tiefe
2426 2706 2724 2766 fichmerzlosigkeit
2753 2703 2868 2763 hüllte.
2903 2703 2989 2763 Denn
3028 2703 3109 2763 jedes

1946 2751 2008 2811 Woh
2037 2753 2065 2813 in
2094 2752 2194 2812 seinen
2228 2752 2357 2812 Dramen
2386 2750 2467 2810 heilt
2487 2748 2543 2808 sich
2573 2750 2625 2810 von
2659 2747 2769 2807 seibst,
2788 2747 2888 2807 bleibt
2913 2747 2993 2807 nicht
3018 2746 3103 2806 lange

1941 2795 2031 2855 Weh.
2068 2795 2131 2855 Und
2168 2792 2222 2852 wie
2259 2793 2290 2853 er
2322 2792 2367 2852 als
2404 2792 2531 2852 Dichter
2563 2791 2608 2851 ein
2649 2789 2767 2849 wahrer
2804 2790 2890 2850 Arzt,
2917 2789 2962 2849 ein
2999 2789 3112 2849 weiser

1946 2840 2170 2900 Hypokratiker
2195 2836 2276 2896 war,
2296 2837 2324 2897 6o
2348 2837 2453 2897 schlen
2487 2835 2544 2895 sein
2573 2834 2764 2894 Mencchsein
2794 2831 2889 2891 voller
2918 2834 3033 2894 Musik.
3052 2831 3109 2891 Dor

1944 2885 2079 2945 Wechsel
2115 2882 2266 2942 zwlschen
2302 2883 2362 2943 Dur
2408 2882 2468 2942 und
2504 2881 2590 2941 Moll,
2626 2879 2701 2939 den,
2737 2879 2913 2939 manohmul
2944 2881 2969 2941 in
3010 2879 3095 2939 einom

1936 2929 2063 2989 einrigen
2097 2928 2190 2988 Takt,
2213 2927 2335 2987 Arthyr
2364 2927 2546 2987 Schnitzlers
2580 2926 2752 2986 Gespräche
2791 2924 2918 2984 kannien
2963 2924 2979 2984 —
3041 2924 3106 2984 man

1943 2974 2053 3034 kannte
2078 2974 2123 3034 ihn
2159 2971 2208 3031 aus
2239 2973 2294 3033 den
2325 2970 2450 3030 Werken
2486 2971 2581 3031 Franz
2607 2968 2787 3028 Schaberis.

1999 3024 2075 3084 „Der
2102 3022 2163 3082 Ruf
2185 3022 2230 3082 des
2257 3019 2396 3079 Lebeus“
2422 3019 2504 3079 hiess
2530 3018 2582 3078 das
2603 3016 2710 3076 Stück,
2726 3016 2778 3076 das
2804 3017 2834 3077 er
2861 3016 2870 3076 —
2912 3016 3108 3076 freundliche

1940 3067 2064 3127 Ironie!
2093 3064 2107 3124 —
2160 3064 2217 3124 der
2251 3064 2428 3124 Sekretärin
2466 3063 2519 3123 von
2557 3063 2653 3123 neuem
2706 3061 2858 3121 diktieren
2897 3058 3016 3118 wollte.
3055 3061 3107 3121 Ihn

1939 3109 1999 3169 rief
2025 3109 2105 3169 nicht
2126 3109 2176 3169 das
2207 3109 2323 3169 Leben,
2344 3108 2394 3168 ihn
2425 3106 2480 3166 rief
2506 3106 2557 3166 der
2583 3106 2668 3166 Tod:
2684 3106 2774 3166 jones
2795 3104 2886 3164 Reich
2912 3103 2967 3163 des
2993 3103 3109 3163 ewigen

1941 3153 2062 3213 Mohns,
2099 3153 2199 3213 wohin
2247 3153 2294 3213 ihm
2353 3153 2400 3213 die
2442 3152 2579 3212 geliebte
2616 3147 2748 3207 Tochter
2791 3148 2948 3208 freiwillig
2986 3147 3117 3207 voraus¬

2627 3195 2773 3255 Heinrich
2807 3195 2930 3255 Eduord
2959 3194 3077 3254 Jacab.

1941 3204 2097 3264 gogangen
2139 3198 2201 3258 war

2293 3288 2388 3348 DER
2450 3288 2762 3348 NACHLASS.

2000 3355 2064 3415 Aus
2094 3353 2176 3413 Wien
2206 3353 2282 3413 wird
2312 3353 2370 3413 uns
2394 3350 2570 3410 berichtet:
2606 3350 2641 3410 Im
2694 3350 2847 3410 Nachlass
2894 3350 2947 3410 von
2994 3351 3111 3411 thur

1947 3400 2108 3460 Schnitzler
2134 3398 2274 3458 befindet
2295 3398 2350 3458 sich
2381 3395 2426 3455 ein
2457 3395 2638 3455 Schauspiel
2664 3394 2719 3454 mit
2740 3392 2789 3452 dem
2831 3392 2931 3452 Titel:
2952 3394 3032 3454 „Der
3058 3395 3113 3455 Zug

1942 3443 1994 3503 der
2018 3442 2190 3502 Schatten.“
2228 3440 2266 3500 Es
2290 3440 2333 3500 ist
2352 3438 2438 3498 nicht
2457 3438 2605 3498 bekannt,
2620 3437 2653 3497 ob
2677 3435 2710 3495 es
2734 3436 2891 3496 vollendet
2911 3434 2963 3494 ist.
2987 3437 3121 3497 Ausser¬

1941 3488 1992 3548 dem
2039 3488 2090 3548 hat
2114 3484 2287 3544 Schnitzler
2325 3483 2343 3543 n
2376 3482 2432 3542 der
2461 3482 2568 3542 letzten
2601 3482 2671 3542 Zeit
2704 3482 2778 3542 auch
2821 3482 2853 3542 an
2901 3479 2989 3539 einer
3027 3479 3125 3539 Auto¬

1937 3530 2122 3590 biographle
2150 3529 2208 3589 und
2236 3529 2267 3589 an
2300 3527 2386 3587 einem
2428 3527 2536 3587 Roman
2564 3523 2754 3583 gearbeitet,
2778 3523 2827 3583 der
2855 3525 2927 3585 über
2955 3524 3122 3584 Fragment

1936 3574 2097 3634 geblieben
2131 3574 2186 3634 ist;
2208 3573 2313 3633 ferner
2337 3572 2481 3632 befiuden
2515 3571 2570 3631 sich
2604 3571 2631 3631 im
2671 3571 2821 3631 Nachlass
2844 3571 3015 3631 zahlreiche
3044 3570 3121 3630 Auf¬

1939 3619 2178 3679 zeschnungen.

2004 3664 2109 3724 Arthur
2131 3661 2303 3721 Schnitzler
2320 3660 2375 3720 hat
2393 3660 2481 3720 schon
2509 3661 2565 3721 vor
2588 3660 2699 3720 Jahren
2727 3658 2776 3718 den
2805 3658 3032 3718 Dramaturgon
3061 3654 3115 3714 der

1946 3709 2074 3769 Reinhar
2089 3706 2271 3766 it-Bühnen,
2291 3706 2349 3766 Dr.
2370 3706 2467 3766 Franz
2493 3703 2611 3763 Horch,
2631 3701 2684 3761 mit
2710 3701 2763 3761 der
2788 3701 2990 3761 Verwaltung
3015 3698 3118 3758 seines

1946 3750 2124 3810 Nachlasses
2153 3749 2292 3809 betraut.
2336 3747 2393 3807 Dr.
2417 3746 2513 3806 Horch
2547 3744 2590 3804 ist
2614 3744 2706 3804 heute
2740 3744 2845 3804 mittag
2879 3745 2903 3805 in
2937 3743 3023 3803 Wien
3057 3741 3124 3801 olu¬

1943 3795 2110 3855 getroffen,
2138 3792 2174 3852 um
2215 3791 2265 3851 die
2298 3792 2447 3852 Sichtung
2484 3789 2533 3849 des
2566 3787 2747 3847 Nachlasses
2780 3786 3029 3846 vorzunehmen.
3071 3786 3102 3846 Im

1947 3840 2199 3900 Schreibzimmer
2222 3834 2407 3894 Schnitzlers
2434 3831 2575 3891 befindet
2593 3831 2655 3891 sich
2682 3831 2725 3891 ein
2757 3831 2880 3891 grosser
2903 3831 3035 3891 Schrank
3067 3829 3124 3889 mit

1948 3883 2041 3943 vielen
2071 3882 2184 3942 Laden.
2224 3882 2253 3942 In
2278 3882 2366 3942 joder
2387 3882 2489 3942 dieser
2514 3880 2608 3940 Laden
2638 3879 2676 3939 ist
2697 3879 2741 3939 ein
2771 3876 2967 3936 Manuekript
2987 3876 3124 3936 Schuitz¬

1945 3929 2006 3989 lors
2033 3924 2245 3984 aufbewahrt.

2009 3969 2079 4029 Eine
2103 3969 2220 4029 Anzahl
2239 3968 2291 4028 von
2315 3965 2544 4025 Manuskripten
2568 3965 2620 4025 hat
2633 3964 2803 4024 Schnitzler
2821 3962 2920 4022 seinen
2950 3961 3108 4021 Freunden

1945 4013 2133 4073 geschenkt.
2169 4013 2210 4073 So
2246 4013 2357 4073 besitzt
2387 4013 2493 4073 Stefan
2529 4013 2634 4073 Zweig
2670 4010 2740 4070 eine
2777 4010 2953 4070 Sammlung
2995 4009 3112 4069 solcher

1942 4061 2180 4121 Mauuskripte.
