3344 4352
157 297 285 357 12.
336 300 936 360 Schnitzler's
996 297 1225 357 Death

1449 297 1572 357 box
1650 300 1836 360 44/2

256 1267 300 1327 die
328 1270 444 1330 Halle,
481 1270 515 1330 um
570 1272 641 1332 nach
669 1275 775 1335 kurzer
804 1279 1001 1339 Begrüßung
1055 1279 1134 1339 einen

1189 1285 1266 1345 öhge.
1294 1285 1331 1345 Zu
1359 1285 1410 1345 den
1440 1289 1556 1349 Dingen
1584 1291 1635 1351 des
1663 1294 1820 1354 Theaterg
1835 1294 2084 1354 zursclechrenb,
2112 1299 2230 1359 Dchter
2258 1300 2335 1360 sieht
2350 1303 2481 1363 dennoch
2496 1304 2533 1364 imn
2561 1307 2651 1367 Lager
2679 1309 2730 1369 der
2760 1309 2889 1369 Zugend,
2904 1312 2994 1372 deren

246 1309 460 1369 Spaziergang
517 1313 764 1373 vorzuschlagen.
804 1318 871 1378 „Im
934 1319 1040 1379 Spiel
1086 1322 1137 1382 der
1177 1324 1289 1384 kommt
1312 1325 1362 1385 das
1391 1326 1536 1386 Gespräch
1565 1330 1615 1390 auf
1633 1330 1683 1390 den
1712 1334 1959 1394 amerikanischen
1989 1334 2072 1394 Dra=
2101 1337 2185 1397 Nöte
2214 1343 2247 1403 er
2282 1344 2410 1404 warmen
2451 1348 2585 1408 Herzens
2620 1353 2855 1413 mitempfindet.

238 1347 490 1407 Sommerlüfte“
523 1350 598 1410 liegt
626 1351 674 1411 der
707 1356 992 1416 St.=Moritz=See,
1015 1359 1143 1419 sonnen=
1171 1363 1305 1423 matiker
1332 1363 1467 1423 O'Neill
1489 1367 1542 1427 und
1575 1370 1661 1430 dessen
1694 1371 1882 1431 „Seltsames
1910 1374 2071 1434 Zwischen¬

234 1386 461 1446 überblendet,
478 1389 530 1449 von
567 1392 684 1452 leichtem
726 1395 816 1455 Wind
843 1398 1028 1458 gekräuselt,
1050 1398 1144 1458 gebet¬

2156 1388 2227 1448 Das
2258 1392 2391 1452 Problem
2434 1397 2639 1457 Rußland
2670 1401 2839 1461 beschäftigt
2864 1404 2996 1464 Schnitz¬

1167 1404 1280 1464 spiel".
1306 1407 1476 1467 Schnitzler
1513 1410 1668 1470 moquiert
1699 1413 1751 1473 sich
1788 1413 1864 1473 über
1902 1414 1942 1474 die
1979 1413 2071 1473 „Ent¬

234 1425 288 1485 tet
309 1428 334 1488 in
364 1428 490 1488 waldige
520 1431 635 1491 Berge,
656 1434 742 1494 deren
773 1437 883 1497 Gipfel
903 1439 1139 1499 morgendlicher

2173 1428 2243 1488 Er
2274 1432 2401 1492 glaubt,
2448 1434 2503 1494 daß
2539 1437 2676 1497 manches
2712 1440 2793 1500 Gute
2829 1443 2854 1503 im
2906 1445 2991 1505 neuen

1168 1443 1308 1503 deckung"
1346 1443 1394 1503 der
1427 1449 1773 1509 Psychoanalyse
1800 1454 1886 1514 durch
1919 1455 1967 1515 den
2006 1454 2059 1514 klei

2094 1470 2248 1530 Rußland
2275 1473 2423 1533 geschähe,
2444 1476 2497 1536 wie
2524 1478 2566 1538 ihm
2615 1479 2677 1539 auch
2710 1480 2794 1540 Emil
2816 1485 2996 1545 Ludwig

238 1465 409 1525 Neuschnee
442 1470 545 1530 krönt.
572 1471 776 1531 Hotelpaläste
809 1476 998 1536 synkopieren
1047 1473 1143 1533 Hroff
1172 1481 1230 1541 nen
1263 1484 1381 1544 Moritz
1409 1488 1463 1548 aus
1496 1489 1651 1549 Amerika,
1673 1491 1700 1551 in
1727 1492 1808 1552 Form
1857 1494 2067 1554 Molidrescher

2097 1509 2153 1569 aus
2185 1512 2303 1572 eigener
2335 1515 2531 1575 Anschauung
2563 1518 2738 1578 berichtete,
2760 1521 2831 1581 aber
2858 1524 2889 1584 er
2920 1524 2976 1584 lehn

238 1506 284 1566 die
315 1509 502 1569 Landschaft.
521 1510 691 1570 Schnitzler
721 1515 832 1575 beklagt
856 1517 903 1577 die
927 1519 1014 1579 arme
1039 1521 1186 1581 Nach¬à
1216 1524 1327 1584 parts.
1369 1525 1492 1585 Ebenso
1528 1529 1669 1589 amüsant
1699 1532 1792 1592 findet
1823 1535 1993 1595 Schnitzler
2029 1536 2076 1596 es,
2100 1543 2152 1603 den
2188 1551 2441 1611 Bolschewismus
2477 1553 2523 1613 als
2559 1556 2682 1616 Mord
2712 1559 2759 1619 am
2801 1561 2924 1621 Geist
2948 1564 3000 1624 ab.

234 1544 326 1604 welt,
347 1547 408 1607 die,
429 1547 486 1607 auf
512 1547 563 1607 den
600 1552 728 1612 Spuren
780 1555 903 1615 unserer
950 1557 1130 1617 verlorenen
1172 1560 1259 1620 wenn
1291 1565 1501 1625 ausländische
1522 1567 1661 1627 Kritiker
1687 1570 1707 1630 in
1739 1571 1784 1631 ihm
1832 1573 1908 1633 einen
1940 1574 2073 1634 Schüler

237 1589 311 1649 Zeit
338 1589 512 1649 wandelnd,
534 1592 698 1652 angesichts
730 1595 819 1655 dieses
847 1597 973 1657 stillosen
1006 1598 1137 1658 Konglo¬

2099 1589 2253 1649 Während
2310 1592 2371 1652 wir
2424 1593 2485 1653 ung
2522 1595 2573 1655 dem
2625 1599 2893 1659 Ausgangspunkt
2940 1601 2991 1661 des

1167 1601 1221 1661 der
1252 1604 1494 1664 Psychvanalyse
1525 1610 1716 1670 mutmaßen.
1742 1613 1893 1673 Dichtung
1934 1614 1974 1674 sei
1999 1613 2054 1673 siet

235 1628 358 1688 merats
391 1629 526 1689 Schlüsse
581 1631 635 1691 auf
662 1634 711 1694 die
739 1636 928 1696 Architektur
977 1637 1030 1697 von
1085 1640 1133 1700 des

2098 1631 2347 1691 Spazierganges
2382 1634 2518 1694 nähern,
2559 1637 2626 1697 sagt
2655 1640 2819 1700 Schnitzler
2848 1640 2876 1700 im
2916 1643 3000 1703 Hin¬

1169 1644 1421 1704 seelenschärfend
1457 1646 1511 1706 aus
1547 1649 1734 1709 Intuition,
1765 1652 1820 1712 olso
1861 1653 2067 1713 psychoanaly-

234 1665 292 1725 20.
313 1670 552 1730 Jahrhunderts
579 1672 700 1732 Beginn
732 1676 827 1736 ziehen
860 1676 943 1736 mag.
965 1676 1028 1736 Vor
1061 1678 1123 1738 unse

2096 1665 2170 1725 blick
2200 1670 2251 1730 auf
2280 1673 2327 1733 die
2362 1673 2558 1733 zahlreichen,
2588 1679 2807 1739 sonntäglichen
2848 1685 2998 1745 Spazier¬

1168 1685 1234 1745 tisch
1262 1685 1290 1745 in
1318 1688 1400 1748 einem
1440 1688 1578 1748 weiteren
1612 1691 1695 1751 Sinn
1723 1693 1867 1753 gewesen,
1890 1695 1933 1755 als
1957 1695 2067 1755 psycho¬

2095 1709 2229 1769 gänger:
2279 1714 2387 1774 „Zwei
2415 1715 2512 1775 Arten
2551 1718 2605 1778 von
2648 1720 2805 1780 Menschen
2849 1721 2920 1781 kann
2958 1722 2995 1782 ich

232 1706 289 1766 ren
324 1708 422 1768 Augen
452 1712 595 1772 erscheint
619 1712 671 1772 das
700 1714 821 1774 schärfer
845 1715 1024 1775 profilierte
1047 1718 1139 1778 Carl¬
1163 1724 1295 1784 logische
1325 1727 1584 1787 Schulweisheit.

231 1745 308 1805 ton,
330 1747 390 1807 und
419 1750 457 1810 ich
491 1750 633 1810 erinnere
662 1753 694 1813 an
728 1756 782 1816 das
811 1754 965 1814 verfilmte
993 1756 1103 1816 Fräu

2094 1748 2174 1808 nicht
2199 1753 2380 1813 vertragen,
2421 1753 2471 1813 die
2496 1753 2551 1813 vor
2607 1758 2667 1818 und
2693 1759 2742 1819 die
2783 1759 2883 1819 hinter
2934 1762 2994 1822 mir

1224 1782 1396 1842 Schnitzler
1431 1785 1483 1845 kat
1511 1787 1556 1847 es,
1577 1787 1637 1847 wie
1664 1789 1716 1849 aus
1750 1789 1842 1849 seinem
1890 1792 1989 1852 „Buch
2017 1791 2062 1851 der

222 1784 327 1844 lein
359 1788 480 1848 Else,
502 1789 586 1849 deren
618 1792 723 1852 Vision
761 1794 787 1854 in
819 1795 867 1855 der
899 1798 1130 1858 Verkörperung

2096 1789 2223 1849 gehen".
2245 1789 2344 1849 Führt
2372 1792 2403 1852 es
2430 1793 2461 1853 zu
2494 1795 2578 1855 weit,
2600 1795 2674 1855 diese
2701 1798 2806 1858 Worte
2833 1801 2939 1861 deract
2966 1801 2992 1861 zu

1168 1820 1309 1880 Sprüche
1343 1825 1399 1885 und
1433 1825 1607 1885 Bedenken“
1642 1827 1771 1887 bekannt
1800 1830 1850 1890 ist,
1873 1831 1929 1891 seit
1952 1831 1979 1891 je
2008 1829 2070 1889 mit
2099 1828 2223 1888 deuten:
2251 1832 2420 1892 Schnitzler
2449 1834 2527 1894 haßt
2556 1837 2713 1897 ingleichen
2753 1838 2792 1898 die
2826 1841 2899 1901 allzu
2934 1839 2995 1899 Be¬

231 1828 391 1888 Elisabeth
425 1831 591 1891 Bergners
630 1833 690 1893 mir
724 1834 835 1894 bereits
874 1837 929 1897 auf
958 1837 1007 1897 der
1040 1837 1123 1897 Fahr

1165 1861 1219 1921 der
1248 1863 1418 1923 Kritik.
1441 1865 1572 1925 Manche
1601 1868 1733 1928 Kritiker
1767 1870 1904 1930 erblicken
1943 1871 1964 1931 in
2004 1870 2047 1930 ihm
2098 1868 2175 1928 trieb
2214 1869 2274 1929 men
2324 1871 2379 1931 wie
2412 1872 2456 1932 die
2489 1874 2539 1934 das
2578 1878 2693 1938 Zeichen
2733 1876 2782 1936 der
2815 1879 2886 1939 Zeit
2915 1877 2997 1937 Ver¬

223 1865 286 1925 von
324 1870 409 1930 Chur
441 1870 526 1930 durch
564 1872 616 1932 das
654 1873 818 1933 Rhaetikon
857 1876 1026 1936 gekommen
1064 1876 1127 1936 war

1166 1903 1217 1963 bis
1246 1903 1332 1963 heute
1356 1906 1407 1966 den
1442 1906 1562 1966 Dichter
1592 1908 1638 1968 des
1667 1909 1770 1969 „süßen
1805 1909 1971 1969 Mädels",
1989 1912 2040 1972 ohn

229 1906 268 1966 da
303 1909 351 1969 das
381 1909 434 1969 von
469 1910 518 1970 der
548 1912 709 1972 Leinwand
739 1915 812 1975 über
837 1915 880 1975 die
910 1916 1057 1976 Nethaut
1082 1918 1130 1978 ins

2094 1909 2293 1969 kennenden?
2314 1913 2393 1973 Sein
2427 1918 2513 1978 „Weg
2541 1918 2586 1978 ins
2614 1918 2719 1978 Freie"
2747 1921 2826 1981 heißt
2847 1921 2972 1981 Europa

1164 1943 1253 2003 dabei
1284 1944 1309 2004 zu
1349 1944 1520 2004 bemerken,
1546 1946 1601 2006 daß
1637 1947 1672 2007 sie
1702 1947 1792 2007 allein
1833 1950 1964 2010 verkalkt
2000 1950 2054 2010 sind

230 1947 362 2007 Innere
389 1950 573 2010 projizierte
600 1952 679 2012 Bild
712 1955 759 2015 des
791 1953 843 2013 von
875 1953 928 2013 der
960 1956 1118 2016 Plattform

1159 1980 1210 2040 In
1246 1983 1329 2043 einem
1371 1986 1520 2046 kritischen
1552 1986 1707 2046 Elaborat
1733 1987 1842 2047 konnte
1873 1989 1934 2049 man
1972 1992 2069 2052 jüngst

234 1987 295 2047 auß
332 1989 384 2049 dem
436 1989 586 2049 Eindruck
644 1992 695 2052 der
747 1993 855 2053 Natur
913 1998 1130 2058 hingegebener

2262 2005 2501 2065 Schnitzlers
2545 2010 2673 2070 letztes
2708 2013 2818 2073 Buch

1157 2022 1209 2082 die
1242 2025 1442 2085 Feststellung
1475 2025 1596 2085 finden,
1623 2028 1782 2088 Professor
1814 2031 2004 2091 Bernhardi
2031 2032 2056 2092 se

234 2028 382 2088 Fräulein
415 2029 483 2089 Else
510 2031 653 2091 Bergner
680 2031 807 2091 plötzlich
834 2034 944 2094 wieder
972 2037 1125 2097 auftaucht

1156 2061 1189 2121 im
1232 2064 1366 2124 Grunde
1401 2065 1438 2125 ein
1478 2065 1717 2125 altgewordener
1746 2070 1880 2130 Anatol,
1925 2071 2063 2131 während

2151 2062 2228 2122 Nach
2262 2067 2346 2127 mehr
2386 2068 2435 2128 als
2470 2071 2625 2131 3jährigem
2682 2074 2854 2134 Schweigen

227 2067 401 2127 Schnitzler
432 2070 504 2130 weiß
541 2070 570 2130 im
614 2073 703 2133 ersten
740 2073 921 2133 Augenblick
946 2076 1043 2136 nichts
1073 2076 1127 2136 von

1161 2103 1251 2163 einem
1291 2105 1421 2165 Pariser
1447 2105 1584 2165 Kritiker
1617 2107 1662 2167 die
1689 2108 1871 2168 Entdeckung
1904 2112 2066 2172 vorbehal¬
2094 2105 2145 2165 der
2179 2108 2393 2168 Zwischenzeit
2440 2112 2491 2172 gab
2524 2112 2556 2172 es
2589 2114 2726 2174 lediglich
2759 2113 2798 2173 die
2831 2118 2993 2178 Komödie:

228 2109 363 2169 Carlton
401 2109 460 2169 und
488 2112 671 2172 rhaetischer
705 2115 791 2175 Bahn
846 2115 872 2175 in
927 2116 1127 2176 Verbindung

1160 2141 1207 2201 ten
1239 2144 1340 2204 blieb,
1367 2144 1387 2204 in
1425 2146 1610 2206 Schnitzlers
1642 2146 1764 2206 Werken
1807 2150 1885 2210 finde
1918 2150 1965 2210 sich
1997 2150 2060 2210 stet¬

2087 2144 2166 2204 „Im
2214 2146 2351 2206 Spiel
2378 2147 2452 2207 der
2484 2151 2844 2211 Sommerlüfte"
2876 2150 2891 2210 —
2939 2154 2992 2214 be¬

228 2146 290 2206 mit
313 2147 460 2207 Fräulein
489 2150 579 2210 Else,
597 2153 630 2213 da
659 2150 699 2210 er
728 2153 783 2213 mit
801 2153 852 2213 dem
892 2155 1016 2215 inneren
1051 2156 1129 2216 Auf¬

1156 2182 1256 2242 etwas
1290 2183 1602 2243 Unvollkommenes,
1626 2186 1703 2246 ohne
1732 2186 1784 2246 den
1824 2191 1948 2251 leisesten
1992 2191 2068 2251 Ver¬

2094 2183 2214 2243 schenkte
2240 2186 2295 2246 uns
2321 2186 2441 2246 Arthur
2472 2191 2709 2251 Schnitzler
2735 2192 2800 2252 kurz
2831 2192 2882 2252 vor
2907 2195 2992 2255 Voll¬

224 2186 284 2246 des
318 2189 461 2249 Dichters
495 2190 555 2250 und
594 2190 637 2250 der
677 2194 831 2254 Begleiter
864 2193 985 2253 filmisch
1025 2195 1134 2255 schaut.

1164 2222 1223 2282 such
1254 2225 1334 2285 eines
1365 2225 1550 2285 Nachweises
1586 2228 1611 2288 zu
1647 2228 1883 2288 unternehmen.
1904 2231 1959 2291 Als
1989 2228 2064 2288 Bei¬

2086 2222 2208 2282 endung
2238 2228 2326 2288 seines
2356 2228 2404 2288 70.
2425 2231 2650 2291 Lebensjahres
2680 2234 2733 2294 mit
2753 2232 2836 2292 einer
2861 2237 2988 2297 Novelle

235 2228 293 2288 Die
316 2230 439 2290 Novelle
462 2231 612 2291 Fräulein
640 2232 704 2292 Else
732 2234 812 2294 spielt
834 2235 855 2295 in
883 2234 952 2294 San
980 2236 1125 2296 Martino

1162 2264 1235 2324 spiel
1262 2264 1315 2324 für
1342 2264 1389 2324 die
1416 2264 1584 2324 arrogante
1611 2267 1780 2327 Ignoranz
1807 2268 1859 2328 des
1907 2270 2055 2330 kritischer

2097 2265 2256 2325 „Flucht
2295 2267 2333 2327 in
2367 2268 2433 2328 die
2456 2272 2737 2332 Finsternis"
2787 2275 2991 2335 (S.=Fischer¬

228 2273 261 2333 di
289 2273 448 2333 Castrozza
504 2275 532 2335 im
599 2276 731 2336 Herbst,
770 2279 819 2339 der
871 2279 942 2339 Film
1009 2280 1047 2340 ist
1097 2279 1124 2339 in

1154 2303 1391 2363 Durchschnitts
1420 2304 1508 2364 führt
1531 2305 1697 2365 Schnitzler
1725 2308 1769 2368 die
1797 2309 1918 2369 kürzlich
1947 2312 2046 2372 erschie

2094 2302 2207 2362 Verlag
2238 2306 2377 2366 Berlin).
2404 2309 2450 2369 In
2487 2309 2537 2369 dem
2584 2314 2894 2374 vorangegangenen,
2920 2317 2992 2377 gre¬

221 2314 292 2374 St.
310 2318 431 2378 Moritz
448 2321 475 2381 im
515 2321 636 2381 Winter
665 2322 830 2382 gekurbelt.
842 2324 908 2384 Der
936 2324 1058 2384 Dichter
1081 2322 1130 2382 be¬

1157 2342 1237 2402 nene
1262 2341 1367 2401 Kritik
1393 2344 1473 2404 einer
1504 2344 1634 2404 Pariser
1665 2349 1992 2409 Literaturzeitschrift
2018 2348 2047 2408 ge

2087 2341 2139 2401 ßen
2177 2344 2378 2404 Prosawerk:
2405 2350 2626 2410 „Therese"
2670 2353 2801 2413 erlebten
2839 2356 2912 2416 wir,
2934 2356 2992 2416 wie

228 2358 335 2418 stätigt
364 2362 454 2422 jedoch
488 2362 555 2422 auch
590 2365 651 2425 St.
681 2366 799 2426 Moritz
822 2368 917 2428 gern:
963 2373 1059 2433 „Hier
1093 2366 1126 2426 ist

1161 2383 1313 2443 legentlich
1342 2383 1392 2443 der
1415 2383 1624 2443 französischen
1658 2389 1866 2449 Uebersetzung
1895 2389 1945 2449 von
1980 2390 2041 2450 Tho

2091 2383 2151 2443 eine
2185 2385 2268 2445 Frau
2307 2386 2357 2446 sich
2391 2386 2501 2446 immer
2541 2389 2646 2449 weiter
2679 2394 2768 2454 fallen
2807 2395 2879 2455 ließ.
2930 2395 2990 2455 Die

224 2399 275 2459 die
300 2404 375 2464 Luft
399 2407 456 2467 wie
481 2410 731 2470 Champagner".

1158 2422 1227 2482 mas
1261 2422 1433 2482 Manns
1471 2425 1633 2485 „Tristan"
1666 2427 1725 2487 an.
1769 2428 1876 2488 Dieses
1926 2430 2044 2490 Refera

2089 2424 2204 2484 jüngste
2240 2425 2370 2485 Novelle
2426 2429 2536 2489 spannt
2572 2431 2622 2491 den
2663 2434 2979 2494 Erinnerungsbogen

284 2454 456 2514 Schnitzler
486 2457 520 2517 ist
544 2458 589 2518 dem
630 2458 729 2518 Film
770 2458 815 2518 als
845 2461 983 2521 Gattung
1013 2459 1127 2519 keines¬

1158 2465 1270 2525 gipfelt
1303 2467 1470 2527 angesichts
1508 2464 1561 2524 des
1600 2467 1917 2527 Nobelpreisträgers
1961 2469 2063 2529 darin,
2090 2466 2138 2526 bis
2171 2467 2197 2527 in
2236 2467 2424 2527 Schnitzlers
2462 2471 2591 2531 früheste
2624 2474 2726 2534 Tage,
2748 2473 2893 2533 gemohnt
2926 2476 2979 2536 aus

223 2496 307 2556 wegs
337 2494 455 2554 abhold.
473 2494 518 2554 Er
547 2498 597 2558 hat
621 2500 660 2560 ein
694 2497 830 2557 Angebot
853 2500 910 2560 aus
939 2500 1114 2560 Hollywood

1154 2503 1225 2563 man
1259 2503 1358 2563 werde
1387 2504 1430 2564 die
1455 2503 1669 2563 Uebersetzung
1698 2509 1746 2569 der
1775 2509 2037 2569 „Buddenbrooks

2081 2503 2125 2563 an
2153 2503 2196 2563 die
2225 2508 2522 2568 Meister=Novelle:
2545 2512 2798 2572 „Sterben“.
2821 2515 2925 2575 Flucht
2954 2515 2975 2575 in

220 2532 294 2592 drei
326 2535 548 2595 Manuskripte
586 2538 611 2598 zu
654 2538 818 2598 schreiben,
845 2539 924 2599 nicht
957 2541 1120 2601 abgelehnt

1151 2543 1349 2603 abzuwarten
1382 2544 1496 2604 haben,
1518 2544 1566 2604 ebe
1588 2544 1652 2604 man
1686 2547 1755 2607 über
1783 2547 1831 2607 den
1864 2547 1950 2607 Wert
1977 2546 2058 2606 Tho-
2085 2542 2138 2602 die
2166 2544 2344 2604 Finsternis
2399 2547 2539 2607 bedeutet
2572 2550 2646 2610 nicht
2680 2552 2722 2612 ein
2761 2553 2890 2613 äußeres
2928 2553 2987 2613 Ab¬

223 2571 291 2631 Vom
339 2574 407 2634 Film
450 2576 565 2636 kommt
592 2577 644 2637 das
677 2577 823 2637 Gespräch
856 2578 908 2638 auf
940 2580 992 2640 das
1025 2580 1124 2640 Thea=
1156 2581 1224 2641 mas
1256 2583 1383 2643 Manns
1420 2583 1467 2643 sich
1499 2586 1530 2646 im
1573 2586 1672 2646 klaren
1705 2586 1757 2646 sei.
1800 2589 1994 2649 Schnitzler,
2015 2586 2057 2646 er¬

2084 2583 2213 2643 gleiten,
2235 2586 2288 2646 wie
2311 2588 2359 2648 das
2392 2588 2580 2648 Theresens,
2603 2592 2802 2652 ebensowenig
2835 2594 2970 2654 Hinschei

216 2613 289 2673 ter.
332 2614 389 2674 Ich
427 2618 553 2678 gedenke
590 2619 637 2679 der
680 2622 885 2682 erfolgreichen
927 2620 1122 2680 Wiederauf=
1155 2621 1238 2681 zählt
1265 2622 1312 2682 er,
1339 2620 1391 2680 und
1423 2619 1433 2679 —
1486 2619 1496 2679 —
1550 2624 1628 2684 Karl
1650 2625 1928 2685 Schvenhrr
1960 2628 2049 2688 hätten

2084 2622 2132 2682 den
2170 2625 2218 2685 als
2251 2628 2342 2688 Folge
2376 2629 2575 2689 körperlichen
2614 2631 2808 2691 Siechtums.
2852 2635 2987 2695 Robert,

224 2652 334 2712 nahme
391 2655 440 2715 des
485 2658 773 2718 „Professors
840 2661 1078 2721 Bernhard

1159 2661 1203 2721 sich
1233 2661 1350 2721 einmal
1370 2663 1419 2723 den
1449 2662 1561 2722 Scherz
1587 2664 1695 2724 machen
1730 2664 1852 2724 wollen,
1872 2667 1935 2727 ihre
1966 2667 2048 2727 neuer

2080 2664 2292 2724 Sektionsrat
2339 2667 2364 2727 im
2406 2670 2431 2730 k.
2458 2670 2488 2730 u.
2515 2670 2540 2730 k.
2556 2673 2980 2733 österreichisch-ungarischen

220 2694 364 2754 während
401 2697 447 2757 der
479 2699 690 2759 vergangenen
722 2700 872 2760 Berliner
908 2700 965 2760 und
1001 2700 1125 2760 Wiener

1152 2702 1264 2762 Stücke
1289 2703 1377 2763 unter
1407 2703 1666 2763 ausgewechselten
1696 2706 1813 2766 Nomen
1843 2709 2038 2769 einzureichen

2079 2706 2318 2766 Ministerium,
2349 2706 2391 2766 ein
2429 2709 2582 2769 musischer
2620 2712 2754 2772 Mensch,
2779 2715 2840 2775 lebt
2871 2718 2895 2778 in
2933 2717 2981 2777 ge¬

227 2735 390 2795 Spielzeit.
438 2738 607 2798 Schnitzler
645 2738 760 2798 erklärt
793 2738 840 2798 sich
873 2738 930 2798 mit
962 2740 1009 2800 der
1047 2740 1120 2800 Auf¬

1152 2739 1230 2799 Hier
1260 2743 1457 2803 protestierte
1487 2741 1521 2801 ich
1556 2742 1615 2802 mit
1640 2744 1689 2804 dem
1734 2744 1921 2804 Bemerken,
1946 2747 1970 2807 so
2005 2749 2053 2809 are

2084 2744 2416 2804 ordnet-bürgerlichen
2456 2750 2699 2810 Verhältnissen.

218 2776 340 2836 fassung
394 2776 633 2836 Kortners
671 2777 735 2837 sehr
773 2780 1018 2840 einverstanden.

1156 2780 1262 2840 stünde
1292 2780 1327 2840 es
1364 2782 1404 2842 um
1453 2783 1499 2843 die
1530 2783 1636 2843 Kritik
1666 2786 1695 2846 in
1731 2786 1938 2846 Deutschland
1992 2789 2050 2849 nun

2139 2787 2188 2847 Er
2214 2794 2263 2854 hat
2289 2795 2363 2855 seine
2389 2797 2470 2857 Frau
2495 2798 2551 2858 vor
2576 2799 2694 2859 Jahren
2726 2801 2813 2861 durch
2833 2804 2882 2864 den
2914 2804 2975 2864 Tod

217 2816 516 2876 Falconetti,
533 2816 732 2876 Frankreichs
767 2819 855 2879 große
883 2820 1038 2880 Bühnen=
1066 2819 1116 2879 und

1150 2821 1270 2881 wieder
1298 2822 1395 2882 nicht.

2077 2832 2241 2892 verloren,
2264 2836 2337 2896 ohne
2372 2837 2484 2897 daran,
2507 2839 2563 2899 wie
2592 2840 2620 2900 es
2654 2840 2778 2900 scheint,
2818 2843 2976 2903 sonderlich

216 2856 561 2916 Kilmschauspielerin,
582 2856 651 2916 will
678 2858 709 2918 im
752 2860 879 2920 nächsten
917 2860 1038 2920 Winter

2080 2871 2185 2931 schwer
2229 2873 2254 2933 zu
2297 2878 2424 2938 tragen.
2456 2877 2578 2937 Nobert
2615 2879 2673 2939 mit
2706 2882 2800 2942 seinem
2854 2883 2980 2943 Bruder

1204 2877 1276 2937 Wir
1311 2879 1444 2939 kommen
1484 2881 1512 2941 in
1551 2882 1640 2942 diesem
1691 2886 1959 2946 Zusammenhang
1999 2888 2055 2948 auf

228 2894 328 2954 Paris
357 2895 417 2955 alle
445 2897 615 2957 weiblichen
656 2897 765 2957 Rollen
799 2900 826 2960 im
868 2900 1023 2960 „Reigen"
1051 2899 1118 2959 spie¬

2083 2912 2173 2972 Oito,
2204 2915 2284 2975 einem
2335 2918 2536 2978 angesehenen
2577 2921 2672 2981 Arzt.
2698 2923 2753 2983 ena
2789 2923 2960 2983 verbunden

1154 2924 1202 2984 die
1224 2924 1353 2984 junge
1381 2927 1655 2987 Generation
1688 2929 1715 2989 zu
1748 2932 1898 2992 sprechen,
1915 2931 2039 2991 Schnitz

216 2930 284 2990 len.
333 2932 412 2992 Man
449 2935 528 2995 liebt
560 2938 729 2998 Schnitzler
762 2938 820 2998 aus
852 2940 1127 3000 Wohlverwandt¬

2080 2950 2169 3010 leidet
2207 2953 2260 3013 seit
2292 2954 2386 3014 seiner
2419 2957 2545 3017 Jugend
2583 2959 2614 3019 an
2657 2959 2704 3019 der
2742 2959 2869 3019 Furcht,
2896 2962 2974 3022 eines

1150 2965 1196 3025 ler
1227 2968 1341 3028 wendet
1367 2968 1414 3028 sich
1440 2971 1616 3031 entschieden
1647 2975 1793 3035 dagegen,
1814 2974 1865 3034 daß
1896 2977 1953 3037 alle
1980 2974 2041 3034 Nas

227 2974 317 3034 schaft
338 2974 391 3034 seit
413 2974 438 3034 je
465 2974 491 3034 in
524 2977 624 3037 Paris
656 2977 714 3037 und
741 2977 794 3037 hat
815 2977 894 3037 seine
921 2980 1026 3040 Werke
1053 2980 1116 3040 auch

2084 2992 2180 3052 Tages
2214 2995 2240 3055 in
2273 2995 2392 3055 geistige
2420 2996 2631 3056 Umnachtung
2664 3001 2690 3061 zu
2723 3001 2831 3061 fallen.
2854 3002 2902 3062 Er
2929 3004 2983 3064 hat

1156 3013 1224 3073 lang
1254 3011 1298 3071 ein
1328 3013 1421 3073 neues
1451 3013 1691 3073 Originalgene
1717 3019 1923 3079 proklamiert
1948 3021 2041 3081 werde

224 3013 250 3073 in
289 3013 380 3073 letzter
413 3015 488 3075 Zeit
516 3015 575 3075 viel
602 3018 656 3078 ins
689 3017 894 3077 Französische
922 3019 1127 3079 übertragen.

2076 3030 2171 3090 darum
2217 3032 2266 3092 vor
2293 3035 2398 3095 langem
2439 3036 2488 3096 den
2514 3037 2640 3097 Bruder
2671 3040 2822 3100 schriftlich
2848 3044 2983 3104 gebeten,

219 3053 287 3113 Der
317 3055 435 3115 Dichter
465 3055 607 3115 bemerkt,
627 3056 681 3116 daß
711 3055 740 3115 er
765 3058 808 3118 die
834 3058 1025 3118 französische
1050 3057 1123 3117 Fas¬

1140 3052 1189 3112 um
1253 3055 1316 3115 nach
1371 3058 1503 3118 wenigen
1543 3061 1695 3121 Monaten
1730 3064 1788 3124 mit
1814 3064 1906 3124 Recht
1936 3067 2048 3127 bereits

2080 3070 2126 3130 ihn
2162 3075 2188 3135 zu
2225 3073 2317 3133 töten,
2344 3074 2416 3134 kalls
2442 3076 2488 3136 die
2515 3079 2690 3139 Krankheit
2717 3079 2742 3139 in
2774 3082 2975 3142 Erscheinung

153 3099 299 3159 usung
331 3103 431 3163 seiner
463 3101 632 3161 „Therese"
672 3100 725 3160 fast
757 3100 811 3160 dem
858 3101 1012 3161 Original
1044 3101 1120 3161 vor-
1152 3101 1268 3161 wieder
1300 3103 1322 3163 in
1354 3104 1407 3164 der
1439 3106 1632 3166 Versenkung
1664 3108 1694 3168 zu
1726 3111 1957 3171 verschwinden.
1981 3115 2042 3175 Der
2074 3115 2174 3175 trete.
2191 3116 2252 3176 Die
2276 3118 2438 3178 depressive
2469 3120 2585 3180 Anlage
2609 3123 2747 3183 Roberts
2779 3125 2871 3185 bricht
2896 3127 2964 3187 stets

233 3332 828 3392 dentoche
970 3325 1846 3385 Horgennoet-

2009 3329 2258 3389 13,X

2472 3338 2487 3398 3
