3344 4352
127 280 282 340 12.

318 279 795 339 Sehnitzler

1419 267 1547 327 box
1625 266 1808 326 44/3

947 273 1148 333 Doat

1192 608 1901 668 DOBSERVER

1284 670 1309 730 I.
1323 670 1440 730 österr.
1453 670 1606 730 behördl.
1615 668 1919 728 konzessioniertes

1234 709 1474 769 Unternehmen
1506 709 1550 769 für
1577 709 1964 769 Zeitungs-Ausschnitte

1293 767 1437 827 WIEN,
1464 768 1510 828 I.,
1537 771 1827 831 WOLLZEIE
1874 771 1913 831 11

1387 821 1602 881 TELEPHON
1634 819 1844 879 R-23-0-43,

1179 962 1406 1022 Ausschnitt
1429 962 1523 1022 aus:

1181 1076 1330 1136 Neues
1377 1079 1561 1139 Wiener
1619 1082 1873 1142 Jornal,

1186 1189 1299 1249 vom:
1389 1193 1688 1253 18.5.19.32

1651 1390 1761 1450 als
1808 1385 2139 1445 Lyriker.

968 1477 1051 1537 Ein
1094 1476 1403 1536 Gedenkblatt
1438 1472 1487 1532 zu
1530 1470 1688 1530 seinem
1748 1469 1814 1529 70.
1848 1469 2141 1529 Geburtstag

1529 1533 1587 1593 Von

1366 1586 1510 1646 Theobor
1532 1583 1563 1643 v.
1586 1584 1761 1644 Sosnosky.

1073 1655 1136 1715 Vom
1177 1658 1380 1718 Dramatiker
1410 1655 1467 1715 und
1497 1652 1654 1712 Erzähler
1677 1651 1846 1711 Schnitzler
1875 1649 1944 1709 weiß
1975 1648 2032 1708 alle
2062 1646 2154 1706 Welt;

969 1709 1051 1769 nicht
1075 1708 1163 1768 aber,
1181 1708 1234 1768 daß
1270 1706 1298 1766 er
1323 1705 1393 1765 auch
1417 1703 1540 1763 lyrische
1571 1702 1712 1762 Gedichte
1736 1700 1912 1760 geschrieben
1948 1700 2012 1760 hat.
2030 1697 2153 1757 Womit

969 1759 1008 1819 ich
1042 1756 1330 1816 selbstverständlich
1364 1752 1448 1812 nicht
1477 1753 1556 1813 etwa
1590 1750 1776 1810 „Gedichte"
1833 1747 1951 1807 meine,
1992 1747 2053 1807 wie
2105 1747 2155 1807 sie,

972 1807 1152 1867 wenigstens
1182 1806 1210 1866 in
1245 1804 1386 1864 früherer
1415 1803 1500 1863 Zeit,
1523 1801 1636 1861 nahezu
1665 1799 1750 1859 jeder
1797 1798 1961 1858 halbwegs
2007 1795 2160 1855 gebildete

981 1859 1063 1919 junge
1097 1855 1212 1915 Mensch
1246 1855 1423 1915 verbrochen
1462 1852 1528 1912 hat,
1550 1849 1704 1909 entweder
1733 1846 1904 1906 verschämt
1932 1846 1987 1906 und
2015 1844 2152 1904 heimlich

974 1904 1044 1964 oder
1072 1905 1267 1965 lobdürstend
1301 1903 1355 1963 und
1383 1903 1436 1963 zum
1480 1901 1632 1961 Schrecken
1672 1899 1763 1959 seiner
1791 1896 1992 1956 Umgebung.
2010 1894 2107 1954 Nein,
2129 1895 2161 1955 ich

971 1954 1065 2014 meine
1093 1953 1244 2013 wirkliche
1272 1953 1433 2013 Gedichte,
1462 1950 1539 2010 keine
1568 1948 1868 2008 Dilletantenverse.
1891 1944 1958 2004 Daß
1992 1942 2158 2002 Schnitzler

971 2005 1057 2065 solche
1085 2004 1290 2064 geschrieben,
1318 2001 1420 2061 dürfte
1448 2002 1545 2062 außer
1578 1998 1675 2058 seinen
1708 1995 1838 2055 intimen
1877 1993 2039 2053 Freunden
2077 1992 2158 2052 wohl

981 2053 1046 2113 kaum
1091 2053 1218 2113 jemand
1252 2052 1373 2112 wissen.
1401 2051 1467 2111 Daß
1507 2049 1567 2109 ich,
1596 2049 1673 2109 ohne
1707 2047 1878 2107 Schnitzler
1906 2043 2071 2103 persönlich
2111 2039 2160 2099 ge¬

977 2103 1067 2163 kannt
1094 2104 1125 2164 zu
1157 2103 1273 2163 haben,
1301 2103 1326 2163 zu
1364 2100 1454 2160 dieser
1486 2097 1639 2157 Kenntnis
1672 2097 1756 2157 kam,
1778 2096 1862 2156 hatte
1894 2094 1968 2154 seine
1995 2091 2159 2151 besondere

982 2150 1205 2210 Bewandtnis.
1222 2152 1275 2212 Ich
1303 2150 1352 2210 gab
1379 2150 1417 2210 um
1456 2147 1504 2207 die
1526 2147 1640 2207 Wende
1662 2147 1711 2207 des
1733 2143 1977 2203 Jahrhunderts
2005 2139 2048 2199 bei
2070 2138 2157 2198 Cotta

978 2200 1041 2260 eine
1070 2201 1261 2261 Anthologie
1290 2201 1423 2261 heraus,
1447 2199 1521 2259 „Die
1551 2195 1643 2255 Lyrik
1672 2195 1724 2255 des
1753 2195 1805 2255 19.
1829 2189 2112 2249 Jahrhunderts",
2130 2187 2158 2247 in

977 2254 1024 2314 der
1051 2252 1088 2312 ich
1115 2252 1257 2312 Dichtern
1290 2250 1347 2310 aus
1375 2248 1554 2308 Oesterreich
1587 2246 1618 2306 um
1661 2245 1687 2305 so
1714 2243 1810 2303 lieber
1842 2240 1894 2300 das
1921 2240 2011 2300 Wort
2038 2238 2170 2298 erteilte,

975 2305 1021 2365 als
1047 2302 1083 2362 sie
1109 2300 1135 2360 in
1166 2302 1218 2362 den
1249 2300 1300 2360 von
1337 2297 1596 2357 Reichsdeutschen
1633 2293 1917 2353 herausgegebenen
1954 2288 2155 2348 Anthologien

981 2351 1066 2411 meist
1093 2350 1156 2410 nur
1188 2348 1427 2408 stiefmütterlich
1465 2345 1634 2405 behandelt
1667 2343 1735 2403 oder
1767 2341 1825 2401 gar
1879 2338 1964 2398 nicht
2012 2335 2165 2395 vertreten

981 2401 1105 2461 waren.
1122 2401 1201 2461 Eine
1225 2398 1417 2458 patriotische
1446 2395 1576 2455 Absicht,
1594 2395 1639 2455 die
1668 2392 1746 2452 mir,
1764 2389 1911 2449 beiläufig
1940 2386 2093 2446 bemerkt,
2110 2384 2160 2444 von

981 2450 1068 2510 einem
1119 2449 1367 2509 reichsdeutschen
1406 2445 1555 2505 Kritiker,
1600 2443 1654 2503 der
1705 2441 1803 2501 selber
1859 2438 1925 2498 eine
1975 2435 2168 2495 Anthologie

985 2500 1228 2560 herausgegeben
1270 2496 1357 2556 hatte
1405 2494 1466 2554 und
1503 2494 1528 2554 in
1575 2494 1627 2554 der
1664 2490 1782 2550 meinen
1829 2486 1974 2546 offenbar
2011 2485 2077 2545 eine
2114 2483 2171 2543 un¬

986 2547 1169 2607 erwünschte
1202 2544 1402 2604 Konkurrenz
1430 2544 1586 2604 besorgte,
1608 2541 1683 2601 übel
1711 2538 1867 2598 vermerkt
1889 2535 2013 2595 worden
2051 2534 2083 2594 ist
2111 2530 2170 2590 und

989 2598 1049 2658 mir
1077 2598 1126 2658 die
1154 2595 1302 2655 spöttische
1331 2592 1523 2652 Bemerkung
1557 2591 1755 2651 eingetragen
1789 2586 1854 2646 hat,
1877 2588 1915 2648 ich
1949 2586 2026 2646 hätte
2059 2583 2175 2643 augen¬

991 2648 1137 2708 scheinlich
1164 2646 1218 2706 den
1245 2643 1375 2703 Parnaß
1408 2643 1467 2703 mit
1489 2642 1537 2702 dem
1581 2639 1776 2699 Kahlenberg
1809 2635 1997 2695 verwechselt

1096 2694 1159 2754 Nun
1195 2694 1258 2754 war
1282 2694 1322 2754 ich
1345 2692 1374 2752 in
1403 2691 1455 2751 den
1485 2688 1704 2748 Erzählungen
1734 2686 1942 2746 Schnitzlers,
1960 2682 2064 2742 soweit
2088 2682 2174 2742 solche

988 2745 1112 2805 damals
1145 2745 1226 2805 schon
1264 2741 1427 2801 erschienen
1465 2738 1589 2798 waren,
1612 2736 1801 2796 wiederholt
1845 2732 1904 2792 auf
1954 2730 2072 2790 Stellen

992 2795 1114 2855 stoßen,
1137 2794 1172 2854 an
1202 2792 1295 2852 denen
1332 2790 1389 2850 mir
1419 2789 1513 2849 unter
1542 2787 1592 2847 dem
1637 2788 1766 2848 epischen
1803 2785 1918 2845 Gestein
1955 2783 2020 2843 eine
2049 2780 2172 2840 lyrische

992 2843 1076 2903 Ader
1105 2843 1274 2903 verborgen
1308 2842 1336 2902 zu
1371 2840 1421 2900 sein
1455 2838 1562 2898 schien.
1585 2837 1630 2897 Es
1659 2837 1754 2897 reizte
1783 2834 1873 2894 mich,
1896 2835 1924 2895 zu
1958 2832 2115 2892 erfahren,
2139 2828 2172 2888 ob

990 2889 1068 2949 diese
1098 2890 1274 2950 Witterung
1314 2885 1382 2945 mich
1418 2888 1481 2948 trog
1516 2885 1588 2945 oder
1624 2882 1716 2942 nicht,
1741 2880 1800 2940 und
1835 2879 1874 2939 ich
1909 2879 2006 2939 fragte
2036 2878 2090 2938 bei
2115 2876 2163 2936 ihm

993 2934 1126 2994 brieflich
1156 2934 1215 2994 an,
1235 2932 1269 2992 ob
1294 2931 1328 2991 er
1359 2931 1417 2991 mir
1442 2931 1491 2991 für
1521 2929 1565 2989 die
1590 2928 1738 2988 geplante
1763 2927 1955 2987 Anthologie
1980 2927 2064 2987 nicht
2084 2925 2182 2985 einige

992 2983 1134 3043 Gedichte
1168 2983 1219 3043 zur
1271 2980 1441 3040 erfügung
1476 2979 1572 3039 stellen
1613 2977 1714 3037 wolle,
1744 2977 1817 3037 denn
1857 2975 1897 3035 ich
1932 2974 2016 3034 hätte
2051 2973 2113 3033 ihr,
2136 2971 2164 3031 im

997 3031 1166 3091 Verdacht,
1189 3031 1229 3091 ein
1263 3028 1438 3088 heimlicher
1466 3028 1591 3088 Lyriker
1620 3028 1647 3088 zu
1687 3028 1761 3088 sein.
1784 3026 1840 3086 Ich
1869 3025 1981 3085 erhielt
2010 3022 2173 3082 daraufhin

995 3083 1139 3143 folgende
1168 3079 1340 3139 Antwort:

1205 3135 1278 3195 Sehr
1305 3133 1432 3193 geehrter
1465 3133 1539 3193 Herr
1566 3129 1597 3189 v.
1624 3129 1788 3189 Sosnosky!
1826 3124 1868 3184 In
1922 3127 2032 3187 einigen
2086 3126 2175 3186 Tagen

1073 3176 1161 3236 werde
1191 3174 1225 3234 ich
1255 3173 1352 3233 Ihnen
1382 3171 1421 3231 ein
1456 3171 1529 3231 paar
1559 3169 1687 3229 Gedichte
1717 3168 1741 3228 in
1771 3165 1913 3225 Abscyrift
1938 3167 2030 3227 senden
2070 3168 2104 3228 (so
2129 3167 2178 3227 daß

1076 3214 1123 3274 Sie
1152 3214 1190 3274 sie
1219 3212 1290 3272 nicht
1320 3210 1444 3270 kopieren
1483 3210 1506 3270 zu
1540 3208 1621 3268 lassen
1655 3207 1822 3267 brauchen).
1847 3209 1894 3269 Ich
1928 3207 2000 3267 habe
2029 3207 2095 3267 kaum
2139 3204 2181 3264 ein

1077 3254 1192 3314 Dutzend
1226 3252 1413 3312 geschrieben,
1442 3249 1485 3309 die
1515 3250 1659 3310 angehen.
1688 3246 1755 3306 Was
1789 3246 1846 3306 Sie
1876 3246 1909 3306 an
1948 3246 2029 3306 Lyrik
2064 3246 2097 3306 an
2131 3244 2188 3304 mir

1082 3292 1185 3352 finden,
1210 3292 1258 3352 hat
1288 3291 1332 3351 sich
1362 3291 1386 3351 in
1441 3288 1539 3348 meine
1569 3287 1770 3347 Erzählungen
1825 3285 1878 3345 und
1928 3285 2025 3345 Stücke
2075 3285 2187 3345 hinein¬

1076 3334 1230 3394 geschlichen
1264 3327 1271 3387 —
1322 3329 1378 3389 was
1404 3327 1476 3387 nicht
1510 3324 1599 3384 ner
1633 3326 1681 3386 von
1707 3326 1829 3386 Nortell
1846 3323 1927 3383 war.

1194 3370 1247 3430 Mit
1278 3368 1481 3428 verkindlichen

1845 3402 2113 3462 hochachtungsvoll

1796 3452 1853 3512 Dr.
1874 3452 1962 3512 Artur
1990 3452 2156 3512 Schnitzler.

1077 3497 1130 3557 30.
1152 3499 1200 3559 12.
1227 3497 1275 3557 99.

1105 3547 1226 3607 Wenige
1255 3547 1344 3607 Tage
1372 3547 1478 3607 später
1506 3544 1617 3604 erhielt
1646 3544 1684 3604 ich
1719 3542 1790 3602 auch
1824 3544 1930 3604 richtig
1964 3541 2008 3601 die
2043 3542 2070 3602 in
2104 3540 2186 3600 Aus¬

995 3601 1059 3661 sicht
1087 3598 1233 3658 gestellten
1266 3595 1429 3655 Gedichte,
1451 3594 1521 3654 fünf
1549 3593 1581 3653 an
1620 3593 1668 3653 der
1696 3593 1793 3653 Zahl,
1821 3589 1875 3649 von
1908 3592 2000 3652 denen
2033 3591 2071 3651 ich
2104 3590 2179 3650 dann

1000 3647 1069 3707 drei
1097 3646 1150 3706 für
1183 3645 1232 3705 die
1270 3643 1458 3703 Anthologie
1497 3643 1626 3703 behielt.
1675 3644 1718 3704 In
1762 3640 1859 3700 seinem
1908 3639 2183 3699 Begleitschreiben

1000 3697 1095 3757 sprach
1132 3697 1185 3757 er,
1212 3694 1360 3754 wiewohl
1393 3693 1440 3753 er,
1472 3692 1540 3752 nach
1578 3690 1631 3750 dem
1684 3690 1774 3750 ersten
1817 3689 1928 3749 Briefe
1966 3688 1991 3748 zu
2029 3688 2193 3748 schließen,

1003 3742 1056 3802 von
1089 3741 1186 3801 seiner
1214 3741 1354 3801 lyrischen
1387 3738 1559 3798 Begabung
1592 3738 1673 3798 nicht
1701 3737 1765 3797 viel
1793 3736 1819 3796 zu
1858 3735 1954 3795 halten
1988 3732 2100 3792 schien,
2123 3735 2182 3795 doch

1009 3792 1055 3852 sein
1092 3790 1257 3850 Bedauern
1294 3789 1428 3849 darüber
1460 3786 1531 3846 aus,
1579 3788 1630 3848 daß
1667 3785 1697 3845 er
1729 3785 1807 3845 nicht
1854 3783 1946 3843 mehr
1973 3783 2117 3843 Gedichte
2144 3781 2195 3841 ge¬

998 3841 1141 3901 schrieben
1173 3840 1269 3900 habe,
1312 3837 1359 3897 die
1392 3837 1440 3897 ihm
1483 3834 1578 3894 selber
1605 3834 1759 3894 gefielen.
1802 3831 1866 3891 Die
1893 3831 1962 3891 drei
1989 3831 2015 3891 in
2074 3831 2191 3891 meiner

999 3888 1194 3948 Sammlung
1248 3886 1512 3946 veröffentlichten
1571 3882 1719 3942 Gedichte
1768 3881 1958 3941 Schnitzlers
2006 3879 2069 3939 sind
2123 3879 2186 3939 also

1003 3936 1155 3996 vielleicht
1183 3934 1231 3994 die
1259 3936 1394 3996 einzigen
1433 3931 1574 3991 lyrischen
1613 3931 1759 3991 Gedichte
1787 3929 1846 3989 aus
1879 3929 1977 3989 seiner
2010 3929 2123 3989 Feder,
2151 3926 2194 3986 die

1008 3986 1087 4046 einem
1134 3984 1275 4044 weiteren
1311 3982 1477 4042 Leserkreis
1507 3980 1643 4040 bekannt
1669 3980 1825 4040 geworden
1866 3976 1941 4036 sind.

1106 4034 1163 4094 Ich
1189 4042 1317 4102 glaube,
1343 4043 1393 4103 daß
1426 4041 1464 4101 sie
1491 4038 1606 4098 gerade
1632 4039 1715 4099 jetzt,
1735 4037 1804 4097 nach
1837 4037 1888 4097 dem
1934 4035 2068 4095 Ableben
2101 4031 2183 4091 ihres

1000 4091 1141 4151 Autors,
1187 4089 1367 4149 besonderes
1402 4088 1559 4148 Interesse
1588 4086 1729 4146 erwecken
1764 4085 1904 4145 dürften.
1951 4083 2012 4143 Sie
2047 4082 2102 4142 sind
2137 4082 2187 4142 für

1010 4142 1083 4202 seine
1111 4141 1167 4201 von
1208 4141 1298 4201 tiefer
1332 4138 1541 4198 Melancholie
1576 4135 1751 4195 beschattete
1786 4135 1898 4195 Erotik
1927 4132 2192 4192 charakteristisch;
