3392 4384
173 384 251 444 2.
301 391 903 451 Schnitzler's
973 394 1210 454 Deatl

1426 393 1553 453 box
1629 396 1861 456 43/20

228 1296 324 1356 Nya
366 1290 565 1350 Dagligt
600 1282 868 1342 Allehanda

319 1430 738 1490 1939

259 1539 396 1599 erO

334 1731 550 1791 Arthur
612 1736 925 1796 Schnitzler

556 1829 706 1889 död.

1039 2722 1122 2782 Wien
1147 2724 1197 2784 som
1235 2725 1247 2785 i
1269 2725 1444 2785 Schnitzler
1465 2726 1536 2786 fann
1582 2728 1624 2788 sin
1670 2729 1803 2789 sensible

1039 2766 1207 2826 skildrare.
1243 2767 1349 2827 Redan
1380 2770 1530 2830 Licbelci,
1548 2770 1597 2830 den
1624 2772 1725 2832 första
1752 2773 1805 2833 ko¬

1034 2809 1121 2869 medi
1142 2810 1175 2870 av
1206 2811 1280 2871 hans
1306 2811 1406 2871 hand,
1427 2814 1472 2874 som
1515 2814 1611 2874 nâdde
1640 2814 1799 2874 europeisk

1036 2853 1237 2913 ryktbarhet,
1250 2856 1387 2916 andades
1407 2856 1456 2916 det
1477 2856 1601 2916 wienska
1626 2856 1803 2916 lättsinnets

1032 2893 1084 2953 och
1121 2896 1173 2956 den
1214 2898 1343 2958 wienska
1380 2901 1599 2961 melankoliens
1632 2902 1785 2962 atmosfär

1039 2938 1155 2998 Anatol
1181 2941 1401 3001 presenterade
1431 2943 1480 3003 för
1510 2943 1639 3003 mondän
1694 2946 1797 3006 publik

1032 2985 1162 3045 Europa
1215 2985 1288 3045 runt
1334 2988 1362 3048 en
1395 2989 1448 3049 typ
1477 2988 1513 3048 av
1542 2988 1713 3048 världsman
1743 2989 1791 3049 som

458 3000 581 3060 Arthur
609 3003 800 3063 Schnitzler.

1032 3029 1123 3089 ingen
1153 3029 1349 3089 annanstans
1379 3029 1470 3089 hörde
1497 3030 1609 3090 hemma
1643 3032 1672 3092 än
1706 3032 1805 3092 justi

1039 3068 1142 3128 Wien,
1160 3071 1211 3131 och
1242 3074 1254 3134 i
1272 3074 1302 3134 en
1332 3074 1401 3134 lång
1432 3074 1479 3134 rad
1510 3074 1699 3134 dramatiska
1725 3074 1807 3134 smá-

285 3080 422 3140 WIEN,
439 3083 582 3143 onsdag.
619 3083 683 3143 (T.
704 3082 714 3142 T

288 3125 409 3185 Arthur
431 3127 602 3187 Schnitzler
630 3128 713 3188 avled
742 3128 796 3188 här
819 3128 863 3188 vid
891 3130 1001 3190 7-tiden
1035 3116 1162 3176 stycken
1190 3116 1344 3176 varierade
1367 3119 1422 3179 han
1445 3119 1489 3179 sin
1512 3119 1577 3179 egen
1606 3119 1649 3179 typ
1678 3119 1716 3179 av
1733 3119 1804 3179 pes¬

1037 3161 1178 3221 simistisk
1208 3161 1470 3221 världskännare.
1491 3161 1716 3221 Pessimismeen
1750 3164 1799 3224 var

255 3167 286 3227 på
313 3170 595 3230 onsdagsaftonen.
631 3173 670 3233 Dà
697 3173 882 3233 författaren
909 3174 944 3234 på
971 3174 997 3234 ef

1035 3205 1125 3265 ytlig,
1147 3203 1199 3263 det
1216 3203 1250 3263 är
1273 3203 1354 3263 sant,
1377 3203 1437 3263 men
1463 3203 1515 3263 den
1542 3203 1619 3263 ägde
1641 3204 1688 3264 två
1715 3206 1805 3266 egen¬

247 3212 452 3272 termiddagen
482 3212 650 3272 ätervände
676 3217 742 3277 från
772 3217 801 3277 en
831 3218 994 3278 promenad

1036 3247 1143 3307 skaper
1170 3247 1221 3307 som
1260 3248 1454 3308 sannerligen
1484 3248 1544 3308 inte
1571 3248 1652 3308 alltid
1682 3249 1798 3309 brukar

248 3254 420 3314 drabbades
442 3258 493 3318 han
519 3259 553 3319 av
571 3259 747 3319 slaganfall
760 3260 807 3320 och
834 3262 910 3322 avled
937 3262 1005 3322 utan

1034 3290 1144 3350 räknas
1175 3291 1224 3351 som
1266 3291 1498 3351 pessimismens
1529 3292 1654 3352 främsta
1689 3292 1802 3352 karak-

247 3300 294 3360 att
320 3299 354 3359 ha
390 3299 528 3359 äterfått
559 3304 792 3364 medvetandet.
840 3307 1013 3367 Schnitzler

1032 3334 1200 3394 täristika:
1227 3335 1350 3395 elegans
1377 3334 1430 3394 och
1461 3334 1620 3394 kvickhet.
1664 3337 1730 3397 Med
1762 3338 1797 3398 de

254 3345 301 3405 var
325 3344 368 3404 vid
397 3346 435 3406 sin
464 3346 520 3406 död
545 3346 577 3406 69
602 3349 639 3409 år
659 3349 811 3409 gammal.

1032 3379 1152 3439 vapnen
1178 3379 1298 3439 befäste
1320 3379 1440 3439 Arthur
1462 3381 1630 3441 Schnitzler
1652 3381 1690 3441 sin
1716 3382 1801 3442 ställ¬

1033 3424 1105 3484 ning
1133 3425 1168 3485 på
1205 3424 1255 3484 den
1283 3424 1382 3484 teater
1410 3425 1459 3485 han
1492 3427 1518 3487 så
1551 3425 1732 3485 lidelsefullt
1755 3426 1800 3486 äl¬

1037 3468 1150 3528 skade.

287 3483 411 3543 Arthur
432 3485 602 3545 Schnitzler
624 3486 717 3546 hörde
738 3489 877 3549 historien
904 3489 950 3549 till
972 3490 1007 3550 re¬

1075 3510 1178 3570 Döden
1209 3510 1393 3570 betraktade
1420 3513 1514 3573 denne
1545 3513 1713 3573 världsman
1748 3512 1803 3572 all¬

243 3526 296 3586 dan
328 3528 394 3588 före
417 3528 457 3588 sin
488 3530 662 3590 bortgäng,
681 3533 712 3593 ty
739 3532 792 3592 han
824 3534 997 3594 förkropps

1032 3555 1070 3615 tid
1101 3555 1160 3615 med
1191 3555 1221 3615 en
1247 3555 1306 3615 viss
1328 3557 1449 3617 raljant
1471 3555 1629 3615 bitterhet.
1668 3558 1728 3618 Och
1754 3557 1801 3617 in¬

242 3573 340 3633 ligade
367 3573 416 3633 till
434 3573 496 3633 hela
523 3574 563 3634 sin
590 3575 665 3635 typ,
684 3576 732 3636 till
751 3576 812 3636 bela
840 3576 880 3636 sin
907 3579 1013 3639 natur,

1030 3599 1081 3659 för
1107 3597 1180 3657 hans
1206 3600 1274 3660 egen
1300 3600 1450 3660 bortgäng
1480 3602 1613 3662 kommer
1635 3600 1699 3660 man
1725 3600 1793 3660 ihäg

246 3615 306 3675 med
337 3615 401 3675 hela
432 3618 475 3678 sin
506 3618 648 3678 diktning
678 3618 709 3678 en
739 3618 777 3678 tid
813 3621 860 3681 som
899 3621 951 3681 för
977 3621 1007 3681 15

1032 3643 1087 3703 hur
1109 3642 1164 3702 han
1191 3644 1199 3704 i
1216 3645 1255 3705 sin
1286 3645 1509 3705 mästarnovell
1526 3643 1719 3703 Ungkarlens
1741 3645 1792 3705 död

241 3659 277 3719 år
300 3659 387 3719 sedan
415 3660 478 3720 gled
507 3662 529 3722 in
557 3663 570 3723 i
589 3663 639 3723 det
658 3663 832 3723 förflutna.
869 3663 933 3723 För
956 3663 1006 3723 den

1043 3690 1111 3750 själv
1138 3686 1270 3746 skildrat
1299 3686 1339 3746 ett
1362 3687 1471 3747 avsked
1504 3688 1572 3748 från
1600 3687 1686 3747 livet.
1728 3687 1800 3747 Bot-

246 3702 329 3762 värld
354 3703 387 3763 av
408 3704 466 3764 nya
492 3704 687 3764 stämningar
708 3707 754 3767 och
779 3707 837 3767 nya
858 3707 1012 3767 problem.

1030 3730 1133 3790 tenlös
1177 3731 1279 3791 cynism
1319 3731 1409 3791 finns
1431 3731 1487 3791 där
1513 3732 1594 3792 med,
1612 3734 1724 3794 raljeri
1746 3732 1792 3792 och

236 3746 284 3806 som
322 3747 424 3807 kriget
445 3746 493 3806 och
523 3749 584 3809 inte
609 3751 699 3811 minst
720 3749 826 3809 freden
855 3752 920 3812 fort
941 3752 1002 3812 mec

1030 3776 1189 3836 koketteri
1230 3776 1318 3836 finns
1367 3776 1424 3836 där
1469 3776 1575 3836 ocksä.
1638 3777 1703 3837 Men
1757 3778 1801 3838 ett

243 3791 308 3851 sig,
331 3791 538 3851 intresserade
570 3794 623 3854 han
659 3794 698 3854 sig
734 3794 813 3854 inte,
836 3794 924 3854 churu
960 3797 995 3857 vä

1026 3821 1142 3881 ensligt
1168 3818 1301 3878 svärmod
1330 3818 1363 3878 är
1389 3818 1443 3878 där
1464 3819 1534 3879 även
1560 3821 1609 3881 och
1635 3821 1664 3881 en
1689 3822 1789 3882 öppen

243 3837 406 3897 knappast
424 3839 521 3899 nägon
552 3839 711 3899 europeisk
738 3839 799 3899 stat
822 3839 883 3899 fått
906 3839 1003 3899 känna

1026 3863 1111 3923 famn
1142 3863 1206 3923 mot
1229 3865 1280 3925 det
1302 3864 1460 3924 vemodiga
1487 3864 1534 3924 och
1565 3866 1724 3926 förfinade
1750 3869 1805 3929 liv,

244 3883 279 3943 av
304 3881 385 3941 dessa
413 3881 640 3941 förändringar
665 3884 693 3944 sä
718 3884 766 3944 som
806 3884 879 3944 hans
904 3885 992 3945 egen.

286 3925 345 3985 Det
370 3925 423 3985 var
454 3926 646 3986 sekelslutets
671 3926 724 3986 och
768 3928 1007 3988 förkrigsärens
1032 3912 1086 3972 som
1116 3909 1128 3969 i
1147 3910 1243 3970 botten
1274 3910 1339 3970 dock
1370 3910 1423 3970 var
1442 3910 1550 3970 honoin
1568 3910 1598 3970 sä
1622 3912 1706 3972 kärt.

2079 603 2792 663 OBSERVER

2162 646 2190 706 I.
2203 648 2325 708 österr.
2338 656 2486 716 behördl.
2502 666 2797 726 konzessioniertes

2115 688 2350 748 Unternehmen
2384 696 2429 756 für
2455 704 2836 764 Zeitungs-Ausschnitte

2166 748 2313 808 WIEN,
2340 757 2390 817 I.,
2416 764 2699 824 WOLLZEILE
2744 772 2788 832 11

2262 807 2478 867 TELEPHON
2516 817 2691 877 R-23-0-43

2059 936 2279 996 Ausschnitt
2307 945 2401 1005 aus:

2062 1510 2261 1570 Arthur
2312 1518 2620 1578 Schnitzler
2681 1521 2809 1581 död.

2550 1599 2697 1659 1

2820 3451 2889 3511 fätt
2934 3451 3185 3511 medvetandet.
3225 3454 3284 3514 Sch

2819 3501 2891 3561 maj
2913 3501 3012 3561 nästa
3038 3504 3074 3564 är
3101 3504 3137 3564 ha
3169 3502 3257 3562 blivit

2849 3599 3039 3659 Schnitzler
3071 3597 3130 3657 var
3162 3600 3193 3660 en
3235 3603 3271 3663 av

2818 3649 2882 3709 kiga
2952 3648 3180 3708 litteraturens
3246 3650 3310 3710 met

2816 3698 2900 3758 mest
2955 3698 3224 3758 omdebatterade
3279 3699 3296 3759 n

2090 3747 2214 3807 Arthur
2241 3747 2426 3807 Schnitzler
2476 3749 2564 3809 avled
2596 3749 2608 3809 i
2635 3749 2715 3809 Wien
2746 3746 2790 3806 vid

2825 3749 2928 3809 Under
2955 3748 2990 3808 de
3016 3749 3150 3809 senaste
3199 3749 3272 3809 ären

2056 3799 2187 3859 sjutiden
2220 3802 2257 3862 pä
2296 3800 2600 3860 onsdagsaftonen.
2648 3798 2694 3858 Då
2723 3796 2778 3856 för

2819 3797 2905 3857 varit
2929 3800 3076 3860 tämligen
3108 3800 3177 3860 tyst
3200 3801 3232 3861 om
3274 3803 3310 3863 ha

2053 3848 2196 3908 fattaren
2225 3852 2263 3912 pä
2302 3850 2555 3910 eftermiddagen
2618 3846 2790 3906 ätervände
2829 3848 2876 3908 det
2906 3848 2963 3908 kan
2997 3851 3159 3911 knappast
3208 3850 3303 3910 förne

2054 3900 2126 3960 från
2157 3900 2186 3960 en
2217 3900 2414 3960 promenad,
2457 3899 2641 3959 drabbades
2668 3899 2727 3959 han
2757 3897 2796 3957 av
2826 3900 2894 3960 just
2916 3899 2989 3959 icke
3019 3899 3075 3959 var
3105 3899 3135 3959 en
3191 3902 3302 3962 förfat

2050 3949 2232 4009 plaganfall
2255 3951 2309 4011 och
2343 3951 2431 4011 avled
2460 3952 2536 4012 utan
2565 3950 2620 4010 att
2643 3949 2675 4009 ha
2709 3946 2792 4006 äter-
2820 3949 2919 4009 hörde
2970 3952 3091 4012 hemma
3119 3951 3129 4011 i
3153 3950 3307 4010 efterkrig
