3392 4352
343 178 491 238 machern,
505 180 590 240 wenn
616 180 664 240 das
691 185 765 245 Geld
792 187 852 247 noch
891 190 1026 250 beschaft
1040 194 1051 254 N
1090 192 1138 252 rd.
1164 189 1227 249 uns
1253 191 1326 251 nchr
1340 193 1388 253 die
1414 194 1500 254 Lebe
1526 197 1661 257 erwesen
1689 200 1750 260 und
1776 202 1837 262 mit
1863 204 2036 264 Doresduns
2050 205 2135 265 chon.

276 217 347 277 Und
381 222 543 282 abgesehen
577 224 696 284 davon,
720 229 777 289 daß
816 231 873 291 wir
902 232 964 292 alle
993 236 1131 296 ruiniert
1155 234 1246 294 reden
1280 234 1442 294 könntest.“
1471 234 1480 294 —
1533 240 1633 300 Was?

162 234 245 294 sten.

2053 240 2065 300 —
2097 240 2103 300 -

1715 245 1806 305 „Dich
1838 247 1892 307 hat
1917 247 1941 307 er
1973 248 1996 308 ja

282 261 356 321 sind,
380 264 453 324 wird
486 264 518 324 es
551 266 592 326 ein
626 267 783 327 Skandal,
807 270 862 330 wie
890 273 922 333 er
951 275 1016 335 noch
1049 277 1127 337 nicht
1155 277 1271 337 immer
1295 279 1457 339 besonders
1481 282 1550 342 gern
1583 284 1722 344 gehabt.“
1750 280 1764 340 —
1815 288 1880 348 Hab
1908 289 2000 349 nichts

158 282 168 342 r
201 282 250 342 sich

273 303 302 363 da
332 305 415 365 war.
435 309 523 369 Denk
543 309 606 369 dir,
627 312 665 372 ein
700 313 851 373 Advokat,
872 315 910 375 ein
945 317 1121 377 berübmter
1151 321 1249 381 davon
1284 324 1436 384 gemerkt.
1480 327 1543 387 Die
1568 328 1691 388 Wange
1721 330 1774 390 hat
1804 332 1833 392 er
1868 333 1926 393 mir
1956 333 2004 393 ge¬

2040 343 2107 403 (Der
2141 350 2250 410 Zyklus
2299 351 2475 411 „Lebendige
2514 354 2672 414 Stunden“
2720 358 2777 418 und
2826 362 2878 422 das

272 350 431 410 Advokat,
447 348 456 408 —
503 352 570 412 der,
591 353 600 413 —
647 354 739 414 nein,
755 355 786 415 ich
817 357 888 417 kann
915 360 945 420 es
966 361 1022 421 gar
1049 363 1125 423 nicht
1147 365 1316 425 streichelt,
1342 366 1398 426 wie
1430 367 1465 427 ich
1502 368 1594 428 zwölf
1620 370 1691 430 oder
1723 375 1861 435 dreizehn
1898 377 2000 437 Jahre

2031 385 2200 445 Schauspiel
2229 389 2383 449 „Liebelei“
2417 389 2470 449 sind
2499 392 2523 452 im
2567 392 2610 452 S.
2630 398 2885 458 Fischer=Verlag,

275 393 552 453 niederschreiben.
599 398 655 458 Ich
687 399 810 459 kämpfe
836 401 954 461 immer
981 405 1042 465 mit
1068 407 1114 467 den
1151 407 1201 467 alt
1234 407 1320 467 war.
1367 410 1485 470 „Schon
1527 411 1568 471 ein
1604 415 1712 475 ganzes
1749 417 1928 477 Fräulein."

2027 422 2152 482 Berlin,
2171 425 2214 485 die
2243 425 2359 485 Novelle
2388 428 2542 488 „Fräulein
2572 430 2653 490 Else“
2683 435 2716 495 ist
2735 437 2759 497 im
2803 440 2884 500 Paul

151 428 174 488 sr
193 429 239 489 ihn
275 436 421 496 Tränen.
446 442 493 502 Du
529 443 622 503 weißt
646 443 693 503 ja,
717 446 817 506 Kind,
841 449 876 509 du
912 449 964 509 bist
988 451 1017 511 ja
1047 455 1129 515 klug,
1160 459 1241 519 „Und
1271 457 1300 517 da
1330 456 1418 516 Papa
1443 457 1501 517 seit
1519 458 1571 518 den
1602 462 1790 522 achttausend
1820 464 2002 524 glücklicher¬

2155 464 2426 524 Zsolnay=Verlag,
2447 470 2550 530 Wien,
2575 470 2757 530 erschienen.)

1301 723 1680 783 Arthur
1725 733 2297 793 Schnitzlers
2363 743 2933 803 letztwillige

1293 920 1958 980 Versugung.
1994 922 2576 982 Begrabnis
2646 936 2952 996 letzter

1941 1104 2054 1164 K.

2180 1109 2307 1169 sse.

1265 1198 1347 1258 Das
1390 1207 1609 1267 dadurch
1641 1212 1859 1272 ersparte
1892 1212 2006 1272 Geld
2049 1215 2173 1275 wird
2206 1222 2570 1282 Spitalzwecken
2613 1228 2988 1288 zugewendet.

1364 1293 1527 1353 Heute
1573 1297 1792 1357 mittags
1848 1300 2154 1360 Bestattung
2212 1308 2309 1368 auf
2343 1310 2440 1370 dem
2509 1314 2772 1374 Zentralfr
2806 1318 2991 1378 edhof.

1283 1360 1354 1420 Der
1385 1364 1505 1424 Sohn
1554 1367 1679 1427 Arthur
1722 1373 2016 1433 Schnitzlers,
2053 1372 2101 1432 der
2132 1375 2275 1435 bunden,
2300 1380 2348 1440 daß
2378 1380 2432 1440 das
2463 1383 2673 1443 Burgtheater
2698 1385 2733 1445 um
2776 1388 2829 1448 den
2860 1389 2986 1449 Dichter

1249 1410 1460 1470 Schauspieler
1497 1411 1560 1471 und
1592 1415 1756 1475 Regisseur
1788 1416 1930 1476 Heinrich
1962 1416 2104 1476 Schnitz=
2137 1419 2194 1479 wie
2221 1421 2258 1481 um
2300 1422 2384 1482 einen
2417 1425 2464 1485 der
2491 1427 2606 1487 Seinen
2639 1430 2775 1490 trauert.

1242 1450 1308 1510 ler,
1330 1452 1381 1512 der
1412 1454 1525 1514 gestern
1562 1455 1618 1515 aus
1649 1457 1757 1517 Berlin
1794 1458 1819 1518 in
1856 1458 1943 1518 Wien
1974 1461 2097 1521 eintraf

2175 1464 2244 1524 Der
2273 1467 2469 1527 akademische
2505 1470 2609 1530 Maler
2644 1471 2695 1531 Leo
2725 1473 2834 1533 Deutz
2858 1476 2909 1536 hal
2939 1476 2984 1536 die

1241 1494 1397 1554 übergibt
1425 1495 1473 1555 der
1501 1500 1735 1560 Offentlichkeit
1762 1500 1805 1560 die
1832 1503 1995 1563 folgenden
2034 1505 2109 1565 letzt¬

2132 1509 2441 1569 Totenmaske
2473 1512 2524 1572 des
2561 1515 2705 1575 Dichters
2747 1518 2995 1578 abgenommen.

1249 1539 1381 1599 willigen
1413 1542 1640 1602 Verfügungen
1672 1543 1730 1603 aus
1757 1544 1804 1604 dem
1842 1545 1979 1605 Nachlaß
2006 1548 2100 1608 seines

2175 1546 2240 1606 Der
2274 1553 2628 1613 Journalisten=
2667 1558 2750 1618 und
2795 1560 2988 1620 Schrift¬

1246 1580 1384 1640 Vaters,
1404 1583 1462 1643 und
1512 1586 1605 1646 bittet
1655 1587 1679 1647 im
1724 1589 1847 1649 Namen
1877 1589 1950 1649 aller
1980 1592 2107 1652 Hinter¬

2134 1595 2456 1655 stellerverein
2502 1601 2812 1661 „Concordia"
2852 1604 2990 1664 verlaut¬

1245 1625 1425 1685 bliebenen,
1465 1628 1515 1688 die
1539 1631 1685 1691 Wünsche
1737 1631 1787 1691 des
1816 1634 2013 1694 Verewigten
2070 1638 2098 1698 zu
2138 1634 2227 1694 bart:

1235 1670 1366 1730 achten.

2180 1679 2278 1739 Unser
2309 1685 2692 1745 Ehrenmitglied
2748 1689 2815 1749 Dr.
2859 1691 2988 1751 Arthur

2133 1725 2377 1785 Schnitzler
2422 1727 2460 1787 ist
2500 1728 2538 1788 am
2578 1730 2633 1790 21.
2656 1731 2689 1791 d.
2700 1733 2878 1793 gestorben.
2918 1736 2989 1796 Das

1249 1756 1606 1816 Bestimmungen,
1631 1761 1687 1821 die
1720 1763 1768 1823 ich
1802 1764 1891 1824 nach
1924 1765 2078 1825 meinem
2136 1768 2445 1828 Leichenbegängnis
2470 1771 2575 1831 findet
2600 1774 2730 1834 Freitag
2763 1777 2811 1837 den
2844 1777 2900 1837 23.
2925 1775 2989 1835 Ok¬

2135 1810 2219 1870 tober
2248 1813 2287 1873 um
2333 1813 2366 1873 12
2400 1813 2463 1873 Uhr
2492 1817 2621 1877 mittags
2655 1819 2712 1879 auf
2741 1819 2791 1879 dem
2837 1821 2989 1881 Zentral¬

1362 1825 1527 1885 Ab.eben
1580 1831 1623 1891 zu
1667 1831 1824 1891 erfüllen
1870 1831 1999 1891 bitte:

2135 1855 2267 1915 friedhof
2289 1856 2333 1916 (1.
2351 1856 2433 1916 Tor)
2450 1859 2505 1919 von
2533 1861 2583 1921 der
2611 1861 2760 1921 Zeremon
2783 1864 2904 1924 enhalle
2927 1864 2982 1924 aus

1289 1888 1515 1948 Herzstich.

2132 1897 2214 1957 statt.
2254 1900 2320 1960 Die
2342 1902 2458 1962 Herren
2486 1903 2757 1963 Vereinskollegen
2791 1909 2906 1969 werden
2935 1906 2984 1966 ge¬

1281 1930 1427 1990 Keine
1458 1933 1659 1993 Kränze!

2134 1941 2235 2001 beten,
2261 1941 2305 2001 sich
2339 1944 2389 2004 zum
2435 1944 2530 2004 letzten
2563 1947 2684 2007 Geleite
2710 1950 2851 2010 zahlreich
2884 1951 2985 2011 einzu¬

1289 1972 1427 2032 Keine
1469 1977 1634 2037 Parte!
1676 1977 1759 2037 Auch
1794 1980 1829 2040 in
1871 1980 1925 2040 der
1960 1983 2098 2043 Zeitung

2130 1986 2250 2046 finden.
2291 1989 2364 2049 Der
2385 1989 2559 2049 Vorstand.

1244 2014 1350 2074 nicht!

2184 2049 2372 2109 Schnitzlers
2397 2052 2601 2112 Gedenkfeier
2626 2052 2672 2112 bei
2697 2055 2798 2115 Radio
2823 2057 2932 2117 Wien.

1283 2070 1553 2130 Begräbnis
1599 2073 1760 2133 letzter
1793 2075 1953 2135 Klasse.
2025 2078 2101 2138 Das

2172 2098 2322 2158 Sonntag
2357 2100 2403 2160 den
2439 2101 2495 2161 25.
2513 2103 2548 2163 d.
2572 2106 2647 2166 wird
2676 2106 2780 2166 Radio
2810 2108 2896 2168 Wien
2932 2109 2965 2169 um

1238 2112 1326 2172 durch
1360 2114 1538 2174 Befolgung
1572 2115 1666 2175 dieser
1689 2118 1911 2178 Bestimmung
1939 2122 2100 2182 erübrigt¬

2135 2138 2162 2198 13
2201 2141 2261 2201 Uhr
2289 2141 2322 2201 10
2356 2143 2505 2203 Minuten
2545 2147 2610 2207 eine
2639 2147 2733 2207 Feier
2761 2150 2987 2210 veranstalten,

1240 2154 1320 2214 Geld
1350 2156 1384 2216 ist
1413 2159 1668 2219 Spitalszwecken
1703 2162 1928 2222 zuzuwenden.

2131 2184 2175 2244 die
2203 2186 2252 2246 dem
2302 2186 2456 2246 Gedenken
2490 2189 2611 2249 Arthur
2634 2192 2904 2252 Schnitzlers
2938 2194 2987 2254 ge¬

1282 2198 1426 2258 Keine
1461 2204 1635 2264 Reden!

2131 2228 2227 2288 weiht
2250 2228 2301 2288 ist.
2341 2231 2409 2291 Dr.
2433 2232 2522 2292 Ernst
2546 2234 2716 2294 Lothar
2745 2237 2818 2297 wird
2852 2237 2898 2297 die
2921 2238 2988 2298 Ge¬

1288 2252 1498 2312 Vermeidung
1531 2255 1657 2315 allen
1723 2258 1862 2318 rituellen
1921 2261 2086 2321 Beiwerks

2132 2273 2281 2333 denkrede
2323 2274 2444 2334 halten,
2473 2276 2525 2336 der
2566 2277 2629 2337 eine
2670 2282 2872 2342 Aufführung
2919 2282 2970 2342 von

1238 2297 1494 2357 (Insbesondere
1517 2300 1778 2360 Leichenwächter
1801 2302 1878 2362 usw.

2128 2315 2314 2375 Schnitzers
2376 2318 2546 2378 einaktigem
2618 2321 2717 2381 Spiel
2773 2321 2800 2381 in
2861 2324 2971 2384 Versen

1281 2338 1422 2398 Keine
1458 2341 1640 2401 Trauer
1676 2346 1781 2406 tragen
1829 2347 1899 2407 nach
1953 2347 2076 2407 meinem
2131 2357 2383 2417 „Paracelsus",
2425 2360 2519 2420 unter
2555 2362 2607 2422 der
2643 2365 2855 2425 Spielleitung
2914 2364 2972 2424 von

1235 2380 1342 2440 Tode,
1362 2383 1487 2443 absolut
1512 2386 1607 2446 keine.

2125 2401 2193 2461 Dr.
2217 2401 2302 2461 Hans
2332 2402 2504 2462 Nüchtern,
2528 2408 2619 2468 folgt.
2660 2407 2740 2467 Auch
2769 2407 2826 2467 das
2856 2410 2976 2470 Wiener

1646 2440 1767 2500 Arthur
1793 2443 2056 2503 Schnitzler.

2126 2446 2474 2506 Symphonieorchester
2503 2449 2593 2509 unter
2616 2452 2666 2512 der
2689 2452 2818 2512 Leitung
2847 2455 2976 2515 Oswald

1285 2488 1357 2548 (Die
1385 2490 1444 2550 hier
1471 2491 1610 2551 gesperrt
1637 2494 1803 2554 gedruckten
1837 2494 1943 2554 Worte
1970 2496 2029 2556 sind
2063 2495 2090 2555 in
2124 2491 2282 2551 Kabastas
2310 2491 2389 2551 wird
2409 2494 2448 2554 an
2476 2496 2569 2556 dieser
2596 2496 2688 2556 Feier
2709 2498 2901 2558 mitwirken.

1242 2531 1293 2591 der
1317 2535 1669 2595 Originalhandschrift
1693 2538 1940 2598 unterstrichen.)

2152 2579 2453 2639 Trauersitzung
2488 2583 2556 2643 des
2583 2583 2944 2643 Schutzverbandes

1277 2586 1348 2646 Das
1373 2587 1633 2647 Testament
1657 2589 1705 2649 des
1730 2592 1868 2652 Dichters
1899 2593 2019 2653 enthält
2044 2592 2080 2652 be

1245 2631 1368 2691 sondere
1420 2634 1753 2694 Verfügungen
1833 2637 1945 2697 über
2013 2639 2092 2699 der

2135 2645 2328 2705 deutscher
2357 2649 2624 2709 Schriftsteller
2662 2649 2699 2709 in
2737 2652 2976 2712 Oesterreich.

1236 2673 1565 2733 literarischen
1595 2678 1802 2738 Nachlaß.
1838 2679 1907 2739 Die
1931 2679 2092 2739 Ordnung

2168 2703 2234 2763 Der
2262 2706 2410 2766 Vorstand
2446 2706 2492 2766 des
2520 2712 2797 2772 Schutzverbandes
2832 2712 2979 2772 deutscher

1237 2717 1325 2777 dieses
1353 2718 1474 2778 Erbes,
1497 2720 1546 2780 für
1569 2721 1624 2781 das
1652 2721 1823 2781 bestimmte
1846 2724 2083 2784 Dispositionen

2124 2750 2344 2810 Schriftsteller
2372 2750 2399 2810 in
2434 2750 2599 2810 Österreich
2644 2756 2711 2816 trat
2739 2756 2854 2816 gestern
2888 2756 2976 2816 unter

1239 2762 1367 2822 gegeben
1399 2761 1546 2821 werden,
1565 2763 1645 2823 wird
1676 2764 1731 2824 der
1756 2768 1879 2828 Sohn
1916 2768 2094 2828 Schnitz¬

2121 2789 2244 2849 Vorsitz
2263 2793 2309 2853 des
2340 2795 2540 2855 Präsidenten
2570 2798 2676 2858 Oskar
2701 2798 2842 2858 Maurus
2872 2801 2977 2861 Fon¬

1236 2804 1330 2864 lers
1365 2806 1584 2866 vornehmen.

2119 2833 2226 2893 tana
2267 2837 2294 2897 zu
2334 2837 2424 2897 einer
2453 2837 2690 2897 Trauersitzung
2730 2843 2882 2903 anläßlich
2923 2845 2973 2905 des

2117 2878 2281 2938 Ablebens
2339 2879 2463 2939 Arthur
2520 2885 2707 2945 Schnitzlers
2787 2888 2985 2948 zusammen.

1374 2893 1442 2953 Der
1478 2894 1722 2954 literarische
1758 2897 1932 2957 Nachlaß

2112 2921 2168 2981 O.
2197 2921 2253 2981 M.
2276 2921 2423 2981 Fontana
2452 2924 2610 2984 würdigte
2639 2927 2690 2987 die
2719 2929 2979 2989 Gesamtperson¬

1235 2950 1355 3010 enthält
1379 2953 1470 3013 unter
1500 2956 1632 3016 anderem
1696 2956 1741 3016 ein
1788 2956 1851 3016 fast
1892 2959 2081 3019 vollendetes
2118 2962 2255 3022 lichkeit,
2279 2964 2394 3024 Erhart
2417 2968 2647 3028 Buschbeck
2688 2970 2745 3030 den
2798 2974 2970 3034 führenden

1238 2997 1514 3057 Schauspiel
1550 2999 1659 3059 „Der
1695 3001 1781 3061 Zug
1833 3001 1908 3061 der
1943 3003 2092 3063 Schat¬

2120 3007 2325 3067 Dramatiker
2358 3010 2548 3070 Österreichs
2597 3013 2662 3073 und
2711 3016 2868 3076 Sonka
2918 3019 2971 3079 den

1229 3040 1347 3100 ten",
1370 3040 1499 3100 weiters
1540 3046 1942 3106 Aufzeichnungen
1993 3046 2060 3106 bio

2119 3052 2305 3112 väterlichen
2344 3053 2477 3113 Berater
2510 3057 2570 3117 und
2604 3058 2731 3118 Freund
2764 3058 2813 3118 des
2853 3064 2973 3124 Schutz¬

1234 3083 1521 3143 graphischer
1564 3085 1666 3145 Art,
1715 3088 1780 3148 die,
1829 3088 2093 3148 wahrscheinlich,
2119 3096 2298 3156 verbandes
2353 3097 2502 3157 deutscher
2552 3101 2774 3161 Schriftsteller
2810 3103 2834 3163 in
2871 3106 2978 3166 Öster¬

1244 3126 1542 3186 zusammengefaßt,
1578 3129 1623 3189 als
1664 3129 1934 3189 Autobiographie
1969 3132 2095 3192 erschei¬
2125 3137 2216 3197 reich,
2240 3140 2285 3200 dem
2326 3139 2492 3199 Schnitzler
2522 3143 2573 3203 seit
2591 3144 2688 3204 seiner
2712 3145 2803 3205 Grün
2833 3148 2889 3208 ung
2919 3148 2976 3208 an¬

1235 3166 1293 3226 nen
1329 3171 1476 3231 werden,
1500 3173 1558 3233 und
1606 3175 1793 3235 Skizzen
1842 3178 1882 3238 zu
1936 3177 2071 3237 einem
2118 3182 2265 3242 gehörte.
2301 3183 2371 3243 Der
2395 3186 2548 3246 Vorstand
2578 3189 2707 3249 beschloß
2737 3190 2765 3250 zu
2790 3192 2895 3252 Ehren
2925 3193 2971 3253 des

1238 3213 1427 3273 Roman.

2116 3226 2263 3286 Dichters
2290 3225 2349 3285 eine
2377 3228 2469 3288 große
2491 3231 2670 3291 Totenfeier
2699 3233 2720 3293 zu
2753 3237 2980 3297 veranstalten.

2112 3267 2257 3327 Weiters
2290 3270 2398 3330 wurde
2425 3270 2452 3330 im
2496 3272 2604 3332 Sinne
2632 3276 2755 3336 Arthur
2783 3280 2972 3340 Schnetzlers

1466 3303 1549 3363 Das
1584 3304 1826 3364 Begräbnis

2117 3312 2315 3372 beschlossen,
2383 3313 2432 3373 dem
2505 3319 2766 3379 Unterstützungs
2783 3321 2860 3381 onds
2922 3323 2971 3383 des

2119 3353 2407 3413 Schutzverbandes
2463 3358 2618 3418 deutscher
2674 3365 2902 3425 Schriftsteller
2941 3366 2968 3426 in

1237 3362 1334 3422 findet
1360 3364 1446 3424 heute
1471 3364 1606 3424 mittags
1656 3366 1711 3426 auf
1761 3365 1811 3425 dem
1873 3368 2088 3428 Zentral¬

2112 3398 2290 3458 Österreich
2324 3401 2390 3461 eine
2418 3401 2550 3461 größere
2577 3404 2723 3464 Summe
2751 3410 2976 3470 zuzuwenden.

1229 3407 1443 3467 friedhof
1472 3408 1556 3468 statt.
1602 3410 1670 3470 Die
1716 3410 1840 3470 irdische
1891 3410 1981 3470 Hülle
2033 3410 2083 3470 des

1230 3449 1379 3509 Dichters
1411 3452 1488 3512 wird
1525 3452 1581 3512 von
1618 3454 1669 3514 dem
1721 3455 1944 3515 Trauerhause
1975 3455 2000 3515 in
2037 3452 2088 3512 der

1232 3492 1537 3552 Sternwartestraße
1585 3497 1620 3557 um
1684 3498 1756 3558 halb
1782 3497 1813 3557 12
1844 3497 1907 3557 Uhr
1954 3497 2010 3557 auf
2032 3497 2083 3557 den

2122 3516 2278 3576 Beileid
2329 3518 2392 3578 der
2436 3525 2721 3585 französischen
2758 3529 2971 3589 Autoren.

1232 3538 1507 3598 Zentralfriedhof
1530 3538 1573 3598 (1.
1595 3538 1676 3598 Tor)
1693 3538 1833 3598 gebracht
1855 3539 1914 3599 und
1942 3538 2001 3598 auf
2023 3541 2071 3601 dem

2154 3568 2220 3628 Die
2248 3568 2376 3628 Société
2410 3571 2459 3631 des
2493 3574 2632 3634 Auteurs
2671 3577 2698 3637 et
2727 3580 2965 3640 Compositeurs

1230 3571 1583 3631 en
1614 3581 1715 3641 a
1787 3585 1822 3645 al
1848 3587 2020 3647 ige-

2117 3610 2349 3670 Dramatiques
2377 3613 2409 3673 de
2431 3616 2556 3676 France
2578 3619 2632 3679 hat
2660 3619 2692 3679 an
2725 3622 2773 3682 den
2807 3625 2968 3685 Syndikus

1337 3619 1560 3679 Trauerfahne
1587 3625 1645 3685 auf
1667 3630 1720 3690 dem
1758 3633 1986 3693 Burgtheater.

2114 3650 2166 3710 der
2199 3655 2451 3715 Genossenschaft
2489 3661 2710 3721 dramatischer
2742 3669 2963 3729 Schriftsteller

1272 3659 1340 3719 Das
1367 3670 1583 3730 Burgtheater
1632 3676 1684 3736 hat
1733 3682 1843 3742 gestern
1875 3682 1922 3742 die
1944 3688 2086 3748 Trauer¬

2115 3691 2173 3751 und
2201 3696 2423 3756 Komponisten
2456 3700 2521 3760 Dr.
2544 3706 2673 3766 Philipp
2706 3708 2869 3768 Silber
2918 3714 2961 3774 ein

1224 3704 1319 3764 fahne
1348 3711 1471 3771 gehißt.
1506 3716 1601 3776 Diese
1646 3721 1866 3781 Totenehrung
1918 3727 1990 3787 war
2036 3731 2063 3791 im
2115 3737 2334 3797 Radiogramm
2380 3741 2521 3801 gesandt,
2544 3748 2566 3808 in
2600 3749 2650 3809 dem
2696 3750 2740 3810 die
2769 3753 2966 3813 Gesellschaft

1229 3750 1439 3810 Burgtheater
1468 3758 1550 3818 nur
1579 3761 1634 3821 für
1662 3765 1850 3825 Mitglieder
1878 3771 1989 3831 üblich,
2017 3774 2078 3834 doch

2112 3780 2140 3840 zu
2176 3782 2221 3842 dem
2262 3784 2459 3844 Hinscheiden
2494 3789 2539 3849 des
2569 3792 2678 3852 großen
2708 3797 2956 3857 österreichischen

1225 3789 1293 3849 war
1317 3794 1489 3854 Schnitzler
1530 3803 1587 3863 seit
1633 3805 1684 3865 der
1714 3812 1949 3872 Uraufführung
1979 3820 2076 3880 seiner
2111 3823 2254 3883 Dichters
2289 3827 2415 3887 Arthur
2445 3833 2628 3893 Schnitziers
2669 3836 2714 3896 ihr
2750 3842 2956 3902 tiefgefühltes

1217 3839 1397 3899 „Liebelei"
1432 3842 1454 3902 so
1488 3846 1549 3906 sehr
1585 3849 1640 3909 mit
1669 3853 1719 3913 dem
1765 3858 1979 3918 Burgtheater
2008 3863 2081 3923 ver=
2110 3868 2239 3928 Mitleid
2268 3872 2318 3932 zum
2359 3875 2516 3935 Ausdruck
2539 3879 2657 3939 bringt.
