3344 4384
596 366 1303 426 „OBSERVER

674 428 700 488 1.
723 423 842 483 österr.
861 420 1006 480 behördl.
1029 413 1317 473 konzessioniertes

651 475 885 535 Unternehmen
917 470 963 530 für
991 464 1362 524 Zeitungs-Ausschnitte

718 536 860 596 WIEN,
880 538 919 598 I.,
946 532 1200 592 WOLLZEILE
1240 526 1284 586 11

796 590 1003 650 TELEPHON
1039 582 1211 642 R-23-0-43

589 728 825 788 Ausschnitt
852 725 914 785 aus
936 724 946 784 :

976 759 1033 819 Die
1054 744 1199 804 Stande,
1210 731 1258 791 de

610 954 730 1014 vom:

902 980 996 1040 -7,
1016 969 1139 1029 0KT.
1168 960 1205 1020 14

673 1190 891 1250 Bücher
937 1190 1037 1250 aus
1085 1187 1175 1247 der
1221 1181 1486 1241 Schweiz

701 1271 740 1331 So
774 1269 834 1329 wie
868 1271 948 1331 jetzt
976 1269 1002 1329 in
1036 1268 1096 1328 der
1130 1265 1298 1325 Schwetz,
1325 1263 1378 1323 aus
1406 1262 1512 1322 politi¬

650 1315 748 1375 schen
781 1315 954 1375 Gründen,
973 1314 1015 1374 ein
1048 1309 1245 1369 besonderes
1273 1306 1437 1366 Interesse
1466 1303 1512 1363 für

656 1361 838 1421 Österreich
872 1357 1021 1417 erwacht
1046 1357 1103 1417 ist,
1123 1355 1156 1415 so
1185 1354 1324 1414 beginnt
1349 1351 1415 1411 man
1450 1348 1512 1408 sich

656 1405 737 1465 auch
795 1405 852 1465 bei
901 1401 963 1461 uns
1012 1400 1040 1460 in
1098 1398 1256 1458 größeren
1295 1396 1430 1456 Kreisen
1469 1393 1502 1453 um

661 1447 851 1507 Schweizer
888 1444 1028 1504 Politik,
1064 1441 1265 1501 Wirtschaft
1303 1438 1364 1498 und
1406 1438 1519 1498 Kunst

654 1492 745 1552 mehr
784 1493 832 1553 als
866 1492 977 1552 bisher
1011 1488 1044 1548 zu
1089 1486 1319 1546 bekümmern.
1373 1483 1440 1543 Und
1484 1483 1517 1543 so

659 1536 764 1596 wenig
800 1533 986 1593 Österreich
1027 1530 1123 1590 heute
1163 1528 1319 1588 (weniger
1355 1527 1436 1587 denn
1477 1527 1526 1587 je)

655 1581 725 1641 eine
761 1578 1152 1638 Binnenangelegenheit
1204 1573 1269 1633 ist,
1316 1572 1350 1632 so
1417 1569 1513 1629 wenig

660 1626 743 1686 kann
783 1625 832 1685 die
867 1620 1019 1680 Schweiz
1054 1619 1078 1679 in
1118 1617 1206 1677 einem
1255 1614 1412 1674 Zeitalter
1452 1613 1520 1673 ver¬

657 1669 792 1729 suchter
828 1665 990 1725 geistiger
1026 1662 1314 1722 Gleichschaltung
1380 1659 1425 1719 ein
1486 1656 1516 1716 in

658 1714 725 1774 sich
788 1711 1056 1771 verschlossenes
1110 1707 1201 1767 Land
1264 1704 1407 1764 bleiben.
1461 1701 1518 1761 Die

655 1757 838 1817 Parallelen
882 1754 1012 1814 werden
1056 1751 1162 1811 hüben
1206 1749 1263 1809 wie
1302 1745 1423 1805 drüben
1472 1745 1524 1805 be¬

656 1802 784 1862 merkt.
809 1801 908 1861 Schon
943 1796 1076 1856 deshalb
1111 1794 1185 1854 wird
1215 1793 1269 1853 der
1299 1792 1442 1852 Hinweis
1472 1790 1525 1850 auf

663 1847 767 1907 einige
831 1848 859 1908 im
931 1843 1046 1903 besten
1109 1838 1185 1898 Sinn
1249 1835 1521 1895 schweizerische

662 1892 794 1952 Bücher
822 1889 916 1949 nicht
944 1886 1209 1946 unwillkommen
1248 1882 1336 1942 sein,
1359 1880 1419 1940 der
1453 1880 1518 1940 hier

663 1936 826 1996 vorsucht
852 1931 949 1991 wird.

708 1988 826 2048 Zuerst
849 1985 910 2045 auf
933 1984 1018 2044 einen
1052 1982 1198 2042 weiteren
1232 1978 1322 2038 Band
1351 1978 1406 2038 der
1430 1976 1525 2036 amü¬

661 2034 774 2094 santen
838 2029 1029 2089 Sammlung
1097 2026 1216 2086 „Was
1274 2023 1414 2083 nicht
1472 2020 1512 2080 im

659 2077 911 2137 Baedeker
942 2071 1113 2131 steht“,
1165 2068 1225 2128 den
1266 2068 1422 2128 zweiten,
1468 2065 1528 2125 der

661 2122 723 2182 sich
760 2122 822 2182 mit
854 2119 911 2179 der
943 2117 1094 2177 Schweiz
1121 2113 1334 2173 beschäftigt
1366 2110 1428 2170 und
1471 2109 1528 2169 wie

664 2165 719 2225 der
757 2164 845 2224 erste
888 2163 943 2223 von
990 2159 1186 2219 Annemarie
1224 2154 1527 2214 Sohwarzen-

656 2208 766 2268 bach
803 2208 863 2268 und
894 2207 939 2267 H.
960 2205 1000 2265 R.
1021 2202 1203 2262 Sohmid
1239 2199 1371 2259 verfaßt
1397 2197 1457 2257 ist.
1478 2196 1523 2256 Da

660 2253 765 2313 haben
794 2252 861 2312 sich
886 2250 972 2310 zwei
996 2248 1125 2308 Kenner
1150 2244 1529 2304 zusammengefunden,

666 2300 704 2360 um
753 2298 897 2358 diesmal
926 2294 984 2354 den
1023 2292 1153 2352 Norden
1197 2288 1254 2348 und
1298 2286 1355 2346 den
1399 2286 1524 2346 Westen

666 2343 723 2403 der
762 2340 930 2400 Schweiz,
960 2336 1031 2396 also
1075 2334 1156 2394 etwa
1200 2333 1282 2393 auch
1325 2331 1426 2391 Basel
1465 2328 1522 2388 und

667 2384 772 2444 Genf,
791 2381 954 2441 liebevoll
979 2379 1012 2439 zu
1046 2375 1228 2435 behandeln
1263 2375 1324 2435 und
1358 2372 1536 2432 gelegent¬

663 2430 720 2490 lich
759 2428 792 2488 zu
836 2424 1039 2484 verlästern.
1068 2420 1145 2480 Wer
1175 2419 1241 2479 sich
1280 2417 1468 2477 solcherart
1498 2415 1526 2475 in

669 2475 726 2535 der
750 2471 898 2531 Schweiz
922 2467 1104 2527 auskennt,
1128 2465 1261 2525 vertiefe
1291 2462 1376 2522 seine
1405 2460 1534 2520 Kennt¬

666 2519 716 2579 nis
754 2515 814 2575 der
852 2512 1146 2572 schweizerisohen
1189 2506 1356 2566 Litoratur
1394 2506 1431 2566 an
1473 2504 1529 2564 der

663 2561 758 2621 Hand
800 2560 886 2620 eines
923 2556 978 2616 der
1009 2554 1136 2614 großen
1178 2552 1300 2612 Werke
1341 2549 1396 2609 von
1438 2547 1534 2607 Josef

663 2605 843 2665 Nadler
909 2602 973 2662 und
1045 2599 1142 2659 Emil
1203 2593 1535 2653 Ermatinger.

710 2666 1015 2726 Ermatinger
1051 2659 1109 2719 hat
1149 2656 1203 2716 vor
1243 2656 1361 2716 kurzem
1416 2655 1524 2715 seinen

669 2714 728 2774 60.
748 2710 949 2770 Geburtstag
985 2704 1127 2764 gefeiert
1172 2701 1235 2761 und
1285 2699 1319 2759 es
1374 2698 1417 2758 ist
1467 2698 1516 2758 ihm

662 2758 743 2818 nach
803 2755 889 2815 altem
957 2748 1218 2808 akademischen
1277 2743 1407 2803 Brauch
1470 2740 1527 2800 von

676 2802 779 2862 seinen
824 2797 976 2857 Sobülern
1021 2794 1089 2854 eine
1124 2788 1330 2848 Festschrift
1360 2785 1537 2845 gewidmet

679 2844 828 2904 worden,
879 2841 929 2901 die
984 2835 1174 2895 „Dichtung
1220 2833 1275 2893 und
1320 2830 1505 2890 Forschung

676 2889 784 2949 heißt.
834 2886 887 2946 Sie
932 2882 981 2942 ist
1016 2880 1094 2940 weit
1134 2878 1287 2938 entfernt
1322 2874 1380 2934 von
1420 2874 1533 2934 irgend

673 2935 817 2995 welcher
847 2928 1105 2988 Fachsimpelei.
1130 2924 1184 2984 Ihr
1210 2920 1308 2980 Kreis
1339 2917 1447 2977 reicht
1478 2916 1531 2976 von

680 2978 911 3038 Eichendorff,
941 2970 1053 3030 dessen
1098 2968 1166 3028 fast
1201 2963 1417 3023 unbekannto
1452 2961 1540 3021 Lite¬

676 3021 966 3081 raturgeschichte
1012 3014 1082 3074 hier
1123 3013 1152 3073 in
1203 3011 1253 3071 ein
1304 3007 1404 3067 helles
1439 3006 1534 3066 Licht

670 3068 815 3128 gerückt
839 3062 935 3122 wird,
955 3059 1003 3119 bis
1033 3058 1066 3118 zu
1096 3054 1192 3114 Rilke
1216 3054 1225 3114 —
1285 3050 1352 3110 eine
1381 3050 1540 3110 Betrach¬

675 3111 745 3171 tung
802 3109 883 3169 über
936 3104 996 3164 den
1053 3098 1288 3158 Niederschlag
1351 3094 1411 3154 des
1443 3092 1544 3152 Welt¬

676 3157 806 3217 krieges
835 3153 863 3213 in
893 3150 950 3210 der
980 3146 1148 3206 Literstur
1173 3143 1215 3203 ist
1240 3142 1312 3202 hier
1337 3140 1432 3200 schon
1467 3137 1524 3197 aus

673 3200 816 3260 führlich
851 3194 1044 3254 gewürdigt
1080 3188 1227 3248 worden.
1253 3184 1287 3244 In
1322 3182 1431 3242 diesem
1481 3182 1544 3242 Zu¬

678 3244 916 3304 sammenhang
963 3238 1028 3298 soll
1071 3233 1150 3293 auch
1192 3230 1239 3290 ein
1277 3227 1374 3287 neues
1412 3224 1543 3284 Jahr¬

677 3289 791 3349 buch
831 3284 890 3344 der
920 3279 1073 3339 rührigen
1114 3273 1356 3333 Literarischen
1396 3268 1544 3328 Vereini¬

687 3336 769 3396 gung
812 3325 1118 3385 Wiaterthur
1154 3318 1263 3378 zitiert
1306 3313 1451 3373 werdon,
1482 3313 1544 3373 das

683 3377 770 3437 einen
809 3369 1102 3429 österreichischen
1142 3363 1296 3423 Nachruf
1325 3360 1383 3420 auf
1417 3356 1542 3416 Arthur

679 3417 963 3477 Schnitzler
1014 3409 1161 3469 enthält.
1233 3406 1293 3466 Die
1355 3403 1537 3463 Redaktion

684 3465 791 3525 dieses
824 3457 1035 3517 Jahrbuches
1087 3451 1242 3511 (geleitet
1270 3447 1331 3507 von
1369 3445 1425 3505 dem
1472 3445 1547 3505 aus¬

687 3508 915 3568 gezeichneten
947 3498 1182 3558 Gotthelf-For
1208 3494 1278 3554 cher
1310 3489 1432 3549 Rudolf
1458 3489 1544 3549 Hun¬

691 3555 797 3615 ziker)
819 3553 887 3613 gibt
915 3548 962 3608 für
995 3545 1042 3605 die
1069 3539 1287 3599 Literarische
1320 3534 1538 3594 Vereinigung

689 3600 744 3660 aus
778 3596 834 3656 dem
876 3591 1022 3651 Nachlaß
1074 3586 1130 3646 des
1178 3583 1248 3643 früh
1309 3579 1540 3639 verstorbenen

683 3640 975 3700 schweizerischen
1026 3630 1183 3690 Dichters
1234 3625 1295 3685 und
1351 3621 1540 3681 Essayisten

694 3688 835 3748 Thomas
866 3681 1053 3741 Rofflor
1079 3678 1165 3738 seine
1196 3671 1378 3731 „Bildnisse
1404 3669 1464 3729 aus
1490 3666 1545 3726 der

702 3776 837 3836 neueren
872 3773 1046 3833 deutschen
1086 3768 1266 3828 Literatur“
1306 3764 1441 3824 hraus.
1464 3761 1543 3821 Hier
1572 3759 1622 3819 slo
1656 3752 1802 3812 Walther
1837 3749 2062 3809 Hünerwadel
2108 3745 2135 3805 in
2192 3740 2429 3800 gewinnender

703 3822 805 3882 finden
848 3820 909 3880 sich
951 3815 1198 3875 ungewöhnlich
1236 3812 1325 3872 feine
1362 3809 1422 3869 und
1465 3806 1554 3866 weit-
1587 3802 1741 3862 Klarheit
1769 3795 1922 3855 darstellt

1622 3844 1817 3904 Erschienen
1854 3839 1941 3899 sind:
1968 3836 2019 3896 der
2050 3832 2220 3892 Baedeker
2247 3830 2303 3890 bel
2324 3828 2437 3888 Piper,

704 3864 930 3924 ausgreifende
990 3860 1123 3920 Studien
1177 3857 1261 3917 auch
1321 3854 1399 3914 über
1454 3851 1542 3911 Hof

1583 3890 1675 3950 beide
1707 3881 2089 3941 Literaturgeschichten
2137 3875 2193 3935 bei
2229 3875 2338 3935 Beck,
2385 3872 2436 3932 die

703 3907 979 3967 mannsthal
1011 3905 1068 3965 und
1105 3899 1302 3959 Werfel.

1586 3931 1782 3991 Festschrift
1812 3928 1866 3988 bei
1891 3924 2003 3984 Huber
2038 3921 2062 3981 in
2096 3918 2312 3978 Frauenfeld,
2342 3913 2439 3973 Jahr¬

750 3952 808 4012 Mit
838 3950 981 4010 welchem
1025 3946 1137 4006 Ernst,
1163 3943 1261 4003 welch
1296 3938 1536 3998 ausgeprägtem

703 3998 777 4058 Sinn
818 3995 873 4055 für
908 3991 1159 4051 Gerechtigkeit
1196 3988 1255 4048 und
1296 3985 1436 4045 welcher
1472 3981 1557 4041 Dar-
1588 3978 1667 4038 buch
1714 3974 1773 4034 und
1814 3968 2095 4028 Roffler-Nachlaß
2141 3961 2166 4021 im
2222 3960 2337 4020 Verlag
2383 3958 2437 4018 der

706 4040 970 4100 stellungskunst
1005 4033 1186 4093 Schweizer
1221 4030 1417 4090 Geschichte
1457 4025 1549 4085 sehen
1584 4019 1829 4079 Literarischen
1873 4012 2088 4072 Vereinigung
2134 4004 2339 4064 Winterthur
2374 4003 2432 4063 und

709 4086 770 4146 und
807 4084 991 4144 schreiben,
1033 4078 1171 4138 beweist
1224 4075 1279 4135 dio
1326 4073 1552 4133 „Allgemeine
1589 4067 1640 4127 die
1666 4063 1887 4123 „Allgemeine
1908 4056 2124 4116 Geschichte“
2151 4051 2201 4111 bei
2223 4046 2438 4106 Sauerländer

2263 4093 2312 4153 P.
2331 4090 2398 4150 Stt.

712 4131 906 4191 Geschichte
945 4125 1000 4185 vom
1045 4125 1177 4185 Wiener
1202 4122 1359 4182 Kongreß
1391 4120 1479 4180 an“,
1498 4113 1554 4173 wie
1592 4111 1624 4171 in
1650 4108 1780 4168 Aarau.
