3344 4224
184 285 308 345 12.

1476 279 1600 339 box
1680 281 1867 341 42/7

377 285 944 345 Schnitzler's
1015 282 1243 342 Death

1523 563 1661 623 gesehene
1691 563 1834 623 Synthese
1879 565 1926 625 des
1975 568 2109 628 geistigen
2143 570 2268 630 Gehalts
2316 571 2363 631 des
2413 576 2532 636 Wiener

673 569 822 629 Arthur
857 574 1065 634 Schnitzler
1091 577 1307 637 gestorben

1525 600 1645 660 Lebens.
1668 601 1734 661 Der
1757 604 1975 664 Novellenband
2006 607 2144 667 „Masken
2176 608 2234 668 und
2256 610 2403 670 Wunder“
2430 615 2532 675 (1911)

1039 637 1079 697 w.
1105 637 1211 697 Wien,
1232 641 1289 701 21.
1310 644 1462 704 Oktober.

1526 638 1602 698 stellt
1625 637 1670 697 der
1693 639 1765 699 erste
1789 640 1833 700 der
1857 643 1933 703 Form
1975 646 2038 706 nach
2070 646 2201 706 strengste
2234 648 2283 708 und
2311 652 2532 712 geschlossenste,

1521 677 1594 737 aber
1620 677 1692 737 schon
1723 678 1813 738 etwas
1843 680 1911 740 starr
1938 685 2109 745 gewordene
2135 688 2242 748 Arbeit
2264 691 2439 751 Schnitzlers
2466 694 2517 754 dar

525 685 642 745 Arthur
667 691 819 751 Schnitzler
844 691 878 751 ist
898 694 982 754 heute
1007 696 1040 756 um
1080 697 1134 757 18¼
1174 699 1232 759 Uhr
1257 700 1336 760 einem
1375 703 1478 763 Schlag

1524 715 1566 775 Im
1613 718 1731 778 Winter
1764 718 1918 778 1921/1922
1952 725 2069 785 wurden
2107 724 2154 784 die
2187 726 2267 786 leicht
2295 730 2408 790 erotisch
2446 732 2530 792 über¬

489 735 594 795 anfall
619 739 752 799 erlegen.

1517 757 1657 817 hauchten
1691 757 1816 817 Dialoge
1844 760 1933 820 seines
1966 763 2046 823 „Der
2074 763 2205 823 Reigen“
2238 768 2378 828 betitelten
2416 772 2522 832 Buches

1520 795 1660 855 entgegen
1693 795 1784 855 seiner
1811 797 1920 857 eigenen
1953 801 2066 861 Absicht
2089 802 2144 862 auf
2185 804 2330 864 mehreren
2381 810 2521 870 deutschen

1517 834 1655 894 Theatern
1687 834 1824 894 gegeben.
1851 837 1904 897 Sie
1927 840 2122 900 verursachten
2150 845 2367 905 Sensationen,
2386 847 2425 907 die
2452 851 2523 911 nicht

516 847 626 907 Arthur
652 852 878 912 Schnitzler
919 855 954 915 ist
980 858 1015 918 am
1056 859 1085 919 15
1131 857 1202 917 Mai
1232 860 1297 920 1862
1333 863 1358 923 in
1389 863 1474 923 Wien
1510 868 1565 928 dem
1606 872 1641 932 an
1672 873 1711 933 sich
1742 877 1989 937 unbestreitbaren
2020 881 2231 941 künstlerischen
2262 884 2358 944 Werte
2383 887 2428 947 der
2454 888 2524 948 klei¬

484 888 600 948 geboren
633 889 679 949 als
708 890 791 950 Sohn
824 891 870 951 des
904 896 1094 956 ordentlichen
1132 899 1299 959 Professors
1346 901 1383 961 an
1435 902 1485 962 der
1519 904 1574 964 nen
1612 911 1723 971 Skizzen
1761 913 1784 973 in
1817 917 2045 977 Gesprächsform
2092 921 2297 981 zuzuschreiben
2344 925 2418 985 sind.
2451 927 2520 987 1924

484 924 598 984 Wiener
623 930 805 990 Universität
826 933 949 993 Johann
980 938 1152 998 Schnitzler,
1173 939 1217 999 der
1243 939 1282 999 sich
1307 941 1351 1001 als
1376 942 1489 1002 Laryn¬

1521 951 1609 1011 folgte
1634 951 1678 1011 die
1703 953 1938 1013 Meisternovelle
1968 960 2124 1020 „Fräulein
2159 960 2257 1020 Else“,
2277 964 2374 1024 ferner
2400 968 2512 1028 erschien

482 965 575 1025 gologe
604 968 683 1028 einen
712 968 824 1028 Namen
857 974 988 1034 gemacht
1012 975 1072 1035 hat.
1111 974 1152 1034 Er
1176 976 1293 1036 wandte
1317 980 1382 1040 sich,
1401 982 1485 1042 gleich

1520 989 1552 1049 u.
1566 989 1597 1049 a.
1611 989 1680 1049 1926
1703 989 1744 1049 die
1767 995 2032 1055 „Traumnovelle"

483 1003 573 1063 seinem
615 1008 718 1068 Vater,
737 1007 786 1067 der
810 1013 1023 1073 medizinischen
1055 1013 1200 1073 Laufbahn
1232 1016 1281 1076 zu,
1295 1019 1435 1079 studierte
1459 1019 1481 1079 in

1554 1026 1622 1086 Das
1648 1028 1761 1088 Urteil,
1776 1031 1820 1091 das
1850 1034 2007 1094 Schnitzler
2027 1035 2100 1095 über
2121 1037 2165 1097 sich
2190 1037 2268 1097 selbst
2288 1040 2342 1100 mit
2363 1043 2406 1103 den
2436 1046 2524 1106 Wor¬

479 1043 553 1103 Wien
577 1046 632 1106 und
656 1047 857 1107 promovierte
876 1049 936 1109 hier
955 1049 1044 1109 1885.
1072 1054 1170 1114 Seine
1189 1055 1357 1115 praktischen
1381 1061 1478 1121 Jahre
1507 1062 1558 1122 ten
1591 1067 1703 1127 sprach:
1727 1070 1791 1130 „Ich
1820 1070 1889 1130 habe
1913 1072 1992 1132 nicht
2012 1073 2058 1133 den
2086 1077 2175 1137 Mut,
2194 1078 2268 1138 nicht
2287 1081 2338 1141 das
2362 1084 2525 1144 Tempera¬

478 1085 641 1145 verbrachte
683 1086 714 1146 er
761 1087 842 1147 (1886
874 1088 919 1148 bis
947 1088 1033 1148 1888)
1075 1091 1101 1151 im
1156 1094 1201 1154 K.
1221 1096 1261 1156 K.
1284 1098 1484 1158 Allgemeinen

1516 1106 1609 1166 ment,
1628 1106 1702 1166 nicht
1722 1107 1763 1167 die
1787 1109 1918 1169 Einfalt,
1937 1110 1969 1170 um
2012 1114 2119 1174 jemals
2143 1118 2264 1178 gläubig
2288 1120 2400 1180 Partei
2419 1121 2447 1181 zu
2475 1122 2522 1182 er¬

475 1123 703 1183 Krankenhaus,
722 1125 820 1185 wurde
843 1129 955 1189 darauf
974 1127 1113 1187 Assistent
1133 1131 1165 1191 an
1193 1132 1239 1192 der
1263 1136 1482 1196 Universitäts=
1506 1145 1664 1205 greifen",
1687 1146 1725 1206 ist
1758 1145 1781 1205 in
1818 1148 1962 1208 ähnlichen
2005 1152 2121 1212 Worten
2159 1154 2210 1214 von
2247 1157 2326 1217 einem
2373 1159 2443 1219 Teil
2471 1160 2517 1220 der

480 1163 639 1223 Poliklinik
665 1165 720 1225 und
750 1167 790 1227 ein
826 1168 911 1228 Jahr
937 1170 1031 1230 später
1057 1170 1228 1230 praktischer
1254 1174 1343 1234 Arzt.
1379 1176 1474 1236 Schon
1510 1180 1620 1240 Kritik
1640 1186 1861 1246 ausgesprochen
1892 1190 2022 1250 worden,
2043 1194 2107 1254 aber
2133 1195 2162 1255 er
2188 1197 2248 1257 war
2274 1200 2344 1260 trotz
2359 1203 2429 1263 allem
2475 1207 2509 1267 ein

473 1201 537 1261 nach
560 1203 687 1263 wenigen
721 1204 834 1264 Jahren
871 1207 935 1267 aber
958 1210 1013 1270 gab
1036 1210 1063 1270 er
1087 1210 1178 1270 seinen
1210 1213 1356 1273 ärztlichen
1389 1213 1466 1273 Bern

1525 1224 1615 1284 feiner
1637 1225 1791 1285 Künstler.

476 1241 545 1301 auf,
564 1243 596 1303 um
639 1246 685 1306 sich
714 1246 788 1306 ganz
812 1246 863 1306 der
887 1249 1120 1309 Literatur
1149 1251 1265 1311 widmen
1303 1255 1326 1315 zu
1359 1255 1490 1315 können.

520 1295 582 1355 1893
611 1299 725 1359 erschien
755 1300 807 1360 sein
837 1303 917 1363 erstes
942 1303 1027 1363 Werk
1047 1307 1215 1367 „Anatol“,
1229 1309 1291 1369 eine
1316 1312 1406 1372 Reihe
1430 1312 1478 1372 vor

473 1341 677 1401 dramatischen
710 1342 878 1402 Dialogen,
901 1344 942 1404 die
974 1345 1028 1405 mit
1051 1345 1133 1405 ihren
1165 1349 1256 1409 scharf
1279 1351 1474 1411 beobachteten

477 1377 622 1437 Menschen
651 1377 702 1437 und
731 1378 810 1438 deren
839 1381 984 1441 graziösen
1013 1383 1144 1443 Sprache
1168 1386 1243 1446 schon
1272 1388 1313 1448 die
1337 1390 1473 1450 Eigenar

1863 1383 2099 1443 AUSSCHNTT
2116 1396 2205 1456 VOM.

474 1414 560 1474 seines
585 1419 709 1479 Talents
733 1419 858 1479 zeigten.
887 1419 925 1479 Es
950 1422 1046 1482 folgen
1075 1425 1175 1485 schnell
1195 1427 1257 1487 eine
1277 1428 1367 1488 ganze
1392 1430 1483 1490 Reihe

469 1455 613 1515 änhlicher
637 1457 796 1517 Arbeiten,
810 1459 866 1519 wie
890 1459 932 1519 die
951 1463 1091 1523 Einakter
1115 1466 1194 1526 „Der
1213 1467 1311 1527 grüne
1330 1470 1465 1530 Kakadu“

2179 1496 2279 1556 22.
2308 1499 2409 1559 UKl.
2428 1506 2538 1566 1931

471 1496 705 1556 „Paracelsus",
725 1497 801 1557 „Die
821 1500 1003 1560 Gefährtin“
1032 1503 1142 1563 (1899),
1157 1505 1233 1565 dann
1263 1508 1305 1568 die
1325 1509 1483 1569 Einakter¬

465 1533 556 1593 cyklen
593 1536 771 1596 „Lebendige
804 1539 982 1599 Stunden“,
1005 1542 1128 1602 woraus
1161 1545 1316 1605 besonders
1349 1551 1485 1611 „Litera¬

464 1571 531 1631 tur“
551 1574 734 1634 hervorragt
759 1576 869 1636 (1902),
889 1579 942 1639 und
972 1583 1217 1643 „Marionetten“
1247 1583 1358 1643 (1906).
1382 1588 1474 1648 Dann

469 1613 646 1673 erschienen:
671 1616 723 1676 sein
753 1621 992 1681 meistgespieltes
1022 1622 1137 1682 Wiener
1166 1622 1338 1682 Schauspiel
1363 1628 1483 1688 „Liebe¬

1813 1616 2200 1676 Generalanzeiger
2244 1636 2286 1696 f.
2313 1646 2571 1706 Dortmund,
2599 1661 2822 1721 Dortmund

470 1652 524 1712 lei"
555 1652 676 1712 (1895);
702 1655 878 1715 „Freiwild“
914 1658 1030 1718 (1895);
1056 1662 1141 1722 „Das
1177 1663 1333 1723 Märchen“
1374 1664 1474 1724 (1902)

463 1688 508 1748 die
536 1694 676 1754 ebenfalls
709 1695 759 1755 das
791 1695 913 1755 Wiener
941 1700 1050 1760 Milieu
1083 1701 1242 1761 behandeln
1292 1703 1351 1763 und
1402 1706 1474 1766 seine

2076 1715 2242 1775 Artur
2274 1724 2502 1784 Schnitzler

456 1730 587 1790 Dramen
616 1733 757 1793 größeren
786 1736 890 1796 Stils,
909 1736 960 1796 wie
984 1742 1064 1802 „Der
1089 1742 1220 1802 Schleier
1244 1742 1291 1802 der
1315 1744 1470 1804 Beatrice“

466 1769 583 1829 (1901);
599 1772 677 1832 „Der
702 1773 765 1833 Ruf
780 1774 824 1834 des
849 1776 976 1836 Lebens"
1001 1778 1113 1838 (1905);
1134 1781 1212 1841 „Der
1237 1782 1364 1842 einsame
1384 1783 1452 1843 Weg

2440 1777 2529 1837 Wien.
2553 1780 2595 1840 21.
2620 1783 2747 1843 Oktober.

1930 1780 1980 1840 Der
2010 1787 2204 1847 oserreichische
2228 1795 2330 1855 Dichter
2354 1800 2439 1860 Artur
2468 1807 2612 1867 Schniyzler
2635 1812 2669 1872 ist
2692 1818 2783 1878 heute,

469 1807 581 1867 (1904),
607 1810 665 1870 und
695 1810 739 1870 die
770 1814 912 1874 Komödie
942 1819 1197 1879 „Zwischenspiel“
1232 1819 1345 1879 (1904).
1380 1824 1477 1884 Seine

1877 1809 1911 1869 69
1938 1810 2026 1870 Jahre
2044 1815 2097 1875 alt,
2115 1817 2145 1877 an
2172 1818 2242 1878 einem
2278 1828 2467 1888 Schlaganfall
2485 1836 2635 1896 gestorben.

466 1849 590 1909 späteren
624 1852 826 1912 dramatischen
860 1855 994 1915 Arbeiten
1028 1858 1105 1918 (1909
1134 1860 1215 1920 „Der
1240 1861 1325 1921 junge
1351 1864 1475 1924 Medar¬

1977 1843 2018 1903 tur
2039 1842 2184 1902 Ihnitzler
2206 1851 2292 1911 weilte
2314 1855 2405 1915 gestern
2435 1860 2514 1920 abend
2543 1863 2601 1923 noch
2626 1867 2651 1927 im
2689 1870 2759 1930 Thea

1872 1864 1933 1924 ter.
1960 1866 1999 1926 Er
2026 1869 2070 1929 dat
2092 1871 2131 1931 sich
2158 1875 2180 1935 in
2211 1879 2294 1939 letzter
2317 1883 2378 1943 Zeit
2401 1886 2467 1946 kaum
2502 1894 2643 1954 unpäßlich
2670 1900 2775 1960 gefühlt

459 1888 535 1948 dus"
569 1889 669 1949 (Josef
694 1891 794 1951 Kainz
819 1896 1005 1956 gewidmet),
1029 1898 1096 1958 1910
1130 1899 1211 1959 „Das
1245 1900 1331 1960 weite
1360 1903 1475 1963 Land“.

1874 1894 1932 1954 und
1960 1895 2038 1955 beute
2062 1903 2167 1963 morgen
2199 1903 2210 1963 9
2242 1909 2296 1969 Uhr
2324 1912 2351 1972 zu
2383 1915 2465 1975 seinem
2504 1925 2664 1985 gewohnten
2696 1929 2774 1989 Mor¬

1878 1927 2103 1987 genspaziergang
2139 1933 2190 1993 das
2226 1936 2300 1996 Haus
2336 1943 2478 2003 verlassen.

466 1925 527 1985 eine
557 1930 786 1990 Tragikomödie
829 1932 881 1992 des
911 1936 1054 1996 Alterns,
1092 1938 1164 1998 1912
1193 1939 1250 1999 das
1279 1942 1475 2002 Arzte=Stück

2516 1948 2613 2008 Gegen

2678 1953 2772 2013 Uyr

1871 1950 1959 2010 kehrte
1984 1953 2013 2013 er
2039 1959 2092 2019 nach
2117 1963 2205 2023 Hause
2231 1967 2319 2027 zurück
2339 1970 2388 2030 und
2418 1973 2496 2033 begab
2526 1974 2565 2034 sich
2590 1977 2614 2037 in
2645 1982 2693 2042 sein
2723 1982 2771 2042 Ar¬

463 1968 636 2028 „Professor
660 1968 846 2028 Berhardi“,
865 1971 911 2031 des
935 1975 1070 2035 weiteren
1099 1974 1187 2034 neben
1216 1980 1369 2040 Einaktern
1402 1980 1472 2040 1921

1869 1981 2074 2041 beltszimmer,
2096 1990 2156 2050 um,
2178 1992 2228 2052 wie
2250 1995 2323 2055 jeden
2349 1999 2421 2059 Tag,
2443 2004 2528 2064 seiner
2550 2009 2703 2069 Bekretärin
2734 2014 2759 2074 zu

464 2007 626 2067 „Komödie
645 2007 688 2067 der
707 2010 921 2070 Verführung"
946 2013 1003 2073 und
1027 2016 1089 2076 1925
1113 2016 1155 2076 die
1175 2019 1361 2079 dramatische
1385 2018 1470 2078 Dich¬

1871 2008 2012 2068 diktieren.
2047 2011 2098 2071 Als
2128 2015 2171 2075 die
2197 2022 2351 2082 Sekretärin
2381 2029 2432 2089 das
2463 2035 2694 2095 Arbeitszimmer
2724 2039 2766 2099 be¬

1865 2035 1941 2095 trat,
1966 2039 2030 2099 fand
2063 2040 2095 2100 sie
2128 2045 2212 2105 Artur
2245 2052 2386 2112 Schnitzler
2419 2061 2573 2121 bewußtlos
2609 2066 2674 2126 über
2706 2069 2750 2129 dem

459 2046 530 2106 tung
560 2046 636 2106 „Der
661 2047 746 2107 Gang
771 2051 819 2111 zum
858 2051 1026 2111 Weiher“),
1050 2054 1194 2114 errangen
1224 2058 1276 2118 auf
1296 2060 1338 2120 der
1363 2061 1473 2121 Bühne

1866 2065 2039 2125 Schreibtisch
2063 2073 2160 2133 liegen.
2188 2081 2252 2141 Man
2281 2082 2378 2142 brachte
2399 2083 2439 2143 ihn
2467 2088 2552 2148 fofort
2568 2092 2592 2152 zu
2621 2096 2689 2156 Bett
2709 2100 2757 2160 und

459 2083 533 2143 nicht
558 2085 607 2145 den
642 2087 760 2147 Erfolg,
785 2091 839 2151 wie
869 2093 943 2153 viele
974 2093 1067 2153 seiner
1092 2094 1201 2154 älteren
1236 2098 1354 2158 Stücke.
1384 2100 1472 2160 Nicht

1859 2089 1919 2149 rief
1943 2094 1988 2154 den
2025 2102 2174 2162 Hausarzt,
2195 2105 2255 2165 doch
2280 2109 2368 2169 waren
2401 2115 2449 2175 alle
2474 2118 2615 2178 Versuche,

459 2124 588 2184 weniger
612 2125 669 2185 rein
698 2129 774 2189 zeigt
794 2130 865 2190 Sch.
885 2133 937 2193 sein
966 2135 1076 2195 Talent
1100 2134 1124 2194 in
1153 2137 1244 2197 seinen
1273 2139 1459 2199 erzählenden

1867 2121 1914 2181 der
1936 2122 2015 2182 tiefen
2042 2132 2285 2192 Bewußtlosigkeit
2307 2146 2328 2206 zu
2360 2147 2497 2207 erwecken,
2519 2151 2677 2211 vergeblich,
2704 2154 2746 2214 ün

1873 2145 1907 2205 47
1936 2152 1991 2212 Uhr
2020 2156 2116 2216 abends
2145 2163 2280 2223 entschlief
2303 2158 2325 2218 er
2354 2166 2438 2226 fanft,
2461 2167 2522 2227 ohne
2551 2182 2596 2242 daß
2631 2186 2658 2246 er
2681 2186 2760 2246 noch¬

459 2166 589 2226 Werken.
623 2164 695 2224 1895
725 2169 845 2229 erschien
884 2172 1071 2232 „Sterben“,
1096 2172 1144 2232 das
1178 2173 1221 2233 die
1251 2177 1347 2237 letzten
1386 2180 1462 2240 Tage

1853 2178 1932 2238 mals
1967 2183 2036 2243 seipe
2059 2191 2220 2251 Umgebung
2255 2197 2363 2257 erkannt
2387 2203 2472 2263 hätte.

455 2204 536 2264 eines
560 2207 846 2267 Schwindsüchtigen
878 2212 932 2272 mit
951 2212 1073 2272 scharfem
1110 2213 1178 2273 aber
1206 2216 1265 2276 auch
1292 2219 1447 2279 peinlichem

461 2244 642 2304 Realismus
671 2249 814 2309 schildert,
834 2249 905 2309 1908
934 2251 986 2311 sein
1020 2254 1145 2314 einziger
1174 2257 1307 2317 Roman,
1332 2258 1379 2318 der
1408 2258 1460 2318 sein

457 2288 722 2348 Prosahauptwerk
743 2293 888 2353 darstellt,
905 2295 988 2355 „Der
1009 2295 1076 2355 Weg
1097 2296 1143 2356 ins
1170 2297 1290 2357 Freie",
1306 2301 1368 2361 eine
1394 2303 1461 2363 groß

1887 2395 2138 2455 AUSSCHNTT
2158 2405 2214 2465 VOM

2249 2455 2265 2515 2
2300 2455 2316 2515 2
2352 2458 2447 2518 OKI.
2474 2461 2559 2521 1937

1883 2641 2313 2701 Württemberger
2347 2660 2584 2720 Zeitung,
2606 2675 2863 2735 Stuttgart

2056 2738 2138 2798 Wien
2169 2742 2207 2802 ist
2231 2745 2275 2805 der
2299 2749 2489 2809 Lngtiker
2513 2760 2565 2820 und
2597 2769 2741 2829 Novellist
2757 2778 2847 2838 Arth.

1864 2781 2139 2841 Schnitzker
2166 2789 2199 2849 im
2235 2792 2320 2852 Allet
2348 2798 2398 2858 von
2425 2801 2459 2861 60
2486 2806 2606 2866 Jahren
2642 2819 2804 2879 gestorben.

2225 3019 2411 3079 Kalnische
2432 3022 2629 3082 Volkszela

1106 3052 1201 3112 MM

472 3086 713 3146 AUSSCHVIT
744 3080 791 3140 VOU

2283 3149 2364 3209 22.
2386 3161 2518 3221 MT.
2541 3166 2560 3226 1

1702 3247 1815 3307 Arthur
1849 3252 2012 3312 Schnitzler
2046 3254 2078 3314 f.
2111 3257 2258 3317 Wien,
2284 3261 2496 3321 21.Okt.1931.
2538 3267 2602 3327 Der
2636 3270 2758 3330 Dichter
2792 3270 2905 3330 Arthur

413 3281 658 3341 Lübecker
705 3263 1267 3323 General-Anzeiger,
1302 3245 1492 3305 hübeck

1728 3289 1895 3349 Schnitzler
1915 3294 2092 3354 starb-hier
2117 3297 2151 3357 am
2191 3300 2377 3360 Herzschlag.
2407 3302 2451 3362 Er
2476 3303 2539 3363 war
2564 3306 2623 3366 seit
2648 3308 2765 3368 einigen
2796 3311 2898 3371 Tagen

1736 3327 1821 3387 krank
1852 3333 1998 3393 gewesen.
2034 3336 2200 3396 Schnitzler
2231 3339 2291 3399 war
2322 3339 2357 3399 am
2403 3341 2447 3401 15.
2473 3345 2549 3405 Mai
2575 3347 2645 3407 1862
2675 3351 2705 3411 in
2736 3351 2822 3411 Wien
2857 3351 2907 3411 ge¬

1736 3369 1842 3429 boren.

466 3395 699 3455 /Kunst
751 3388 861 3448 und
924 3383 1369 3443 Wissenschaft.

749 3470 874 3530 Arthur
906 3467 1075 3527 Schnitzler
1101 3464 1144 3524 F.

429 3530 475 3590 Am
523 3527 632 3587 Abend
664 3527 716 3587 des
748 3523 909 3583 gestrigen
946 3518 1134 3578 Mittwochs
1166 3515 1217 3575 ist,
1238 3511 1300 3571 wie
1328 3509 1390 3569 aus
1421 3504 1515 3564 Wien

1974 3533 2199 3593 Ausschnitt
2227 3533 2312 3593 aus:

355 3582 516 3642 gemeldet
542 3577 622 3637 wird
663 3572 789 3632 Arthur
820 3570 1016 3630 Schnitzler,
1037 3566 1133 3626 unter
1159 3560 1214 3620 den
1245 3556 1507 3616 österreichischen

2122 3580 2688 3640 RheinischWestalischetg.Essan
2702 3578 2736 3638 d.
2744 3576 2817 3636 d.R.

355 3629 506 3689 Dichtern
547 3625 597 3685 der
628 3621 845 3681 Begenwart
870 3617 961 3677 wohl
992 3615 1047 3675 der
1078 3611 1219 3671 stärkste,
1245 3607 1330 3667 einem
1381 3602 1517 3662 Schlag¬

360 3679 468 3739 anfall
495 3674 644 3734 erlegen.
686 3670 732 3730 Er
764 3667 846 3727 stand
877 3667 908 3727 im
950 3666 1001 3726 70.
1022 3660 1265 3720 Lebensjahre.
1302 3653 1347 3713 Zu
1384 3650 1508 3710 Beginn

360 3729 410 3789 der
441 3725 511 3785 0er
537 3721 664 3781 Jahre,
685 3719 715 3779 in
746 3718 801 3778 der
827 3716 908 3776 Zeit
934 3714 984 3774 der
1015 3708 1284 3768 naturalistischen
1320 3700 1533 3760 Bewegung,

2283 3731 2371 3791 22.
2400 3715 2528 3775 0KT.
2556 3695 2658 3755 1937

1971 3757 2089 3817 vom:

370 3776 480 3836 wurde
510 3771 540 3831 er
571 3767 741 3827 berühmt,
767 3766 877 3826 seitdem
923 3763 977 3823 hat
1003 3761 1058 3821 der
1083 3756 1183 3816 höchst
1209 3751 1405 3811 fruchtbare,
1425 3747 1525 3807 glän¬

359 3824 438 3884 zend
468 3819 601 3879 begabte
636 3814 763 3874 Dichter
799 3813 867 3873 eine
897 3810 995 3870 große
1026 3804 1158 3864 Anzahl
1184 3800 1242 3860 von
1277 3795 1420 3855 Dramen
1460 3792 1519 3852 und

368 3868 599 3928 Erzählungen
635 3863 826 3923 geschaffen,
847 3858 892 3918 die
923 3856 948 3916 in
984 3853 1195 3913 Deutschland
1226 3848 1306 3908 nicht
1327 3842 1518 3902 geringeren

368 3920 486 3980 Erfolg
512 3915 641 3975 hatten,
657 3914 708 3974 als
729 3911 759 3971 in
791 3909 894 3969 seiner
915 3905 1048 3965 Heimat
1070 3897 1281 3957 Oesterreich,
1297 3894 1353 3954 und
1379 3893 1425 3953 die
1451 3888 1518 3948 auch

2112 3905 2275 3965 Arthur
2314 3909 2525 3969 Schnitzler
2554 3915 2765 3975 gestarben

375 3966 401 4026 im
442 3964 597 4024 Ausland
625 3960 767 4020 üherall
788 3957 910 4017 gelesen
944 3954 1004 4014 und
1033 3948 1229 4008 bewundert
1250 3942 1405 4002 wurden.
1439 3936 1526 3996 Eine

1973 3979 2133 4039 Wien,
2153 3981 2211 4041 21.
2231 3981 2307 4041 Okt.
2346 3984 2571 4044 (Drahtb.)
2617 3989 2745 4049 Arthur
2777 3994 2944 4054 Schnitzler
2977 3995 3015 4055 ist

380 4013 569 4073 eingehende
597 4010 806 4070 Würdigung
834 4008 881 4068 des
909 4003 1057 4063 Dichters
1085 4000 1138 4060 und
1167 3997 1268 4057 seiner
1289 3992 1404 4052 Werke
1425 3986 1519 4046 lassen
1546 3986 1552 4046 /

1860 4020 1957 4080 heule
1990 4023 2027 4083 um
2077 4025 2130 4085 ¼7
2163 4027 2228 4087 Uhr
2261 4028 2379 4088 abends
2418 4032 2504 4092 einem
2554 4037 2786 4097 Schlaganfall
2808 4038 2954 4098 erlegen.

372 4065 434 4125 wir
463 4064 589 4124 folgen.
