3392 4320
1388 320 1526 380 box
1601 323 1846 383 43/15

159 325 245 385 2.
304 325 885 385 Schnitzler's
954 324 1186 384 Deatl

1257 679 1406 739 Wiener
1439 679 1712 739 Medizinische
1750 682 2059 742 Wochenschrift

393 679 506 739 ﻿1452

390 802 786 862 chnilzlers
831 803 919 863 ganz
969 804 1190 864 eigenartiges
1240 804 1460 864 Künsllerlum
1527 804 1709 864 offenbart

1879 802 1944 862 Ein
1981 804 2032 864 Zim

329 852 457 912 eh
509 852 611 912 nichl
658 851 802 911 weniger
849 853 874 913 in
927 853 1152 913 erzählenden
1210 851 1374 911 Werken.
1427 850 1498 910 1892
1545 851 1699 911 ersehlen

1734 852 1824 912 Arzle
1858 851 1894 911 zu
1932 852 2060 912 haben.

1734 900 1973 960 vormittags.

385 901 593 961 Sterben",
622 900 696 960 1891
729 901 803 961 Die
841 903 1026 963 Blumen",
1054 903 1124 963 1895
1157 902 1235 962 Ein
1278 899 1486 959 Abschied",
1515 899 1584 959 1896
1622 900 1686 960 Di

382 950 469 1010 Frau
501 948 562 1008 des
594 948 761 1008 Weisen",
783 950 854 1010 1897
881 951 968 1011 Der
1000 951 1189 1011 Ehrentag"
1221 951 1282 1011 und
1318 949 1397 1009 Die
1428 948 1525 1008 Toten
1560 948 1706 1008 schwei-

1878 951 2039 1011 Schöne,

384 999 485 1059 gen".
516 997 586 1057 1900
622 997 797 1057 Andreas
833 999 1079 1059 Thalmayer".
1106 999 1193 1059 Der
1229 996 1343 1056 biinde
1379 998 1603 1058 Ceronima".
1634 997 1726 1057 Desl
1744 998 1805 1058 mil
1823 998 1906 1058 allem
1951 1001 2065 1061 Komfe

382 1046 652 1106 Meisterwerkes
672 1047 732 1107 der
756 1049 1079 1109 Erzâhlungskunst
1098 1048 1294 1108 „Leutnant
1313 1046 1425 1106 Custl"
1453 1046 1565 1106 wurde
1594 1046 1692 1106 schn
1739 1046 1893 1106 gelegen,
1917 1046 1953 1106 ab
1991 1048 2024 1108 1.
2043 1050 2056 1110 N

377 1096 536 1156 gedachl.
567 1097 697 1157 Ferner
727 1097 852 1157 nennen
888 1096 969 1156 wir:
992 1097 1100 1157 „Frau
1135 1096 1230 1156 Berta
1265 1097 1429 1157 Carlan",
1451 1097 1528 1157 „Die
1559 1096 1693 1156 griechi

1783 1094 1828 1154 11
1859 1097 1944 1157 oder
1976 1097 2047 1157 25

382 1144 458 1204 sche
495 1145 700 1205 Tänzerin".
723 1146 1005 1206 Weissagung",
1028 1146 1119 1206 „Das
1151 1146 1233 1206 neue
1270 1145 1392 1205 Led",
1416 1144 1502 1204 „Der
1539 1145 1602 1205 Tod
1639 1145 1679 1205 de

1989 1175 2116 1235 Wiener
2154 1181 2382 1241 Gesellschaft
2411 1181 2465 1241 für
2503 1185 2786 1245 Röntgenkunde.

377 1192 648 1252 Junggesellen",
667 1194 751 1254 Der
778 1193 840 1253 tote
867 1193 1041 1253 Gabriel",
1059 1193 1148 1253 Das
1175 1194 1352 1254 Tagebuch
1380 1193 1441 1253 der
1464 1193 1686 1253 Redegonda“

1812 1222 1943 1282 Silzung
1981 1225 2012 1285 am
2068 1228 2246 1288 Dienstag,
2274 1230 2333 1290 dem
2383 1231 2419 1291 3.
2439 1231 2630 1291 November
2663 1231 2703 1291 d.
2718 1233 2754 1293 J.
2782 1234 2817 1294 um
2873 1234 2932 1294 17
2969 1232 3042 1292 Uhr

388 1243 465 1303 Der
502 1243 679 1303 Morder",
707 1243 907 1303 „Dreifache
948 1243 1144 1303 Warnung"
1185 1243 1244 1303 und
1290 1242 1559 1302 „Hirtenflôte“,
1586 1243 1691 1303 Frau

1724 1273 1866 1333 abends,
1897 1274 1926 1334 im
1978 1275 2142 1335 Hôrsaale
2186 1276 2246 1336 des
2281 1281 2781 1341 Zentral-Rôntgeninstitutes.
2816 1282 3040 1342 Allgemeines

382 1290 479 1350 Beate
519 1291 581 1351 und
622 1291 674 1351 ihr
715 1292 843 1352 Sohn",
875 1292 1025 1352 „Doktor
1066 1293 1220 1353 Grâsler,
1252 1294 1456 1354 Badearzt",
1483 1292 1678 1352 Casanva

1725 1323 1993 1383 Krankenhaus,
2021 1324 2052 1384 3.
2067 1324 2148 1384 Hof.
2185 1327 2230 1387 E.
2249 1327 2449 1387 Klein-Il.
2468 1328 2509 1388 l.,
2532 1330 2737 1390 lopper;
2765 1330 2855 1390 Uber
2897 1331 3047 1391 llepato-

379 1342 609 1402 Heimfahrl“.
650 1341 716 1401 Aus
748 1341 805 1401 den
841 1342 960 1402 letzten
996 1342 1121 1402 Jahren
1161 1342 1352 1402 stammen:
1379 1342 1556 1402 „Fräulein
1592 1342 1690 1402 Else“

1721 1372 1998 1432 Lienographie.
2034 1372 2077 1432 R.
2100 1374 2236 1434 Pape,
2272 1377 2566 1437 Demonstration:
2606 1379 2799 1439 Abnormer
2839 1379 3041 1439 Rechtsver-

384 1391 455 1451 Die
495 1389 579 1449 Frau
624 1387 682 1447 des
722 1390 918 1450 Richters",
949 1390 1002 1450 die
1042 1390 1371 1450 „Traumnovelle",
1403 1390 1465 1450 und
1510 1390 1562 1450 als
1598 1392 1696 1452 letzte

1718 1419 1801 1479 lauf
1828 1421 1889 1481 der
1921 1422 2017 1482 Aorta
2049 1424 2260 1484 descendens
2295 1425 2348 1485 bei
2380 1425 2599 1485 Mesaorttis.
2630 1425 2665 1485 J.
2688 1428 2855 1488 Borak:
2882 1428 2938 1488 Die
2970 1428 3044 1488 epi-

386 1438 488 1498 Spiel
533 1437 559 1497 im
626 1437 916 1497 Morgengrauen“
975 1440 1032 1500 und
1091 1442 1242 1502 „Flucht
1287 1440 1318 1500 in
1372 1439 1425 1499 die
1475 1440 1684 1500 Finsternis"

1719 1469 2007 1529 dermiolyische
2045 1471 2147 1531 Dosis
2185 1474 2212 1534 in
2259 1473 2305 1533 II-
2343 1475 2403 1535 und
2450 1476 2678 1536 r-Einheiten.
2720 1475 2766 1535 (.
2786 1479 2938 1539 Blass:
2972 1476 3041 1536 An-

377 1488 686 1548 Schnitzlers
713 1488 832 1548 grober
854 1488 1004 1548 Roman:
1022 1488 1110 1548 Der
1137 1488 1207 1548 Weg
1234 1490 1282 1550 ins
1305 1488 1414 1548 Freie"
1446 1489 1591 1549 erschien
1618 1487 1688 1547 1908

1728 1519 1960 1579 encephalus.

2620 1523 2712 1583 Der
2742 1527 3009 1587 Vorstand.

458 1536 594 1596 Kollege
637 1535 769 1595 Arthur
807 1539 1114 1599 Sehnitzler,
1146 1539 1206 1599 der
1247 1539 1367 1599 größte
1413 1537 1697 1597 österreichische

371 1584 513 1644 Dichler
558 1587 637 1647 nach
691 1585 797 1645 Franz
842 1589 1171 1649 Grillparzer,
1207 1589 1268 1649 hat
1318 1587 1384 1647 mit
1434 1588 1695 1648 medizinischer

1952 1599 2088 1659 Wiener
2118 1605 2550 1665 Laryngo-rhinologische
2581 1605 2824 1665 Gesellschaft.

381 1635 570 1695 Kasuistik,
592 1635 652 1695 mit
678 1634 768 1694 einem
816 1636 1130 1696 laryngologischen
1169 1637 1255 1697 Atlas
1286 1637 1488 1697 (gemeinsam
1536 1637 1595 1697 mit
1622 1637 1681 1697 Pro

1805 1646 1983 1706 Dienstag.
2007 1649 2044 1709 3.
2063 1649 2255 1709 November
2289 1651 2326 1711 d.
2345 1652 2391 1712 J.,
2415 1653 2476 1713 17
2509 1651 2579 1711 Uhr
2617 1653 2762 1713 abends,
2791 1654 2819 1714 im
2871 1654 3035 1714 Hôrsaale

377 1683 487 1743 fessor
523 1684 584 1744 Dr.
611 1682 659 1742 M.
686 1686 850 1746 Ilajek)
881 1685 916 1745 un
983 1685 1044 1745 mit
1072 1686 1349 1746 publizistischer
1386 1685 1500 1745 Arbeit
1531 1687 1566 1747 an
1602 1687 1694 1747 cinei

1722 1697 1780 1757 der
1803 1697 1912 1757 Klinik
1944 1695 2116 1755 Professor
2139 1698 2202 1758 Dr.
2221 1700 2248 1760 Il
2263 1700 2330 1760 aje
2349 1700 2384 1760 k.
2412 1700 2630 1760 Programm:
2653 1701 2684 1761 1.
2703 1703 3043 1763 Demonstrationen.

372 1733 555 1793 ärztlichen
604 1730 885 1790 Wochenschrift
918 1734 1092 1794 begonnen
1141 1735 1200 1795 und
1244 1734 1292 1794 ist
1325 1733 1378 1793 als
1417 1733 1589 1793 Klassiker
1628 1737 1687 1797 der
1721 1743 1974 1803 2Diskussion
2008 1747 2088 1807 über
2110 1747 2164 1807 die
2192 1748 2375 1808 Mitteilung
2403 1750 2495 1810 Hugo
2522 1751 2809 1811 Neumanns:
2831 1754 2928 1814 „Eine
2955 1752 3036 1812 neue

376 1782 602 1842 erzâhlenden
637 1781 761 1841 Kunst,
778 1784 834 1844 des
860 1784 1040 1844 modernen
1075 1786 1237 1846 Dramas,
1255 1785 1302 1845 als
1328 1784 1542 1844 geistreicher
1564 1784 1696 1844 Dichter

1725 1796 2064 1856 asentamponade“
2100 1799 2652 1859 (Cellophannasentamponade).
2689 1798 2734 1858 Da
2770 1801 2797 1861 in
2834 1799 2942 1859 dieser
2979 1797 3041 1857 Sit-

378 1831 438 1891 und
477 1831 613 1891 Denker
644 1831 703 1891 von
742 1831 802 1891 uns
832 1832 1058 1892 geschieden.

1715 1843 1807 1903 zung
1859 1844 1966 1904 einige
2018 1845 2241 1905 wichtige
2293 1849 2689 1909 administrative
2745 1852 3006 1912 Angelegen

1716 1892 1878 1952 heilen
1923 1892 1979 1952 zur
2015 1894 2252 1954 Besprechung
2292 1897 2468 1957 gelangen,
2499 1896 2626 1956 werden
2667 1897 2719 1957 die
2759 1900 2939 1960 Mitglieder
2979 1900 3014 1960 um

1721 1939 1772 1999 ihr
1807 1942 2027 2002 vollzähliges
2062 1945 2264 2005 Erscheinen
2304 1945 2463 2005 ersucht.

2570 1946 2661 2006 Das
2696 1950 3009 2010 Präsidium.

908 2004 1138 2064 Notizen.
1236 2007 1347 2067 Wien,
1362 2007 1410 2067 31.
1424 2005 1549 2065 Oktober
1571 2005 1668 2065 1931.

1976 2018 2201 2078 Gesellschaft
2221 2022 2284 2082 für
2303 2022 2420 2082 innere
2448 2022 2594 2082 Medizin
2622 2022 2648 2082 in
2685 2024 2793 2084 Wien.

520 2066 700 2126 Professor
727 2069 786 2129 Dr.
804 2070 899 2130 lans
925 2070 937 2130 l
964 2070 976 2130 a
998 2070 1127 2130 uber.
1145 2070 1355 2130 Primararzt
1377 2067 1402 2127 im
1447 2070 1696 2130 Krankenhus

1804 2065 1937 2125 Silzung
1964 2068 1999 2128 am
2040 2070 2275 2130 Donnerstag,
2289 2072 2346 2132 dem
2387 2071 2421 2131 5.
2440 2071 2630 2131 November
2653 2073 2692 2133 d.
2711 2075 2755 2135 J.,
2769 2076 2902 2136 präzise
2929 2076 2942 2136 7
2969 2075 3035 2135 Uhr

371 2115 431 2175 der
466 2117 564 2177 Stadt
599 2118 711 2178 Wien,
741 2118 801 2178 hat
832 2117 904 2177 eine
944 2118 1020 2178 sehr
1055 2118 1253 2178 chrenvolle
1292 2118 1532 2178 Berufung
1572 2118 1687 2178 nach

1721 2116 1849 2176 abends
1880 2115 1906 2175 im
1960 2118 2110 2178 Hôrsaal
2137 2118 2199 2178 der
2235 2119 2278 2179 1I.
2292 2119 2548 2179 Medizinischen
2588 2124 2920 2184 l'niversitâtsklinik
2956 2123 3039 2183 Pro-

371 2166 628 2226 Warschau
659 2168 832 2228 erhallen,
855 2167 890 2227 um
935 2168 987 2228 die
1019 2168 1156 2228 Leitung
1187 2166 1244 2226 der
1277 2167 1422 2227 dortigen
1458 2168 1688 2228 neuerbauten

1719 2163 1827 2223 fessor
1855 2163 1918 2223 Dr.
1937 2168 2087 2228 Jagié.
2110 2168 2332 2228 Allgemeines
2365 2170 2628 2230 Krankenhai,
2651 2171 2683 2231 9.
2706 2173 2787 2233 Hof.
2820 2175 3038 2235 Programm:

376 2217 598 2277 Augenklinik
628 2217 662 2277 zu
692 2217 940 2277 ûbernehmen.
971 2215 1146 2275 Professor
1172 2217 1236 2277 Dr.
1254 2217 1283 2277 l.
1292 2217 1304 2277 a
1326 2216 1438 2276 uber
1464 2217 1540 2277 wird
1571 2217 1694 2277 bereit-

1715 2214 2208 2274 Demonstrationen;
2246 2218 2477 2278 angemeldet:
2515 2219 2641 2279 Hlerren
2688 2222 2827 2282 Pape,
2860 2222 3041 2282 Flaum.

371 2266 431 2326 mit
457 2264 577 2324 Beginn
608 2264 663 2324 des
690 2265 849 2325 nâchsten
884 2266 1017 2326 Monats
1039 2266 1129 2326 seine
1159 2264 1327 2324 Tâtigkeit
1349 2264 1374 2324 in
1409 2265 1594 2325 Warschau
1624 2265 1684 2325 aut

1804 2261 1954 2321 Herren,
1981 2263 2028 2323 die
2067 2262 2092 2322 in
2132 2265 2243 2325 dieser
2278 2267 2415 2327 Sitzung
2451 2269 2489 2329 zu
2528 2267 2795 2327 demonstrieren
2838 2271 3040 2331 wünschen,

371 2315 533 2375 nehmen.
634 2314 701 2374 Wir
734 2314 901 2374 begrûßen
943 2314 1005 2374 und
1048 2315 1377 2375 beglûckwûnschen
1420 2315 1557 2375 unseren
1599 2312 1694 2372 treff-

1720 2310 1845 2370 werden
1883 2310 2042 2370 ersucht,
2063 2314 2138 2374 ihre
2176 2315 2448 2375 Demonstration
2490 2318 2616 2378 mittels
2645 2321 3030 2381 Korrespondenzkarte

367 2364 475 2424 lichen
513 2363 667 2423 Kollegen
701 2365 759 2425 aus
785 2363 893 2423 diesem
940 2365 1115 2425 festlichen
1153 2366 1307 2426 Anlasse.
1337 2363 1432 2423 Quod
1466 2366 1662 2426 fortunatum

1719 2360 1776 2420 bei
1800 2360 1982 2420 Professor
2007 2360 2073 2420 Dr.
2093 2361 2140 2421 N.
2161 2366 2313 2426 Jagić,
2338 2366 2448 2426 Wien,
2467 2367 2539 2427 IX.,
2558 2369 2822 2429 Garnisongasse
2856 2370 2908 2430 13,
2928 2371 3038 2431 Allge-

369 2412 444 2472 felix
480 2414 706 2474 faustumque
742 2414 786 2474 sit

1716 2411 1851 2471 meines
1892 2414 2159 2474 Krankenhaus,
2195 2415 2240 2475 II.
2263 2417 2502 2477 Medizinische
2548 2417 2896 2477 Universitâtsklinik,
2932 2419 3013 2479 anzu

1722 2461 1877 2521 melden.

528 2460 590 2520 Der
629 2460 771 2520 leitende
809 2462 1023 2522 Primararzt
1053 2461 1115 2521 des
1154 2463 1443 2523 Krankenhauses
1477 2461 1539 2521 der
1578 2461 1661 2521 Barm

2560 2464 2652 2524 Das
2692 2467 2997 2527 Präsidium.

365 2509 516 2569 berzigen
560 2509 771 2569 Schwestern
810 2509 836 2569 in
879 2510 957 2570 Linz
996 2510 1057 2570 und
1105 2510 1247 2570 Mitglied
1286 2509 1346 2569 des
1381 2511 1683 2571 Oberösterreichi

1867 2540 2135 2600 Akademischer
2165 2542 2280 2602 Verein
2310 2542 2366 2602 für
2396 2545 2625 2605 medizinische
2655 2547 2895 2607 Psychologle.

364 2558 463 2618 schen
498 2560 872 2620 Landessanitâtsrates
899 2562 1166 2622 Regierungsrat
1192 2562 1256 2622 Dr.
1278 2560 1359 2620 Karl
1386 2561 1536 2621 trban
1571 2562 1696 2622 erhieit

1802 2587 1942 2647 Vortrag
1995 2589 2060 2649 Dr.
2093 2591 2220 2651 Harald
2267 2593 2695 2653 Schultz-Hencke
2742 2596 2906 2656 (Berlin):
2949 2596 3028 2656 Die

361 2608 427 2668 das
459 2610 600 2670 große
636 2611 849 2671 silberne
889 2614 1253 2674 Ehrenzeichen
1293 2611 1368 2671 für
1399 2612 1687 2672 Verdienste

1719 2637 2159 2697 omosexualitat.
2195 2637 2263 2697 Orl
2291 2640 2422 2700 Großer
2454 2640 2604 2700 Hôrsaal
2632 2638 2690 2698 des
2722 2642 3021 2702 Physiologischen

362 2658 414 2718 um
464 2658 541 2718 die
575 2658 821 2718 Republik

1716 2685 1874 2745 Instituts
1912 2685 2094 2745 Professor
2131 2686 2196 2746 Dr.
2229 2688 2392 2748 Durig.
2425 2691 2495 2751 IX.,
2528 2691 2942 2751 Schwarzspanierstraße
2989 2693 3021 2753 17

518 2706 607 2766 Das
640 2706 1116 2766 Bibliographische
1154 2707 1276 2767 Büro
1320 2708 1385 2768 Dr.
1409 2709 1677 2769 Steinhaus

1709 2733 1788 2793 Zeit
1815 2736 2044 2796 Donnerstag.
2062 2737 2119 2797 den
2151 2739 2185 2799 5.
2195 2739 2384 2799 November
2411 2739 2446 2799 d.
2456 2739 2486 2799 J.
2509 2739 2548 2799 um
2588 2739 2601 2799 8
2632 2739 2703 2799 Uhr
2730 2741 2875 2801 abends.

376 2753 459 2813 Wien
508 2755 613 2815 VIII.,
649 2756 803 2816 ersucht,
839 2756 874 2816 um
936 2757 1179 2817 Mißbrâuchen
1228 2757 1483 2817 vorzubeugen,
1519 2757 1558 2817 um
1616 2757 1668 2817 Mi

2607 2789 2697 2849 Der
2733 2793 2997 2853 Vorstand.

365 2805 515 2865 teilung,
541 2805 605 2865 daß
645 2802 678 2862 es
717 2805 824 2865 weder
863 2805 1005 2865 Agenten
1048 2808 1133 2868 noch
1177 2808 1344 2868 Vertreter
1383 2806 1417 2866 zu
1456 2807 1516 2867 den
1559 2808 1683 2868 Herret

365 2855 484 2915 Arzlen
523 2852 706 2912 entsendel

1777 2873 2125 2933 Fortbildungskarse
2159 2873 2211 2933 für
2246 2876 2444 2936 praktische
2478 2875 2574 2935 Arzte
2608 2875 2637 2935 im
2686 2879 2966 2939 Sophienspital,

525 2902 583 2962 Die
621 2904 762 2964 Gruppe
803 2904 1333 2964 esundheilsdienst
1366 2904 1448 2964 der
1489 2906 1690 2966 Lebens-

2169 2922 2254 2982 VII..
2275 2924 2498 2984 Apollogasse
2529 2923 2579 2983 19.

369 2954 747 3014 versicherung"
783 2953 844 3013 aut
875 2953 936 3013 der
972 2956 1258 3016 Internationalen
1307 2954 1686 3014 Hygiene-Ausstellung

2001 2972 2454 3032 Winter-Semester
2484 2972 2767 3032 1931—1932.

362 3002 511 3062 Dresden
553 3002 621 3062 1930
645 3001 681 3061 31
713 3001 822 3061 wurde
859 3003 964 3063 wegen
1001 3003 1060 3063 der
1092 3004 1242 3064 Neuheit
1271 3005 1329 3065 der
1362 3005 1585 3065 Einriehtung
1622 3006 1681 3066 und

1792 3018 1971 3078 Professor
1996 3023 2061 3083 Dr.
2081 3023 2118 3083 C.
2142 3023 2321 3083 Ewald:
2341 3023 2643 3083 Einfůhrung
2677 3026 2714 3086 in
2743 3026 2818 3086 die
2848 3026 3036 3086 chirur-

375 3053 477 3113 wegen
525 3051 636 3111 seiner
679 3051 871 3111 Bedeutung
914 3052 969 3112 fûr
1008 3052 1063 3112 die
1102 3052 1444 3112 Cesundheitspflege
1487 3055 1568 3115 mit
1603 3055 1683 3115 dei

1709 3070 1880 3130 gische
1911 3070 2087 3130 Klinik.
2117 3070 2269 3130 Samstag
2294 3071 2352 3131 von
2387 3072 2539 3132 111—12
2569 3073 2657 3133 Uhr.
2683 3073 2765 3133 Ort:
2786 3075 3026 3135 Chirurgische

362 3103 602 3163 goldenen
643 3102 865 3162 Medaille
897 3103 1301 3163 ausgezeichnel.

1720 3117 1896 3177 Abteilung
1949 3120 2068 3180 Beginn
2107 3120 2140 3180 7.
2150 3121 2337 3181 November
2371 3119 2447 3179 d.J.
2481 3121 2954 3181 Minimal-Teilnehmerzahl
2984 3122 3036 3182 10.

525 3150 583 3210 Die
625 3150 744 3210 Zahl
776 3151 858 3211 der
900 3151 1050 3211 Hôrer
1092 3152 1137 3212 an
1184 3152 1265 3212 den
1311 3151 1668 3211 wissenschaft

1795 3166 1972 3226 Professor
2000 3168 2064 3228 Dr.
2087 3169 2128 3229 A.
2146 3171 2452 3231 Decastello:
2471 3172 2709 3232 Diagnose
2746 3174 2828 3234 und
2865 3175 3033 3235 Thera-

362 3199 525 3259 lichen
557 3202 898 3262 lochschulen
930 3202 1293 3262 Deutsehlands
1321 3202 1348 3262 im
1394 3200 1666 3260 Wintersemeste

1715 3221 1789 3281 pie
1822 3217 2017 3277 innerer
2055 3220 2455 3280 Erkrankungen.
2488 3220 2651 3280 Dienstag
2689 3222 2749 3282 von
2791 3222 2805 3282 6
2852 3223 2912 3283 17
2950 3223 3038 3283 Uhr.

372 3250 443 3310 1930
467 3248 500 3308 31
534 3250 653 3310 betrug
691 3250 796 3310 95.807
830 3250 925 3310 gegen
968 3250 1073 3310 90.713
1111 3250 1139 3310 im
1193 3251 1378 3311 Vorjahre.
1417 3250 1526 3310 Davon
1570 3251 1679 3311 warer

1705 3261 1795 3321 Ort:
1810 3264 1958 3324 Iorsaal
1968 3266 2024 3326 der
2044 3269 2297 3329 Medizinischen
2321 3267 2512 3327 Abteilung.
2536 3270 2679 3330 Beginn:
2694 3270 2741 3330 11.
2756 3270 2942 3330 November
2961 3272 3013 3332 d.J

366 3297 633 3357 Mediriner
669 3297 700 3357 18
724 3299 768 3359 173
806 3300 918 3360 (gegen
960 3301 1095 3361 15611).
1123 3300 1331 3360 (Mûnchner
1368 3300 1489 3360 mediz.
1521 3301 1666 3361 Wochen

1794 3312 1983 3372 Professor
2014 3312 2026 3372 1

2160 3321 2770 3381 kndi

375 3342 498 3402 NIITTT
527 3341 616 3401 I93I.
639 3342 706 3402 Nr.
718 3342 728 3402 T

1718 3354 2014 3414 Sk
2068 3357 2281 3417 Donnerstag
2320 3358 2372 3418 von
2411 3360 2532 3420 5—17
2563 3363 2654 3423 Uhr.
2678 3363 2768 3423 Ort:
2792 3363 2936 3423 Horsaal
2967 3362 3020 3422 der

510 3390 753 3450 Seva
783 3388 827 3448 ist
850 3387 915 3447 das
938 3390 1159 3450 debäude
1189 3389 1270 3449 der
1301 3390 1676 3450 Medizinisehen

1707 3402 1970 3462 chn
2011 3409 2384 3469 nginn
2494 3408 2688 3468 Xvemmer
2729 3411 2740 3471 a

2860 3408 3014 3468 Minimal

358 3438 591 3498 lakultal
619 3438 724 3498 last
757 3441 1059 3501 vollständig
1101 3441 1541 3501 niedergebrannt.

1712 3450 2013 3510 Teilnehmerzahl
2046 3448 2100 3508 10.

522 3496 583 3556 Mit
610 3494 720 3554 dieser
756 3497 915 3557 Nummer
951 3496 1026 3556 wird
1066 3498 1128 3558 das
1159 3498 1243 3558 lleft
1270 3500 1335 3560 Xr.
1349 3499 1375 3559 10
1412 3499 1597 3559 (ktober)
1624 3500 1681 3560 von

1789 3497 1968 3557 Professor
2016 3498 2081 3558 Dr.
2119 3499 2162 3559 A.
2195 3500 2450 3560 Schüller:
2492 3503 2799 3563 Einführung
2857 3507 2894 3567 in
2951 3505 3026 3565 die

1705 3549 2091 3609 neurolagische
2119 3551 2300 3611 Klinik.
2329 3550 2496 3610 Mittwoch
2529 3551 2542 3611 5
2576 3552 2663 3612 lhr.
2692 3555 2776 3615 Ort:
2795 3554 2948 3614 Hôrsaal
2967 3553 3027 3613 der

742 3568 833 3628 „Die
876 3568 1075 3628 Tägliche
1111 3566 1288 3626 Praxis"

1714 3599 1967 3659 Medizinischen
2004 3599 2203 3659 Abteilang.
2239 3602 2386 3662 Beginn:
2417 3602 2448 3662 1.
2466 3602 2657 3662 November
2689 3601 2728 3661 d.
2746 3602 2781 3662 J.

357 3622 405 3682 far
442 3622 560 3682 unsere
598 3623 695 3683 Leser
733 3623 965 3683 unberechnet
1006 3626 1304 3686 herausgegeben.
1337 3626 1411 3686 Das
1444 3628 1525 3688 Helt
1550 3628 1676 3688 enthal

351 3673 633 3733 zahtreiche
674 3672 1023 3732 therapeutise
1046 3675 1090 3735 he
1140 3674 1229 3734 Win
1252 3676 1319 3736 ke;
1355 3676 1471 3736 ferner
1512 3676 1668 3736 Referale

358 3721 621 3781 Chirurgie
653 3720 821 3780 (Referent
849 3721 1026 3781 Professor
1054 3723 1117 3783 Dr.
1136 3722 1181 3782 B.
1199 3726 1453 3786 Breitner).
1472 3728 1681 3788 Iygiene

1868 3727 1993 3787 Dieser
2023 3730 2198 3790 Nummer
2233 3730 2318 3790 liegt
2353 3730 2413 3790 für
2443 3730 2572 3790 unsere
2608 3733 2842 3793 Abonnenten

368 3769 536 3829 Referent
559 3769 737 3829 Professor
764 3771 828 3831 Dr.
847 3772 887 3832 E.
906 3775 1106 3835 Glaser,
1125 3775 1375 3835 Pàdiatrie
1403 3775 1580 3835 (Referent
1604 3774 1685 3834 Pro-

1879 3788 2211 3848 unberechnet
2233 3790 2289 3850 bei
2305 3790 2367 3850 das
2394 3790 2477 3850 Heft
2498 3790 2534 3850 10
2566 3790 2623 3850 der
2644 3793 2851 3853 Zeitschrift

362 3818 474 3878 fessor
507 3820 575 3880 Dr.
593 3818 629 3878 J.
648 3822 884 3882 Zappert,
907 3825 1225 3885 lhysiologie
1267 3826 1438 3886 (eferent
1467 3825 1598 3885 Dozent
1625 3827 1675 3887 Dr

367 3868 423 3928 W.
442 3868 778 3928 Fleischmann

1997 3870 2119 3930 „Die
2168 3870 2433 3930 Tägliche
2481 3870 2736 3930 Praxis“.

500 3925 757 3985 Ordinations-
794 3926 857 3986 und
910 3930 1164 3990 Wartezimmer
1209 3932 1301 3992 samt
1338 3933 1563 3993 lustrumente
1615 3933 1675 3993 und

360 3978 542 4038 Apparaten
575 3978 635 4038 und
663 3978 785 4038 ganzem
827 3978 996 4038 Telephon
1025 3981 1047 4041 in
1079 3981 1189 4041 bester
1213 3981 1294 4041 Lage
1318 3983 1377 4043 des
1400 3984 1473 4044 VII.
1492 3984 1574 4044 Bez.
1597 3984 1670 4044 Mez

1807 3999 2006 4059 Nachdruck
2044 3996 2107 4056 aus
2135 3998 2198 4058 dem
2244 3999 2362 4059 Inhalt
2390 3997 2498 4057 dieses
2536 3999 2663 4059 Blaties
2691 4002 2735 4062 ist
2773 4004 2836 4064 nur
2864 4003 2927 4063 mit
2955 4005 3018 4065 (ie¬

359 4029 488 4089 zanin)
509 4027 539 4087 zu
571 4028 772 4088 vermieten.
794 4029 985 4089 Auskunfl:
1006 4031 1078 4091 Tel.
1100 4032 1114 4092 1
1151 4032 1161 4092 3
1208 4030 1223 4090 1
1234 4031 1269 4091 95

1698 4040 1918 4100 nehmigung
1951 4040 2002 4100 der
2031 4040 2213 4100 Redaktion
2251 4040 2419 4100 gestattet.
