3344 4320
1054 136 1187 196 am.

350 1578 440 1638 Igor
479 1572 722 1632 Strawinsky
765 1570 819 1630 für
857 1566 911 1626 die
944 1566 1197 1626 Uraufführung

117 1575 171 1635 ung
194 1572 294 1632 seiner

501 1620 609 1680 veines
634 1621 728 1681 neuen
762 1619 1066 1679 Kiolin-Konzerta,

117 1822 236 1882 sier
307 1819 443 1879 des
514 1823 961 1883 Prophelen

136 1942 312 2002 Museen
345 1939 448 1999 nach
474 1937 731 1997 Kleinasien
764 1936 835 1996 und
869 1936 1181 1996 Vorderindien

116 2031 268 2091 ilnehmer
293 2031 397 2091 zweier
422 2028 630 2088 Expeditionen
664 2028 735 2088 nach
760 2028 913 2088 Ktesiphon
946 2027 1001 2087 und
1035 2027 1130 2087 Meso¬

108 2078 217 2138 sächsten
248 2076 323 2136 Jahr
344 2075 413 2135 wird
439 2073 499 2133 eine
524 2073 786 2133 Forschungsreise
806 2073 886 2133 durch
912 2070 1117 2130 Nordzeylon—

107 2123 230 2183 mmen.
265 2118 329 2178 Das
364 2118 417 2178 sind
447 2118 492 2178 die
517 2116 679 2176 Aktionen,
704 2115 748 2175 die
778 2117 832 2177 auf
857 2117 906 2177 dem
946 2116 1142 2176 Forschungs¬

116 2166 229 2226 stehen.
265 2163 322 2223 Sie
348 2163 461 2223 werden
493 2163 543 2223 zum
580 2160 704 2220 größten
736 2162 802 2222 Teil
829 2163 880 2223 von
916 2162 1132 2222 ausländischen

111 2211 126 2271 d
149 2208 293 2268 deutschen
328 2208 556 2268 Privatmitteln
589 2205 756 2265 bestritten.

365 2288 425 2348 eine
454 2288 603 2348 christliche
631 2288 731 2348 Kirche
759 2288 831 2348 frei.
870 2289 948 2349 Jetzt
976 2285 1047 2345 wird
1076 2285 1136 2345 man
1170 2285 1203 2345 an

112 2291 301 2351 iser-Fried¬

358 2332 407 2392 den
442 2330 677 2390 Ruinen=Hügel
702 2330 741 2390 El
766 2330 909 2390 Maarid,
929 2330 992 2390 Umm
1033 2330 1061 2390 es
1087 2327 1214 2387 Saatir,

113 2336 206 2396 ember
253 2332 299 2392 die

356 2375 407 2435 der
435 2375 557 2435 Mutter
590 2373 637 2433 des
670 2373 858 2433 Thymians,
886 2374 937 2434 und
971 2372 1008 2432 am
1051 2372 1200 2432 Goldenen

124 2381 211 2441 üdlich
244 2378 292 2438 von

360 2417 455 2477 Hüge!
485 2417 551 2477 Tell
581 2414 695 2474 Dheheb
734 2417 864 2477 graben,
893 2416 978 2476 unter
1013 2417 1099 2477 denen
1138 2416 1199 2476 man

162 2426 306 2486 Ktesi-

361 2463 577 2523 Sassanidische
613 2461 755 2521 Landsitze
790 2461 952 2521 vermutet.
1002 2458 1046 2518 So
1081 2458 1135 2518 soll
1165 2458 1209 2518 ein

165 2469 296 2529 wegen

363 2506 496 2566 Einblick
526 2504 555 2564 in
595 2503 638 2563 die
674 2503 747 2563 letzte
782 2503 875 2563 Phase
910 2503 959 2563 der
990 2503 1206 2563 sassanidischen

176 2512 201 2572 n.
228 2511 300 2571 Jetzt

370 2551 421 2611 und
458 2550 478 2610 in
515 2549 561 2609 die
593 2551 665 2611 erste
692 2550 805 2610 Epoche
832 2551 883 2611 der
914 2548 1086 2608 islamischen
1117 2548 1215 2608 Kunst

206 2554 302 2614 York

363 2594 523 2654 gewonnen
553 2591 688 2651 werden.

199 2596 291 2656 ehmen

362 2637 635 2697 Dieältesten
669 2634 837 2694 Tempel
865 2634 929 2694 der
963 2632 1066 2692 Welt

219 2639 305 2699 Not¬

414 2684 454 2744 In
502 2679 547 2739 die
589 2676 687 2736 Ebene
728 2679 862 2739 zwischen
909 2676 1104 2736 Euphrat
1146 2672 1202 2732 und

192 2685 224 2745 nd
257 2684 306 2744 die

358 2724 539 2784 Tigris,
564 2723 628 2783 nach
663 2721 923 2781 Mesopotamien,
953 2718 1021 2778 wird
1061 2717 1119 2777 eine
1154 2717 1212 2777 Ex¬

357 2768 488 2828 pedition
521 2765 642 2825 führen,
658 2763 700 2823 die
722 2763 774 2823 seit
796 2763 843 2823 dem
886 2761 985 2821 Kriege
1012 2760 1118 2820 bereits
1145 2760 1192 2820 zum

225 2772 301 2832 nicht

361 2811 470 2871 vierten
519 2808 605 2868 Male
653 2808 897 2868 Ausgrabungen
946 2804 974 2864 in
1022 2803 1070 2863 der
1114 2802 1214 2862 Stadt

360 2854 493 2914 Uruk,
518 2852 565 2912 dem
614 2849 724 2909 jetzigen
762 2849 887 2909 Warka,
911 2846 1088 2906 vornehmen
1127 2843 1198 2903 wird

222 2856 295 2916 shons

360 2900 419 2960 Dr.
439 2897 552 2957 Arnold
582 2894 798 2954 Nöldecke,
828 2895 966 2955 Assistent
996 2890 1045 2950 des
1080 2888 1212 2948 Landes¬

189 2900 299 2960 sofessor

362 2939 564 2999 konservators
592 2939 613 2999 in
645 2936 821 2996 Hannover,
840 2932 1210 2992 Regierungsbaumeister

188 2945 306 3005 eilung,

358 2984 550 3044 Heinrich
603 2980 661 3040 und
709 2979 1002 3039 Diplomingenieur
1051 2975 1209 3035 Lonzen

362 3028 474 3088 werden
507 3022 576 3082 diese
600 3023 772 3083 Expedition
805 3023 851 3083 für
880 3022 926 3082 die
950 3019 1210 3079 Vorderasiatische

365 3067 524 3127 Abteilung
562 3067 669 3127 leiten.
707 3065 759 3125 Die
792 3065 928 3125 früheren
970 3061 1209 3121 Ausgrabungen

365 3115 460 3175 führte
485 3112 542 3172 Dr.
561 3109 753 3169 Jordan,
773 3109 815 3169 der
840 3109 902 3169 jetzt
922 3106 1055 3166 Direktor
1080 3104 1128 3164 der
1152 3101 1214 3161 An¬

362 3157 432 3217 tiken
470 3152 671 3212 Verwaltung
704 3153 755 3213 des
793 3152 975 3212 Irakstaates
1023 3150 1050 3210 in
1089 3147 1209 3207 Bagdad

360 3200 513 3260 geworden
542 3197 590 3257 ist.
619 3196 695 3256 Auch
725 3196 801 3256 Uruk
826 3196 897 3256 liegt
922 3193 974 3253 wie
999 3190 1147 3250 Ktesiphon
1181 3188 1204 3248 in

362 3244 441 3304 einer
469 3240 650 3300 glühenden,
670 3238 888 3298 ausgedehnten
921 3235 1214 3295 Wüstenlandschaft.

363 3287 393 3347 20
419 3284 581 3344 Kilometer
611 3282 658 3342 vom
697 3282 834 3342 Euphrat
856 3281 984 3341 entfernt
1006 3278 1082 3338 rasen
1109 3276 1215 3336 Sand¬

364 3333 466 3393 stürme
495 3329 565 3389 über
589 3327 645 3387 das
669 3327 762 3387 Land.
801 3324 903 3384 Sand,
922 3324 1016 3384 nichts
1040 3324 1086 3384 als
1110 3321 1213 3381 Sand,

366 3374 421 3434 und
450 3372 510 3432 jede
539 3369 712 3429 Begetation
746 3369 853 3429 erstickt
877 3368 900 3428 in
933 3366 1021 3426 dieser
1050 3363 1157 3423 Wüste.

422 3417 477 3477 Die
506 3416 687 3476 diesjährige
711 3414 883 3474 Expedition
912 3411 1046 3471 bezweckt
1070 3408 1112 3468 die
1136 3408 1214 3468 Kon¬

368 3461 536 3521 servierung
573 3459 627 3519 und
660 3457 960 3517 Vervollständigung
992 3453 1042 3513 der
1069 3453 1092 3513 im
1138 3450 1219 3510 vori¬

365 3508 413 3568 gen
449 3506 546 3566 Jahre
577 3501 757 3561 gefundenen
794 3499 1053 3559 Tempelfronten,
1080 3494 1124 3554 die
1155 3493 1212 3553 aus

368 3550 416 3610 dem
456 3548 486 3608 4.
504 3547 706 3607 Jahrtausend
738 3542 768 3602 v.
786 3544 861 3604 Chr.
883 3541 1037 3601 stammen.
1068 3536 1218 3596 Mauern,

369 3593 461 3653 Bogen
504 3593 555 3653 und
593 3590 709 3650 Säulen
747 3587 803 3647 mit
836 3586 887 3646 aus
925 3584 1083 3644 Tonstiften
1116 3581 1214 3641 gebil¬

363 3638 442 3698 deten
476 3632 788 3692 Mosaikornamenten
826 3629 943 3689 wurden
977 3626 1218 3686 ausgegeraben.

368 3681 440 3741 Man
477 3679 545 3739 fand
582 3676 717 3736 Gräber,
745 3672 949 3732 Tonfiguren,
977 3670 1103 3730 bemalte
1136 3666 1217 3726 Ton¬

369 3726 483 3786 gefäße,
508 3721 684 3781 literarische
714 3718 799 3778 Texte
829 3715 881 3775 und
915 3715 1067 3775 Keramik.
1097 3711 1139 3771 Es
1168 3708 1216 3768 ge¬

369 3767 435 3827 lang
469 3767 570 3827 sogar,
605 3765 685 3825 durch
730 3761 777 3821 die
811 3759 1022 3819 Entzifferung
1066 3754 1113 3814 von
1157 3750 1219 3810 In¬

370 3811 494 3871 schriften
543 3811 599 3871 auf
643 3805 844 3865 Denkmälern
898 3804 945 3864 der
989 3799 1209 3859 babylonischen

373 3856 569 3916 Praehistorie
601 3853 647 3913 die
674 3851 855 3911 Entstehung
886 3849 932 3909 des
965 3846 1140 3906 Schreibens
1182 3841 1213 3901 zu

373 3900 552 3960 erforschen.

212 3903 278 3963 e

982 3932 1029 3992 H.
1043 3930 1183 3990 Nelson.

188 3951 209 4011 st
242 3950 300 4010 und

134 416 204 476 sten

2282 127 2434 187 rstag,
2462 126 2551 186 22.
2570 120 2813 180 Oktober
2841 115 2974 175 1931

1294 442 1436 502 Das
1510 440 1783 500 Sterben
1881 437 2011 497 des
2072 431 2597 491 Selttiosrats
2658 428 2932 488 Robert

2166 524 2374 584 Schnitzler

1825 527 1913 587 Von
1953 527 2119 587 Arthur

2167 602 2230 662 heit
2255 601 2310 661 auf
2335 599 2391 659 das
2416 601 2640 661 Nachttischchen
2673 597 2768 657 gelegt
2793 595 2889 655 hatte,
2914 595 3001 655 erhob

1308 615 1399 675 Einen
1433 613 1495 673 Tag
1530 610 1582 670 vor
1611 611 1732 671 Arthur
1761 610 1939 670 Schnitzlers
1973 609 2030 669 Tod
2070 607 2103 667 ist

2166 646 2209 706 sich
2238 646 2329 706 rasch,
2353 645 2439 705 steckte
2469 641 2516 701 die
2545 644 2641 704 Waffe
2670 640 2694 700 in
2733 640 2804 700 seine
2838 640 3010 700 Rocktasche,

1259 661 1306 721 sein
1341 658 1432 718 letztes
1456 658 1557 718 Werk,
1572 655 1620 715 der
1645 657 1755 717 Roman
1789 656 1957 716 „Flucht
1982 652 2016 712 in
2045 655 2107 715 die

2168 691 2279 751 wußte,
2297 688 2345 748 daß
2377 688 2404 748 er
2431 688 2551 748 erwacht
2578 687 2635 747 war
2654 687 2707 747 und
2730 684 2841 744 dachte:
2859 682 2912 742 Ein
2931 682 3015 742 Tele¬

1249 703 1519 763 Finsternis“
1560 700 1712 760 erschienen
1757 698 1810 758 (S.
1836 697 1949 757 Fischer
1979 698 2106 758 Verlag,

2166 733 2319 793 gramm?,
2339 731 2389 791 und
2418 730 2445 790 er
2474 731 2586 791 fragte:
2610 730 2693 790 „Wer
2717 730 2754 790 ist
2773 726 2871 786 das?"

1254 745 1390 805 Berlin).
1432 742 1609 802 Schnitzler,
1633 742 1680 802 der
1713 742 1759 802 als
1792 742 1904 802 Dichter
1942 741 1993 801 und
2031 741 2105 801 Arzt

2225 780 2288 840 „Ich
2316 776 2411 836 bin's,
2430 775 2580 835 Robert",
2598 775 2758 835 erwiderte
2785 773 2844 833 eine
2867 772 3017 832 Stimme.

1258 786 1301 846 sich
1328 789 1429 849 immer
1451 789 1557 849 wieder
1580 788 1632 848 mit
1654 786 1698 846 dem
1738 787 1839 847 großen
1871 786 1998 846 Problem
2038 786 2086 846 vom

2225 818 2282 878 Das
2322 816 2401 876 Blut
2433 816 2570 876 erstarrte
2606 819 2680 879 ihm.
2734 815 2773 875 Es
2814 815 2875 875 war
2911 813 3004 873 seines

1245 831 1371 891 Sterben
1405 831 1575 891 beschäftigt
1600 831 1662 891 hat,
1687 831 1823 891 schildert
1848 830 1915 890 auch
1945 828 1969 888 in
1999 828 2090 888 diesem

2171 863 2299 923 Bruders
2326 861 2396 921 Otto
2419 861 2564 921 Stimme.
2600 860 2692 920 Schon
2724 860 2776 920 also
2808 860 2869 920 war
2892 858 2918 918 er
2945 858 2989 918 ihm

1254 875 1328 935 Buch
1369 875 1421 935 das
1457 875 1537 935 Ende
1572 872 1652 932 eines
1692 873 1860 933 Menschen,
1891 874 1975 934 eines
2011 873 2099 933 hohen

2170 909 2356 969 nachgereist,
2379 907 2451 967 schon
2488 905 2547 965 war
2574 903 2606 963 er
2633 905 2683 965 da,
2706 904 2742 964 um
2783 903 2837 963 sein
2870 900 3014 960 fürchter¬

1258 918 1373 978 Wiener
1405 918 1565 978 Beamten,
1587 918 1636 978 der
1667 918 1720 978 auf
1747 918 1796 978 der
1827 918 1934 978 Flucht
1961 915 2014 975 vor
2045 915 2094 975 dem

2171 951 2252 1011 liches
2277 951 2363 1011 Werk
2387 950 2411 1010 zu
2445 949 2647 1009 vollbringen.
2682 947 2739 1007 Ein
2768 948 2869 1008 Glück,
2888 948 2941 1008 daß
2970 945 3013 1005 die

1254 964 1404 1024 nahenden
1441 963 1596 1023 Wahnsinn
1633 963 1660 1023 in
1693 962 1774 1022 einem
1820 962 1930 1022 kleinen
1962 960 2098 1020 Dörschen

2169 995 2227 1055 Tür
2260 992 2408 1052 versperrt
2440 992 2516 1052 war.

1259 1007 1397 1067 gelandet
1422 1006 1470 1066 ist.
1509 1005 1551 1065 Er
1581 1004 1614 1064 ist
1638 1005 1681 1065 sich
1716 1005 1792 1065 nicht
1816 1004 1946 1064 darüber
1975 1004 2051 1064 klar,
2076 999 2104 1059 ob

2226 1039 2324 1099 „Darf
2349 1037 2408 1097 man
2443 1035 2585 1095 herein?"
2616 1034 2709 1094 fragte
2734 1032 2823 1092 Otto.
2858 1032 2931 1092 Doch
2961 1030 3009 1090 ehe

1257 1049 1284 1109 er
1313 1050 1354 1110 die
1383 1050 1476 1110 schöne
1500 1050 1626 1110 Albate,
1646 1049 1687 1109 die
1711 1049 1743 1109 er
1767 1049 1898 1109 heimlich
1922 1046 2030 1106 liebte,
2049 1045 2104 1105 und

2170 1083 2279 1143 Robert
2302 1082 2361 1142 noch
2389 1081 2415 1141 zu
2448 1079 2611 1139 antworten
2644 1079 2812 1139 vermochte,
2831 1076 2940 1136 öffnete
2963 1076 3004 1136 sich

1256 1094 1302 1154 die
1331 1094 1484 1154 kraftvolle
1517 1094 1633 1154 Paula,
1657 1093 1713 1153 mit
1742 1091 1792 1151 der
1821 1091 1853 1151 er
1881 1089 1927 1149 sich
1965 1091 2109 1151 verlobte,

2169 1127 2211 1187 die
2236 1126 2312 1186 Tür,
2332 1123 2375 1183 die
2399 1123 2514 1183 Robert
2538 1124 2725 1184 zuzusperren
2754 1124 2893 1184 vergessen
2922 1121 3018 1181 hatte.

1259 1139 1399 1199 ermordet
1442 1137 1494 1197 hat
1527 1135 1536 1195 —
1593 1135 1682 1195 dabei
1720 1133 1790 1193 weiß
1838 1134 1885 1194 er,
1923 1134 1974 1194 daß
2022 1133 2106 1193 beide

2228 1171 2316 1231 „Was
2352 1168 2439 1228 willst
2469 1164 2553 1224 du?“
2588 1166 2681 1226 fragte
2716 1166 2829 1226 Robert
2859 1165 2913 1225 mit
2948 1162 3016 1222 auf¬

1479 1178 1587 1238 Seinen
1622 1178 1740 1238 Bruder
1770 1178 1857 1238 Otto,
1883 1176 1932 1236 der
1962 1176 2035 1236 Arzt
2065 1178 2113 1238 ist,

1259 1181 1336 1241 seben
1364 1183 1377 1243 .
1397 1183 1410 1243 .
1429 1182 1442 1242 .

2170 1214 2324 1274 gerissenen
2362 1211 2483 1271 Augen,
2512 1208 2568 1268 und
2601 1207 2690 1267 dabei
2723 1207 2784 1267 war
2817 1208 2845 1268 er
2878 1208 2920 1268 sich
2963 1203 3013 1263 wie

1256 1224 1303 1284 hat
1331 1222 1359 1282 er
1388 1222 1491 1282 früher
1520 1222 1632 1282 einmal
1656 1219 1707 1279 das
1741 1219 1754 1279 —
1802 1221 1905 1281 längst
1929 1219 2046 1279 bereute
2075 1216 2083 1276 —

2165 1258 2240 1318 einer
2274 1255 2358 1315 Qual
2387 1255 2433 1315 des
2472 1255 2646 1315 Umstandes
2679 1252 2816 1312 bewußt,
2840 1250 2891 1310 daß
2929 1252 3009 1312 beide

1259 1267 1443 1327 Versprechen
1476 1267 1707 1327 abgenommen,
1726 1267 1768 1327 ihn
1802 1266 1830 1326 zu
1863 1264 1962 1324 töten,
1982 1264 2052 1324 falls
2081 1261 2108 1321 er

2173 1302 2336 1362 Lidspalten
2370 1299 2452 1359 gleich
2486 1297 2557 1357 weit
2577 1297 2654 1357 offen
2683 1297 2817 1357 standen.

1261 1312 1279 1372 in
1312 1312 1354 1372 die
1373 1311 1466 1371 Nacht
1490 1309 1536 1369 des
1565 1309 1742 1369 Wahnsinns
1771 1309 1855 1369 fallen
1888 1306 1981 1366 sollte.
1996 1304 2009 1364 —
2057 1306 2094 1366 Im

2226 1348 2294 1408 Otto
2324 1348 2402 1408 stand
2437 1346 2485 1406 ihm
2530 1345 2555 1405 in
2594 1345 2643 1405 der
2673 1345 2736 1405 Tür
2766 1344 2947 1404 gegenüber,
2972 1342 2996 1402 im

1258 1356 1351 1416 letzten
1383 1354 1502 1414 Kapitel
1524 1354 1568 1414 des
1595 1353 1728 1413 Romans
1755 1351 1861 1411 wartet
1884 1349 1932 1409 der
1955 1351 2114 1411 Sektions¬

2172 1396 2241 1456 Pelz
2270 1396 2321 1456 und
2354 1391 2405 1451 mit
2429 1390 2507 1450 einem
2550 1388 2633 1448 dicken
2662 1387 2755 1447 Schal
2779 1389 2811 1449 um
2849 1389 2895 1449 den
2928 1387 3016 1447 Hals.

1261 1398 1302 1458 rat
1336 1399 1452 1459 Robert
1495 1397 1518 1457 in
1565 1397 1644 1457 einem
1702 1396 1855 1456 ärmlichen
1898 1395 2024 1455 Gasthof
2057 1396 2113 1456 auf

2171 1440 2264 1500 Hastig
2300 1437 2393 1497 sprach
2423 1434 2472 1494 er:
2497 1434 2586 1494 „Man
2621 1433 2675 1493 hat
2705 1432 2759 1492 mir
2789 1431 2872 1491 unten
2907 1432 3021 1492 gesagt,

1267 1443 1379 1503 Paula,
1397 1443 1442 1503 die
1466 1443 1493 1503 er
1517 1443 1698 1503 telegrafisch
1722 1443 1750 1503 zu
1779 1442 1824 1502 sich
1853 1439 1966 1499 gebeten
1995 1437 2063 1497 hat.

2171 1482 2225 1542 daß
2255 1482 2284 1542 du
2319 1482 2353 1542 um
2393 1479 2408 1539 2
2438 1479 2497 1539 Uhr
2527 1477 2581 1537 auf
2601 1476 2645 1536 die
2675 1476 2758 1536 Bahn
2794 1476 2927 1536 wolltest,
2947 1473 3016 1533 aber

2170 1527 2204 1587 du
2239 1526 2303 1586 hast
2333 1524 2519 1584 verschlafen.
2565 1521 2732 1581 Uebrigens
2767 1519 2845 1579 wäre
2870 1518 2910 1578 ich
2945 1515 3018 1575 nicht

1317 1560 1357 1620 Er
1393 1561 1458 1621 trat
1489 1561 1534 1621 ins
1570 1563 1712 1623 Haustor
1748 1560 1803 1620 und
1839 1560 1940 1620 fragte
1971 1560 2021 1620 für
2057 1557 2112 1617 alle

2172 1572 2281 1632 darauf
2302 1568 2482 1628 gekommen,
2503 1566 2582 1626 wenn
2609 1566 2643 1626 ich
2669 1566 2723 1626 dich
2749 1565 2824 1625 nicht
2844 1563 2869 1623 in
2899 1563 2994 1623 deinem

1267 1609 1343 1669 Fälle
1373 1606 1541 1666 nochmals,
1561 1605 1594 1665 ob
1624 1604 1700 1664 nicht
1730 1604 1792 1664 eine
1822 1605 1961 1665 Depesche
1990 1602 2038 1662 für
2067 1601 2110 1661 ihn

2174 1615 2298 1675 Zimmer
2328 1611 2441 1671 gesehen
2477 1608 2570 1668 hätte.

1266 1649 1423 1709 gekommen
1457 1649 1505 1709 sei.
1544 1649 1601 1709 Der
1626 1648 1707 1708 Wirt
1732 1646 1822 1706 klärte
1847 1647 1889 1707 ihn
1919 1646 1985 1706 auf,
2005 1646 2052 1706 daß
2087 1643 2115 1703 es

2229 1658 2296 1718 „Wo
2327 1655 2363 1715 ist
2389 1654 2533 1714 Paula?"
2565 1652 2662 1712 fragte
2689 1649 2807 1709 Robert
2834 1648 2936 1708 heiser.

1264 1694 1286 1754 in
1324 1694 1413 1754 diesem
1455 1693 1563 1753 kleinen
1596 1691 1670 1751 Orte
1699 1691 1750 1751 von
1788 1689 1801 1749 7
1830 1689 1895 1749 Uhr
1924 1688 2035 1748 abends
2069 1687 2110 1747 bis

2232 1700 2349 1760 „Paula
2395 1696 2502 1756 kommt
2537 1695 2674 1755 morgen.
2729 1694 2886 1754 Vorläufig
2931 1693 3019 1753 mußt

1264 1730 1273 1790 7
1308 1739 1367 1799 Uhr
1392 1739 1460 1799 früh
1490 1735 1583 1795 keinen
1613 1735 1888 1795 Telegrafendienst
1914 1735 2001 1795 gäbe.
2041 1733 2110 1793 Nun

2176 1747 2205 1807 du
2236 1745 2286 1805 dich
2317 1742 2366 1802 mit
2392 1742 2467 1802 ihren
2498 1739 2619 1799 Grüßen
2649 1739 2830 1799 begnügen."
2871 1736 2910 1796 Er
2936 1736 3016 1796 hatte

1264 1782 1310 1842 kam
1352 1781 1464 1841 Robert
1488 1781 1539 1841 auf
1563 1781 1638 1841 seine
1662 1780 1731 1840 erste
1760 1778 1965 1838 Vermutung.

2172 1790 2344 1850 immerfort
2371 1786 2412 1846 ein
2449 1784 2558 1844 starres
2590 1783 2703 1843 Lächeln
2740 1782 2776 1842 um
2822 1781 2867 1841 die
2894 1781 3021 1841 Lippen.

2227 1833 2317 1893 „Was
2347 1827 2437 1887 willst
2458 1827 2493 1887 du
2524 1827 2609 1887 hier?
2640 1825 2750 1885 Warum
2791 1825 2906 1885 kommst
2932 1822 3012 1882 du?"

1321 1834 1360 1894 Er
1385 1835 1473 1895 suchte
1498 1834 1547 1894 sein
1582 1831 1709 1891 Zimmer
1735 1833 1783 1893 auf
1808 1831 1862 1891 und
1892 1831 1965 1891 legte
1991 1830 2029 1890 sich
2060 1827 2113 1887 un¬

2173 1876 2213 1936 Er
2240 1873 2317 1933 setzte
2343 1874 2389 1934 sich
2426 1873 2451 1933 im
2493 1871 2564 1931 Bett
2596 1871 2662 1931 auf,
2684 1870 2781 1930 fühlte
2807 1870 2858 1930 das
2890 1867 3008 1927 Glühen

1265 1879 1469 1939 ausgekleidet
1493 1876 1558 1936 aufs
1586 1875 1670 1935 Bett.
1708 1876 1787 1936 Eine
1810 1873 1931 1933 Stunde
1964 1873 2057 1933 wollte
2085 1872 2113 1932 er

2176 1921 2228 1981 und
2262 1918 2378 1978 Drohen
2412 1917 2503 1977 seiner
2532 1915 2648 1975 eigenen
2682 1915 2782 1975 Blicke.

1265 1924 1374 1984 ruhen,
1397 1921 1464 1981 denn
1502 1921 1697 1981 Mitternacht
1725 1918 1788 1978 war
1816 1918 1961 1978 vorüber,
1984 1918 2038 1978 und
2070 1915 2115 1975 sich

2242 1963 2363 2023 „Warum
2411 1960 2447 2020 ich
2491 1960 2622 2020 komme?
2660 1957 2723 2017 Nun
2765 1956 2839 2016 —",
2871 1956 2924 2016 und
2966 1956 3008 2016 ein

1265 1965 1339 2025 dann
1368 1966 1475 2026 wieder
1499 1963 1531 2023 an
1560 1963 1606 2023 den
1635 1963 1774 2023 Bahnhof
1798 1961 1937 2021 begeben.
1957 1960 1994 2020 Er
2018 1960 2115 2020 löschte

2175 2008 2390 2068 unterdrücktes
2443 2005 2658 2065 Aufschluchzen
2721 2001 2783 2061 war
2836 2000 2864 2060 in
2922 1999 3012 2059 Ottos

1264 2011 1319 2071 das
1348 2008 1422 2068 Licht
1446 2009 1517 2069 nicht
1541 2006 1596 2066 aus
1625 2007 1676 2067 und
1705 2006 1812 2066 starrte
1841 2005 1888 2065 von
1921 2005 2010 2065 seinem
2052 2001 2122 2061 Bett

2179 2052 2303 2112 Stimme
2328 2050 2342 2110 —
2390 2050 2486 2110 „nun,
2510 2048 2558 2108 zum
2602 2045 2721 2105 Teufel,
2741 2044 2774 2104 ich
2804 2043 2928 2103 komme,
2953 2040 3019 2100 weil

1264 2055 1323 2115 aus
1353 2053 1431 2113 durch
1461 2052 1515 2112 das
1540 2049 1845 2109 gegenüberliegende
1870 2048 1993 2108 Fenster
2019 2046 2043 2106 in
2078 2044 2117 2104 die

2171 2097 2199 2157 es
2229 2097 2286 2157 mir
2311 2094 2339 2154 so
2364 2092 2494 2152 beliebt!
2533 2090 2605 2150 Was
2639 2089 2672 2149 ist
2697 2091 2740 2151 dir
2770 2088 2836 2148 denn
2871 2088 2928 2148 nur
2958 2084 3020 2144 ein¬

1269 2097 1371 2157 Nacht.
1409 2095 1451 2155 Er
1484 2094 1525 2154 sah
1558 2094 1614 2154 nur
1642 2091 1689 2151 den
1722 2092 1852 2152 Himmel
1881 2089 1936 2149 und
1969 2090 2029 2150 eine
2058 2087 2118 2147 ein¬

2176 2140 2316 2200 gefallen,
2337 2139 2472 2199 Robert?
2493 2135 2567 2195 Was
2593 2136 2658 2196 haft
2679 2136 2708 2196 du
2739 2135 2784 2195 dir
2810 2133 2874 2193 denn
2910 2130 3015 2190 wieder

1267 2142 1339 2202 same
1363 2139 1565 2199 Felsenspitze,
1585 2136 1652 2196 über
1677 2136 1720 2196 der
1744 2136 1787 2196 ein
1817 2133 1903 2193 Stern
1932 2133 2124 2193 schimmerte.

1271 2184 1325 2244 Vom
1365 2181 1522 2241 Kirchturm
1562 2181 1651 2241 schlug
1691 2182 1720 2242 es
1760 2181 1828 2241 halb
1868 2178 1952 2238 eins,
1987 2178 2041 2238 und
2071 2176 2114 2236 die

2176 2184 2200 2244 in
2237 2185 2282 2245 den
2314 2181 2390 2241 Kopf
2416 2179 2533 2239 gesetzt?

2227 2226 2356 2286 „Warum
2404 2222 2460 2282 bist
2487 2222 2523 2282 du
2555 2222 2616 2282 da?
2669 2220 2741 2280 Was
2773 2218 2861 2278 willst
2888 2217 2918 2277 du
2960 2217 3006 2277 von

1266 2228 1381 2288 Klänge
1410 2226 1506 2286 tönten
1540 2225 1627 2285 lange
1656 2225 1732 2285 fort,
1753 2224 1800 2284 als
1834 2221 1930 2281 wollte
1959 2221 2002 2281 die
2032 2220 2118 2280 Nacht

2176 2273 2253 2333 mir?
2284 2270 2372 2330 Nimm
2419 2265 2434 2325 —
2487 2266 2564 2326 nimm
2611 2265 2698 2325 deine
2730 2263 2833 2323 Hände
2865 2261 2916 2321 aus
2953 2259 3004 2319 dem

1267 2275 1298 2335 sie
1326 2270 1398 2330 nicht
1422 2269 1530 2329 wieder
1554 2268 1777 2328 herausgeben;
1801 2266 1832 2326 sie
1860 2265 1978 2325 wurden
2025 2264 2124 2324 auter,

1270 2315 1358 2375 voller
1386 2312 1442 2372 und
1471 2312 1574 2372 endlich
1602 2312 1752 2372 dröhnend
1785 2310 1836 2370 wie
1860 2309 2057 2369 Orgelklang.
2081 2308 2117 2368 In

2181 2316 2268 2376 Pelz!

2232 2356 2303 2416 Otto
2328 2354 2369 2414 sah
2394 2354 2442 2414 ihm
2479 2351 2551 2411 starr
2576 2349 2623 2409 ins
2648 2348 2775 2408 Gesicht.
2806 2347 2907 2407 Zuerst
2926 2345 3010 2405 schien

1265 2358 1342 2418 einer
1366 2357 1500 2417 riesigen,
1520 2355 1592 2415 sonst
1612 2354 1698 2414 völlig
1727 2354 1818 2414 leeren
1843 2353 1943 2413 Kirche
1968 2351 2117 2411 wandelte

2177 2402 2204 2462 er
2237 2399 2311 2459 nicht
2345 2396 2414 2456 recht
2447 2396 2475 2456 zu
2517 2391 2680 2451 verstehen.
2727 2390 2811 2450 Dann
2853 2389 2937 2449 aber,
2966 2386 3016 2446 mit

1267 2402 1379 2462 Robert
1403 2399 1459 2459 mit
1488 2399 1543 2459 Dr.
1568 2399 1718 2459 Leimbach
1747 2398 1868 2458 umher,
1892 2396 1948 2456 und
1986 2396 2023 2456 an
2066 2396 2117 2456 der

2180 2438 2396 2498 übertriebener
2427 2435 2577 2495 Gebärde,
2598 2435 2643 2495 riß
2674 2433 2698 2493 er
2724 2431 2804 2491 beide
2831 2430 2931 2490 Hände
2961 2430 3011 2490 aus

1271 2445 1375 2505 Orgel,
1390 2443 1568 2503 ungesehen,
1593 2442 1657 2502 aber
1687 2440 1801 2500 Robert
1827 2440 1886 2500 doch
1916 2437 2054 2497 bewußt,
2074 2439 2113 2499 saß

2178 2485 2224 2545 den
2260 2482 2374 2542 Taschen
2411 2479 2498 2539 seines
2535 2479 2653 2539 Pelzes,
2680 2476 2824 2536 schüttelte
2856 2473 2902 2533 den
2939 2473 3021 2533 Kopf

1270 2488 1317 2548 der
1342 2485 1461 2545 Pianist
1486 2483 1538 2543 aus
1563 2484 1610 2544 dem
1649 2485 1836 2545 Nachtlokal.
1856 2482 1995 2542 während
2024 2479 2124 2539 Höhn¬

2178 2527 2234 2587 und
2262 2527 2360 2587 verzog
2393 2524 2445 2584 den
2478 2521 2594 2581 Mund,
2632 2518 2679 2578 als
2712 2518 2791 2578 wenn
2843 2515 2871 2575 er
2918 2516 3011 2576 lachen

1270 2532 1341 2592 burg
1370 2531 1413 2591 die
1438 2530 1572 2590 Register
1596 2527 1658 2587 trat
1682 2527 1735 2587 und
1764 2528 1850 2588 dabei
1875 2526 1927 2586 wie
1952 2525 1995 2585 ein
2024 2524 2124 2584 Hans¬

2178 2571 2288 2631 wollte,
2309 2569 2379 2629 dann
2410 2564 2450 2624 biß
2476 2565 2506 2625 er
2526 2564 2571 2624 sich
2597 2563 2622 2623 in
2653 2562 2693 2622 die
2713 2561 2819 2621 Appen
2850 2560 2900 2620 und
2926 2557 3021 2617 sagte:

1272 2575 1360 2635 wurst
1390 2572 1439 2632 den
1474 2572 1552 2632 Kopf
1583 2572 1651 2632 weit
1681 2570 1754 2630 über
1794 2570 1838 2630 die
1873 2569 2025 2629 Brüstung
2070 2569 2119 2629 des

2180 2615 2237 2675 „Du
2266 2608 2280 2668 —
2323 2611 2361 2671 du
2390 2608 2514 2668 träumst
2539 2605 2673 2665 offenbar
2702 2604 2778 2664 noch.
2817 2602 2908 2662 Komm
2951 2602 3013 2662 doch

1271 2617 1364 2677 Chors
1407 2617 1513 2677 streckte
1552 2614 1607 2674 und
1649 2615 1756 2675 immer
1808 2614 1915 2674 wieder
1958 2614 2125 2674 zurückzog.

2180 2660 2204 2720 zu
2235 2655 2295 2715 dir.
2326 2652 2376 2712 Ich
2401 2649 2497 2709 bin's,
2512 2649 2638 2709 Robert,
2659 2646 2668 2706 —
2714 2646 2774 2706 dein
2800 2643 2936 2703 Bruder,
2951 2643 3011 2703 dein

1272 2661 1415 2721 Leimbach
1439 2659 1506 2719 aber
1531 2658 1669 2718 erklärte,
1684 2657 1736 2717 daß
1766 2655 1813 2715 der
1838 2656 1928 2716 Mann
1957 2655 2024 2715 dort
2044 2652 2110 2712 oben

2175 2697 2311 2757 Freund.
2346 2692 2419 2752 Was
2448 2691 2556 2751 bildest
2579 2691 2613 2751 du
2648 2691 2692 2751 dir
2716 2688 2790 2748 denn
2825 2687 2892 2747 ein?
2938 2685 3011 2745 Dein

1271 2703 1344 2763 nicht
1371 2703 1444 2763 etwa
1477 2701 1535 2761 eine
1567 2700 1646 2760 Fuge
1678 2700 1731 2760 von
1763 2700 1836 2760 Bach
1869 2700 1974 2760 spiele,
1996 2697 2112 2757 sonderi

2183 2736 2299 2796 Bruder
2330 2735 2342 2795 —
2391 2733 2519 2793 Robert.
2563 2733 2605 2793 So
2637 2733 2746 2793 glaube
2772 2730 2850 2790 doch,
2876 2730 2900 2790 so
2937 2730 3016 2790 wisse

1265 2745 1325 2805 ddaß
1355 2745 1380 2805 er
1406 2744 1683 2804 Lebensgeschichten
1715 2744 1739 2804 in
1770 2742 1870 2802 Musik
1891 2742 1967 2802 setze,
1988 2741 2042 2801 wie
2068 2741 2118 2801 das

2180 2782 2248 2842 doch
2265 2778 2395 2838 endlich,
2411 2778 2441 2838 es
2465 2775 2503 2835 ist
2527 2775 2588 2835 doch
2612 2776 2688 2836 nicht
2712 2775 2735 2835 im
2774 2775 2858 2835 Ernst
2882 2772 3020 2832 möglich,

1267 2790 1447 2850 bekanntlich
1479 2787 1529 2847 alle
1557 2787 1696 2847 begabten
1727 2784 1876 2844 Pianisten
1908 2784 1979 2844 tun.
2017 2781 2119 2841 Gleich

2175 2825 2271 2885 dann,
2291 2822 2320 2882 du
2354 2818 2363 2878 —
2408 2819 2499 2879 denkst
2519 2816 2533 2876 —

1272 2834 1380 2894 darauf
1415 2832 1567 2892 wanderte
1602 2829 1715 2889 Robert
1750 2829 1877 2889 zwischen
1918 2826 2114 2886 Bahngleisen

2240 2863 2302 2923 Und
2331 2861 2379 2921 die
2408 2858 2512 2918 Worte
2541 2859 2686 2919 versagten
2722 2858 2799 2918 ihm.
2842 2858 2882 2918 In
2918 2856 3008 2916 seinen

1271 2876 1329 2936 hin,
1349 2876 1426 2936 einer
1451 2873 1562 2933 offenen
1596 2873 1766 2933 Landschaft
1791 2873 1839 2933 zu,
1859 2871 1912 2931 mit
1937 2870 2014 2930 einer
2039 2870 2116 2930 roten

2178 2906 2273 2966 Augen
2311 2903 2374 2963 war
2407 2903 2512 2963 Angst,
2539 2901 2661 2961 Mitleid
2715 2900 2773 2960 und
2811 2900 2906 2960 Liebe,
2944 2899 3017 2959 ohne

1266 2921 1367 2981 Fahne
1402 2915 1425 2975 in
1474 2917 1527 2977 der
1562 2916 1663 2976 Hand,
1693 2914 1741 2974 die
1785 2913 1813 2973 er
1858 2912 2119 2972 ununterbrochen

2180 2951 2304 3011 Maßen.
2340 2945 2415 3005 Doch
2441 2945 2485 3005 dem
2526 2944 2641 3004 Bruder
2667 2942 2817 3002 bedeutete
2838 2942 2888 3002 der
2909 2939 3013 2999 feuchte

1270 2963 1418 3023 schwenkte
1466 2960 1523 3020 und
1572 2960 1681 3020 endlich
1730 2958 1786 3018 auf
1830 2957 1911 3017 einen
1965 2957 2122 3017 Erdhügel

2182 2992 2272 3052 Glanz
2298 2987 2389 3047 dieses
2420 2987 2525 3047 Blickes
2556 2987 2657 3047 Tücke,
2683 2987 2825 3047 Drohung
2861 2984 2911 3044 und
2947 2983 3022 3043 Tod.

1269 3006 1414 3066 pflanzte,
1428 3005 1517 3065 unter
1541 3002 1588 3062 dem
1626 3001 1747 3061 Alberta
1771 3000 1917 3060 begraben
1950 3000 2011 3060 lag.
2030 2999 2114 3059 Dann

2177 3035 2243 3095 Otto
2277 3032 2402 3092 wieder,
2426 3030 2479 3090 von
2513 3029 2565 3089 dem
2610 3029 2763 3089 Ausdruck
2792 3028 2839 3088 des
2874 3026 3017 3086 Grauens

1271 3049 1364 3109 schritt
1392 3048 1420 3108 er
1448 3046 1504 3106 auf
1532 3045 1606 3105 einem
1648 3044 1788 3104 schmalen
1821 3044 2025 3104 Gebirgspfad
2058 3044 2123 3104 hin,

2177 3076 2201 3136 in
2236 3076 2285 3136 des
2320 3073 2452 3133 Brudere
2487 3072 2600 3132 Antlitz
2626 3070 2650 3130 im
2694 3071 2802 3131 tiefsten
2837 3067 3024 3127 erschüttert,

1271 3094 1430 3154 Abgründe
1459 3089 1486 3149 zu
1525 3088 1623 3148 beiden
1656 3088 1782 3148 Seiten,
1806 3087 1904 3147 mitten
1943 3085 2022 3145 durch
2060 3085 2121 3145 eine

2179 3118 2351 3178 beherrschte
2376 3115 2420 3175 sich
2455 3115 2528 3175 nicht
2554 3112 2677 3172 länger,
2697 3112 2755 3172 trat
2780 3112 2854 3172 ganz
2879 3112 2953 3172 nahe
2983 3109 3012 3169 an

1269 3133 1488 3193 wundervolle,
1507 3132 1590 3192 blaue
1614 3130 1828 3190 Winternacht.
1866 3130 1982 3190 Endlich
2010 3130 2051 3190 saß
2080 3130 2121 3190 er,

2181 3162 2222 3222 ihn
2251 3160 2358 3220 heran,
2377 3160 2409 3220 um
2452 3159 2498 3219 ihn
2527 3158 2559 3218 zu
2592 3157 2742 3217 umarmen
2775 3155 2826 3215 und
2859 3155 2901 3215 ihn
2934 3154 3013 3214 durch

1271 3181 1411 3241 erfrischt,
1436 3177 1488 3237 mit
1519 3176 1614 3236 kühlen
1649 3174 1780 3234 Wangen
1819 3173 1876 3233 und
1911 3173 1954 3233 sich
1988 3174 2037 3234 der
2066 3171 2124 3231 Ar¬

2174 3207 2217 3267 die
2242 3202 2415 3262 rückhaltlos
2450 3202 2575 3262 innigste
2605 3199 2745 3259 Gebärde
2775 3198 2866 3258 seiner
2896 3196 3021 3256 brüder¬

1270 3223 1331 3283 beit
1351 3223 1619 3283 entgegenfreuend
1649 3220 1672 3280 in
1706 3220 1797 3280 seinem
1840 3219 1940 3279 Büro,
1960 3217 2003 3277 als
2032 3217 2118 3277 plötz¬

2181 3247 2257 3307 lichen
2291 3244 2478 3304 Zärtlichkeit
2507 3244 2535 3304 zu
2574 3241 2747 3301 versichern.
2790 3241 2905 3301 Robert
2934 3238 3020 3298 aber,

1271 3267 1317 3327 lich
1345 3266 1406 3326 sehr
1434 3267 1518 3327 heftig
1546 3263 1578 3323 an
1611 3261 1653 3321 die
1681 3261 1742 3321 Tür
1771 3262 1901 3322 geklopft
1925 3261 2041 3321 wurde.
2079 3259 2115 3319 Er

2177 3290 2224 3350 des
2254 3288 2387 3348 Bruders
2416 3288 2498 3348 kühle
2527 3285 2627 3345 Hände
2652 3285 2680 3345 an
2714 3285 2805 3345 seinem
2844 3282 2930 3342 Halse
2954 3280 3021 3340 füh¬

1272 3308 1369 3368 wußte
1393 3309 1500 3369 sofort,
1520 3306 1566 3366 daß
1595 3304 1655 3364 dies
1684 3304 1740 3364 nur
1764 3306 1923 3366 Albertens
1951 3303 2040 3363 Gatte
2069 3303 2119 3363 sein

2180 3335 2257 3395 lend,
2278 3333 2417 3393 zweifelte
2443 3330 2500 3390 nun
2532 3331 2603 3391 nicht
2625 3330 2722 3390 mehr,
2739 3330 2789 3390 daß
2816 3329 2867 3389 der
2889 3327 3017 3387 gefürch¬

1269 3354 1388 3414 konnte,
1406 3351 1454 3411 der
1477 3351 1636 3411 gekommen
1667 3349 1742 3409 war,
1760 3348 1963 3408 Rechenschaft
1982 3348 2034 3408 von
2061 3348 2105 3408 ihm

1267 3404 1294 3464 zu
1328 3396 1463 3456 fordern.
1506 3393 1576 3453 Doch
1605 3393 1632 3453 er
1661 3393 1721 3453 war
1750 3392 1801 3452 fest
1825 3390 2003 3450 entschlossen
2046 3389 2120 3449 nicht

1265 3444 1292 3504 zu
1321 3440 1438 3500 öffnen.
1472 3438 1626 3498 Vielmehr
1650 3438 1757 3498 verließ
1787 3435 1814 3495 er
1833 3435 1884 3495 den
1913 3435 1997 3495 Raum
2036 3432 2115 3492 durch

1265 3485 1307 3545 die
1340 3482 1646 3542 gegenüberliegende
1674 3479 1740 3539 Tür
1773 3477 1829 3537 und
1863 3476 1985 3536 stürmte
2018 3476 2121 3536 weiter

1269 3527 1350 3587 durch
1383 3527 1441 3587 eine
1469 3525 1559 3585 ganze
1587 3523 1672 3583 Reihe
1700 3522 1750 3582 von
1782 3521 1949 3581 Zimmern;
1973 3521 1995 3581 in
2027 3521 2104 3581 jedem

1271 3572 1387 3632 standen
1415 3571 1517 3631 Tische,
1536 3569 1568 3629 an
1597 3568 1671 3628 jedem
1709 3566 1751 3626 saß
1779 3564 1816 3624 ein
1844 3564 2016 3624 Schreiber,
2031 3563 2114 3623 deren

1271 3617 1378 3677 Federn
1417 3614 1473 3674 mit
1501 3611 1684 3671 ungeheurer
1718 3609 1784 3669 Eile
1812 3608 1887 3668 über
1916 3608 1972 3668 das
2006 3610 2118 3670 Papier

1275 3659 1391 3719 fuhren,
1409 3657 1461 3717 mit
1484 3656 1533 3716 der
1560 3656 1644 3716 freien
1676 3653 1755 3713 Hand
1787 3653 1853 3713 aber
1880 3653 1987 3713 warfen
2019 3653 2054 3713 sie
2076 3650 2120 3710 die

1276 3702 1369 3762 Bogen
1402 3700 1430 3760 in
1468 3700 1566 3760 offene
1594 3697 1810 3757 Reisetaschen,
1839 3694 1885 3754 die
1923 3695 1969 3755 sich
2017 3694 2119 3754 immer

1273 3745 1426 3805 selbsttätig
1460 3745 1531 3805 auf-
1556 3742 1613 3802 und
1642 3741 1829 3801 zuschlossen,
1853 3739 2030 3799 schnappend
2064 3735 2116 3795 wie

1273 3790 1544 3850 Krokodilmäuler.
1591 3784 1689 3844 Dabei
1718 3784 1844 3844 dauerte
1887 3781 1942 3841 das
1985 3781 2111 3841 Klopfen

1273 3835 1378 3895 immer
1407 3835 1469 3895 fort
1499 3832 1551 3892 und
1585 3828 1666 3888 schien
1705 3828 1786 3888 sogar
1816 3826 1920 3886 stärker
1949 3826 2007 3886 und
2036 3823 2122 3883 drin¬

1273 3879 1376 3939 gender
1406 3878 1435 3938 zu
1475 3874 1603 3934 werden.
1647 3870 1868 3930 Unwillkürlich
1903 3870 1977 3930 griff
2002 3867 2120 3927 Robert

1272 3923 1335 3983 nach
1361 3923 1409 3983 dem
1444 3921 1611 3981 Revolver,
1626 3918 1669 3978 den
1700 3919 1723 3979 er
1749 3919 1768 3979 in
1798 3918 1871 3978 alter
1896 3912 2121 3972 Reisegewohn¬
