3392 4256
2806 139 2879 199 -

169 206 244 266 12

368 216 945 276 Schnitzler's
1014 219 1244 279 Death

1465 222 1593 282 box
1667 226 1844 286 42/9

1977 428 2116 488 Alend

1678 532 2094 592 Allgemeine
2146 535 2397 595 Zeilung

239 604 318 664 über
345 606 386 666 ein
419 607 514 667 Bild;
536 610 662 670 sondern
695 613 784 673 allein
817 613 869 673 das
901 613 1118 673 Beisammen¬

1157 608 1219 668 tis
1250 613 1349 673 zeigte
1375 611 1457 671 schon
1494 613 1556 673 mit
1583 613 1634 673 den
1671 613 1759 673 ersten
1796 613 1905 673 Takten
1947 613 2029 673 einer

2077 610 2105 670 er
2129 616 2238 676 gehört
2268 616 2296 676 zu
2326 613 2447 673 werden
2482 614 2638 674 verdient.
2662 619 2823 679 Anfangen
2858 622 2921 682 muß

248 650 304 710 sein
340 652 401 712 mit
428 652 473 712 ihm
520 654 576 714 gab
613 655 674 715 eine
706 658 967 718 geheimnisvolle
998 657 1116 717 Kräfti¬

1161 655 1333 715 Gagliarde
1367 656 1419 716 von
1462 656 1615 716 Mudarra
1654 656 1820 716 Charakter
1854 658 1883 718 im
1931 657 2026 717 Spiel

2076 658 2151 718 jeder
2181 658 2312 718 einmal,
2333 658 2388 718 und
2419 658 2468 718 daß
2505 658 2530 718 es
2560 660 2605 720 ihm
2651 663 2777 723 möglich
2803 665 2933 725 gemacht

1160 700 1221 760 Ihr
1298 700 1365 760 nach
1423 701 1561 761 wenigen
1623 700 1723 760 Tagen
1786 700 2019 760 stattfindenden

239 697 391 757 gung...
417 697 480 757 Und
515 697 568 757 das
604 700 825 760 erschütternste
855 703 1110 763 Zusammensein

2076 700 2194 760 wurde,
2215 702 2251 762 ist
2272 700 2324 760 das
2355 700 2515 760 Verdienst
2541 703 2634 763 dieser
2660 708 2789 768 Bühne.
2805 709 2934 769 Willi

1161 744 1390 804 Klavierabend
1443 741 1524 801 wird
1577 741 1624 801 die
1653 741 1796 801 Vorzüge
1835 742 1882 802 der
1916 744 2026 804 Künst¬

245 738 280 798 ist
312 738 363 798 das
400 741 497 801 dieses
534 744 755 804 Vormittags,
782 744 812 804 da
849 745 884 805 ich
921 745 1003 805 nicht
1029 744 1116 804 mehr

2074 744 2305 804 Cronauer
2346 742 2400 802 hat
2441 744 2501 804 mit
2542 747 2748 807 bescheidenen
2799 753 2924 813 Mitteln

1163 786 1237 846 lerin
1273 786 1358 846 wohl
1389 786 1454 846 noch
1485 786 1650 846 deutlicher
1681 786 1927 846 unterstreichen.

246 781 304 841 mit
330 783 378 843 dem
423 783 505 843 Stift
531 785 584 845 vor
610 787 658 847 dem
703 789 820 849 Gesicht
841 789 923 849 eines
953 789 1110 849 Lebenden

2072 784 2136 844 eine
2172 786 2409 846 geschmackvolle
2445 788 2505 848 und
2540 791 2676 851 niemals
2712 795 2933 855 dilettantische

1879 831 1921 891 R.
1947 831 1990 891 K.

246 828 336 888 stehe,
357 827 406 887 der
442 831 507 891 noch
543 831 669 891 schaffen
705 834 800 894 wird,
826 833 952 893 sondern
993 834 1108 894 meinen

2075 831 2272 891 Aufführung
2322 831 2602 891 herausgebracht,
2637 837 2680 897 ein
2730 840 2818 900 gutes
2868 840 2927 900 und

243 872 340 932 letzten
393 874 619 934 künstlerischen
656 877 764 937 Dienst
816 876 851 936 an
904 878 955 938 dem
1002 878 1115 938 Gesicht

2072 873 2190 933 sicheres
2216 873 2313 933 Spiel
2335 873 2468 933 geleitet.
2484 876 2618 936 Liane
2644 881 2767 941 Kopf,
2783 883 2927 943 Maria

247 917 331 977 eines
364 916 458 976 Toten
491 918 538 978 tun
575 920 665 980 muß,
686 921 738 981 der
766 921 961 981 Gewaltiges
993 924 1120 984 geschaf¬

2073 915 2189 975 Böhm
2237 918 2294 978 und
2332 918 2379 978 die
2411 918 2527 978 Herren
2564 921 2722 981 Haber,
2744 925 2922 985 Tressin

1272 938 1509 998 Schipper
1550 934 1628 994 als
1669 935 1906 995 Dionysos

247 959 288 1019 fen
325 958 396 1018 hat.

2076 957 2130 1017 und
2160 959 2307 1019 Traut
2332 959 2450 1019 standen
2485 962 2534 1022 ihm
2579 963 2632 1023 zur
2657 965 2751 1025 Seite
2781 968 2834 1028 und
2869 967 2932 1027 ver¬

1229 986 1278 1046 In
1311 991 1513 1051 Wellesz'
1536 987 1705 1047 extatischer
1733 986 1820 1046 Oper
1848 989 1925 1049 „Die
1947 989 2012 1049 Bac

2076 1001 2176 1061 dienen
2212 1004 2262 1064 für
2288 1004 2333 1064 ihr
2364 1005 2642 1065 Aufmerksamkeit
2668 1010 2713 1070 sich
2744 1013 2935 1073 erzwingen¬

1162 1032 1382 1092 chantinnen",
1408 1034 1457 1094 die
1492 1032 1599 1092 gestern
1639 1031 1707 1091 nach
1742 1031 1889 1091 längerer
1924 1031 2026 1091 Pause

2075 1046 2124 1106 des
2149 1046 2248 1106 Spiel
2268 1046 2410 1106 genannt
2431 1046 2460 1106 zu
2490 1049 2628 1109 werden.
2644 1052 2708 1112 Der
2733 1055 2851 1115 Beifall
2871 1055 2934 1115 war

290 1049 369 1109 Die
414 1052 619 1112 schwarze
665 1055 815 1115 Fahne
852 1054 932 1114 auf
977 1052 1038 1112 dem

1162 1076 1319 1136 wiederum
1368 1076 1525 1136 musiziert
1555 1076 1678 1136 wurde,
1698 1074 1756 1134 hat
1785 1073 1842 1133 nun
1881 1076 2000 1136 Schip

2076 1088 2194 1148 herzlich
2231 1088 2292 1148 und
2324 1090 2401 1150 stark
2428 1091 2489 1151 und
2526 1092 2567 1152 ein
2609 1096 2748 1156 Zeichen,
2774 1100 2826 1160 daß
2862 1100 2929 1160 man

1156 1119 1225 1179 per
1255 1118 1299 1178 die
1329 1119 1492 1179 ungemein
1528 1118 1701 1178 schwierige
1731 1118 1840 1178 Partie
1870 1118 1919 1178 des
1949 1118 2027 1178 Dio¬

530 1120 831 1180 Burgtheater

2076 1132 2136 1192 eine
2169 1132 2365 1192 Wiederkehr
2393 1133 2441 1193 sich
2475 1136 2627 1196 wünscht.

1162 1161 1252 1221 nysos
1286 1162 1530 1222 übernommen.
1555 1159 1616 1219 Und
1650 1159 1707 1219 mit
1732 1159 1784 1219 der
1809 1162 1899 1222 Tiefe
1929 1161 2024 1221 seines

317 1170 390 1230 Das
431 1174 743 1234 Burgtheater
779 1174 834 1234 hat
863 1174 954 1234 heute
989 1174 1113 1234 morgen

2154 1184 2253 1244 Nichts
2284 1185 2384 1245 Gutes
2415 1186 2560 1246 hingegen
2596 1189 2661 1249 kann
2697 1192 2761 1252 man
2797 1194 2847 1254 von
2883 1195 2932 1255 der

1168 1207 1308 1267 Ernstes,
1334 1204 1394 1264 mit
1425 1204 1480 1264 der
1516 1204 1622 1264 Wucht
1652 1204 1753 1264 seiner
1789 1205 2030 1265 Persönlichkeit

252 1217 301 1277 zum
345 1219 463 1279 Zeichen
498 1219 547 1279 der
577 1219 700 1279 Trauer
725 1219 759 1279 um
804 1219 922 1279 Arthur
947 1220 1118 1280 Schnitzler

2078 1231 2315 1291 Uraufführung
2348 1231 2401 1291 des
2434 1231 2640 1291 Volksstückes
2673 1237 2937 1297 „Kalteiser¬

1162 1247 1220 1307 und
1250 1249 1309 1309 mit
1329 1249 1378 1309 dem
1423 1249 1467 1309 ihm
1511 1248 1629 1308 eigenen
1664 1246 1747 1306 Eifer
1772 1249 1959 1309 interessant
1984 1250 2027 1310 ge¬

242 1259 312 1319 die
356 1264 567 1324 schwarze
611 1264 762 1324 Fahne
811 1264 984 1324 gebißt.
1055 1262 1114 1322 Die

2072 1273 2190 1333 geist"
2226 1273 2309 1333 eines
2346 1273 2376 1333 so
2433 1275 2521 1335 guten
2563 1276 2701 1336 Mannes
2744 1279 2800 1339 wie
2837 1282 2934 1342 Max

1167 1293 1262 1353 staltet
1291 1294 1348 1354 und
1382 1294 1464 1354 ganz
1498 1291 1521 1351 im
1569 1291 1655 1351 Sinn
1694 1290 1741 1350 des
1781 1291 2029 1351 Dichterkompo¬

251 1309 472 1369 Trauerfahne
519 1309 598 1369 wird
645 1309 705 1369 erst
751 1309 816 1369 nach
867 1309 917 1369 dem
983 1309 1119 1369 Leichen¬

2076 1314 2197 1374 Mohr
2229 1315 2334 1375 gesagt
2367 1316 2509 1376 werden.
2552 1318 2615 1378 Die
2648 1323 2933 1383 Ganghofer¬

1162 1335 1250 1395 nisten
1290 1336 1476 1396 aufgebaut.
1506 1334 1570 1394 Der
1600 1333 1688 1393 Wert
1718 1335 1771 1395 der
1801 1335 2031 1395 „Bacchantin¬

248 1351 426 1411 begängnis
459 1352 507 1412 des
541 1353 681 1413 Dichters
709 1355 893 1415 eingezogen
926 1353 1066 1413 werden.

2071 1356 2422 1416 Thoma-Bühne
2449 1359 2500 1419 der
2526 1362 2763 1422 bekannten
2800 1367 2939 1427 Schul¬

1158 1377 1232 1437 nen"
1262 1380 1361 1440 bleibt
1381 1378 1465 1438 wohl
1485 1377 1742 1437 problematisch.
1758 1377 1836 1437 Aber
1862 1379 1916 1439 das
1941 1380 2029 1440 Werk

2071 1404 2369 1464 tes-Truppe,
2391 1403 2442 1463 für
2473 1404 2519 1464 die
2551 1405 2648 1465 Mohr
2680 1407 2736 1467 das
2767 1410 2859 1470 Stück
2886 1411 2932 1471 ge¬

1163 1422 1272 1482 spricht
1297 1423 1359 1483 nach
1393 1423 1449 1483 wie
1479 1422 1531 1482 vor
1560 1422 1612 1482 für
1637 1422 1684 1482 die
1713 1422 1918 1482 wunderbare
1948 1421 2024 1481 Ver¬

396 1443 680 1503 Trauerfeler
707 1443 775 1503 der
810 1443 957 1503 Navag

2076 1446 2215 1506 schrieben
2247 1447 2313 1507 hat,
2329 1446 2386 1506 hat
2407 1446 2437 1506 es
2464 1448 2489 1508 im
2531 1450 2857 1510 Volkstheater
2883 1455 2934 1515 zur

1164 1467 1345 1527 sonnenheit
1376 1464 1471 1524 seines
1502 1465 1694 1525 Schöpfers,
1714 1464 1765 1524 der
1796 1467 1870 1527 nicht
1897 1467 2017 1527 billigen

2076 1489 2314 1549 Uraufführung
2351 1491 2507 1551 gebracht.
2549 1493 2616 1553 Der
2648 1496 2876 1556 Kalteisergeist
2907 1500 2943 1560 ist

323 1491 387 1551 Die
420 1494 527 1554 Ravag
566 1494 663 1554 wird,
690 1495 749 1555 wie
782 1495 819 1555 sie
853 1497 944 1557 heute
977 1497 1106 1557 mittags

1162 1511 1305 1571 Erfolgen
1345 1509 1518 1569 nachläuft,
1563 1508 1602 1568 um
1647 1508 1726 1568 Geld
1766 1508 1790 1568 zu
1845 1511 2027 1571 verdienen.

2077 1532 2116 1592 ein
2152 1533 2317 1593 Schnaps,
2358 1535 2412 1595 den
2453 1533 2493 1593 ein
2533 1535 2613 1595 altes
2644 1542 2934 1602 Bauerngeschlecht

252 1535 397 1595 mitteilt,
420 1535 451 1595 am
496 1538 626 1598 nächsten
664 1538 869 1598 Sonntag
903 1539 940 1599 um
989 1538 1022 1598 13
1055 1536 1113 1596 Uhr

1163 1553 1289 1613 Wellesz
1322 1553 1422 1613 bleibt
1449 1553 1496 1613 sich
1529 1553 1618 1613 treu.
1645 1551 1698 1611 Als
1735 1553 2026 1613 Musikschaffender

2072 1577 2126 1637 seit
2157 1577 2414 1637 Jahrhunderten
2455 1580 2566 1640 braut,
2597 1580 2651 1640 und
2687 1583 2778 1643 wenn
2819 1584 2849 1644 er
2879 1583 2934 1643 auf

251 1577 277 1637 10
315 1580 404 1640 Min.
426 1580 494 1640 eine
521 1581 822 1641 Trauerfeier
850 1583 918 1643 für
945 1583 1114 1643 Arthur

1167 1594 1223 1654 und
1255 1598 1301 1658 als
1338 1598 1608 1658 Musikgelehrter.

1882 1595 1924 1655 R.
1949 1598 1990 1658 K.

2071 1621 2118 1681 der
2145 1619 2256 1679 Bühne
2284 1619 2337 1679 von
2369 1621 2422 1681 den
2455 1625 2635 1685 feindlichen
2668 1627 2939 1687 Kalteiser-Zwil¬

248 1623 491 1683 Schnitzler
524 1625 698 1685 abhalten:
731 1625 800 1685 die
832 1626 1118 1686 Gedenkrede

2075 1663 2175 1723 lingen
2213 1664 2372 1724 getrunken
2414 1667 2509 1727 wird,
2552 1667 2584 1727 so
2616 1668 2684 1728 mag
2717 1671 2748 1731 er
2781 1673 2833 1733 gut
2866 1673 2939 1733 sein,

247 1667 345 1727 hält
369 1668 535 1728 Hofrat
558 1668 630 1728 Dr.
647 1669 774 1729 Ernst
797 1670 974 1730 Lothar,
991 1670 1119 1730 hierauf

1163 1706 1277 1766 Zwei
1305 1705 1685 1765 Uraufführungen
1730 1705 1765 1765 in
1802 1705 2013 1765 München

2075 1705 2136 1765 was
2173 1707 2249 1767 Max
2281 1708 2378 1768 Mohr
2410 1708 2481 1768 aber
2513 1711 2564 1771 für
2595 1711 2646 1771 das
2683 1714 2775 1774 unten
2812 1714 2929 1774 sitzende

244 1709 325 1769 wird
364 1708 421 1768 das
460 1711 589 1771 Wiener
623 1711 969 1771 Symphonieorchester
1022 1712 1113 1772 unter

2081 1750 2234 1810 Publikum
2277 1752 2594 1812 zusammengebraut
2621 1756 2684 1816 hat,
2706 1759 2742 1819 ist
2769 1757 2811 1817 ein
2844 1756 2938 1816 unge¬

252 1754 300 1814 der
327 1753 457 1813 Leitung
484 1755 646 1815 Professor
668 1757 879 1817 Kabastas
906 1756 949 1816 ein
977 1755 1111 1815 entspre¬

1242 1756 1337 1816 „Die
1364 1753 1671 1813 Gegenwart",
1714 1755 1782 1815 eine
1809 1756 2026 1816 Vereinigung

2071 1795 2235 1855 nießbarer
2262 1795 2373 1855 Fusel.
2394 1795 2468 1855 Noch
2500 1798 2637 1858 niemals
2665 1798 2733 1858 war
2760 1801 2801 1861 ein
2834 1801 2928 1861 Mohr

1163 1798 1212 1858 der
1243 1798 1354 1858 jungen
1400 1798 1591 1858 Münchener
1627 1798 1955 1858 Dichtergeneration,
1981 1801 2025 1861 die

248 1798 372 1858 chendes
411 1798 584 1858 Musikstück
611 1799 747 1859 spielen.
774 1801 953 1861 Schließlich
986 1801 1115 1861 gelangt

2076 1839 2097 1899 so
2129 1837 2203 1897 weiß
2235 1838 2293 1898 wie
2321 1840 2431 1900 dieser,
2448 1840 2532 1900 wenn
2564 1842 2596 1902 er
2623 1843 2724 1903 seinen
2756 1845 2835 1905 einen
2868 1844 2941 1904 auf¬

248 1839 338 1899 unter
390 1843 446 1903 der
492 1843 706 1903 Spielleitung
763 1843 825 1903 Dr.
865 1843 1102 1903 Nüchterns

1161 1842 1207 1902 sich
1238 1843 1326 1903 gegen
1363 1842 1420 1902 das
1451 1843 1601 1903 offizielle
1632 1843 1938 1903 Desinteressement
1965 1845 2026 1905 ihre

2076 1882 2178 1942 rechten
2220 1882 2344 1942 Bauern
2386 1882 2437 1942 für
2474 1884 2556 1944 seine
2588 1888 2691 1948 Berge
2728 1889 2815 1949 gegen
2878 1887 2929 1947 den

249 1885 435 1945 Schnitzlers
493 1885 640 1945 Einakter
692 1888 1009 1948 „Paracelsus"
1061 1888 1111 1948 zur

1162 1885 1520 1945 Daseinsberechtigung
1561 1888 1712 1948 erkämpft
1743 1889 1813 1949 hat,
1859 1889 1914 1949 hat
1950 1888 2030 1948 nun¬

2072 1922 2159 1982 bösen
2195 1925 2319 1985 Bruder
2366 1926 2505 1986 kämpfen
2557 1929 2640 1989 läßt,
2682 1929 2738 1989 der
2770 1929 2826 1989 mit
2852 1929 2934 1989 einer

251 1926 479 1986 Aufführung.

1156 1926 1240 1986 mehr
1270 1928 1294 1988 im
1344 1929 1417 1989 alten
1458 1929 1670 1989 Schwabing,
1690 1929 1714 1989 im
1760 1930 1848 1990 Saal
1878 1932 1927 1992 der
1952 1932 2021 1992 stets

2072 1968 2235 2028 Bergbahn
2273 1968 2319 2028 die
2357 1971 2599 2031 „Zivilisation"
2637 1972 2694 2032 und
2732 1974 2937 2034 Grundstück¬

1163 1971 1303 2031 rührigen
1334 1973 1581 2033 Buchhandlung
1607 1974 1773 2034 Steinicke,
1790 1974 1854 2034 eine
1875 1976 2026 2036 eigene

2077 2013 2256 2073 spekulation
2293 2013 2323 2073 in
2360 2013 2405 2073 die
2437 2015 2601 2075 Schründe
2632 2016 2688 2076 und
2725 2019 2832 2079 Almen
2869 2019 2925 2079 und

1164 2016 1315 2076 Bühne
1337 2016 1390 2076 auf
1413 2016 1455 2076 die
1478 2018 1580 2078 Beine
1603 2019 1726 2079 gestellt.
1743 2019 1878 2079 Willi
1900 2018 2029 2078 Cron¬

336 2042 421 2102 Die
463 2046 890 2106 Verhandlungen
941 2042 1017 2102 des

2072 2055 2128 2115 auf
2154 2057 2200 2117 die
2236 2058 2308 2118 alten
2350 2058 2555 2118 Bauernhöfe
2581 2061 2683 2121 tragen
2720 2061 2802 2121 will.
2849 2063 2920 2123 Man

1156 2058 1264 2118 auer
1294 2061 1416 2121 betreut
1446 2061 1485 2121 sie
1515 2061 1539 2121 in
1579 2064 1805 2124 aufopfernder
1835 2061 1932 2121 Weise
1967 2062 2021 2122 und

2076 2099 2146 2159 kann
2173 2102 2265 2162 gegen
2292 2100 2405 2160 Tempo
2438 2100 2497 2160 und
2524 2104 2804 2164 Rekordwahnsinn
2838 2107 2929 2167 dieser

1157 2102 1215 2162 hat
1236 2102 1325 2162 gleich
1358 2105 1389 2165 am
1438 2105 1527 2165 ersten
1559 2105 1664 2165 Abend
1697 2106 1749 2166 für
1776 2105 1823 2165 sich
1856 2107 1913 2167 und
1945 2108 2024 2168 seine

332 2123 783 2183 Bühnenvereines
824 2123 911 2183 mit
942 2122 1029 2182 der

2073 2142 2147 2202 Zeit
2177 2144 2257 2204 sein,
2298 2144 2390 2204 gegen
2431 2144 2511 2204 ihren
2552 2147 2834 2207 Maschinenterror
2870 2149 2927 2209 und

1164 2144 1219 2204 mit
1252 2147 1395 2207 Hingabe
1429 2147 1588 2207 spielende
1623 2149 1722 2209 Schar
1755 2150 1837 2210 einen
1899 2152 2014 2212 schönen

1162 2188 1274 2248 Erfolg
1305 2192 1484 2252 errungen.

2071 2189 2158 2249 gegen
2198 2188 2241 2248 die
2275 2189 2580 2249 Geldbesessenheit,
2619 2192 2691 2252 aber
2725 2195 2752 2255 so
2786 2195 2924 2255 primitiv

430 2201 924 2261 Generalintendanz

2075 2229 2133 2289 wie
2160 2231 2211 2291 bei
2238 2232 2316 2292 Max
2349 2234 2446 2294 Mohr
2473 2237 2545 2297 geht
2571 2234 2629 2294 das
2663 2234 2753 2294 nicht.

1238 2232 1298 2292 Die
1332 2234 1559 2294 „Komödie
1598 2237 1670 2297 vom
1721 2237 1936 2297 Sterben"
1976 2238 2020 2298 des

331 2266 441 2326 Heute
466 2267 674 2327 vormittags
711 2270 833 2330 fanden
865 2270 1018 2330 zwischen
1055 2267 1110 2327 der

1158 2279 1271 2339 jungen
1309 2279 1417 2339 Karl
1450 2279 1562 2339 Kurt
1590 2281 1774 2341 Wolter,
1801 2281 1849 2341 die
1882 2284 1936 2344 zur
1969 2281 2027 2341 Ur¬

2608 2280 2649 2340 A.
2676 2279 2718 2339 E.
2736 2281 2899 2341 Rutra.

246 2314 582 2374 Generalintendanz
621 2317 679 2377 und
718 2317 772 2377 den
816 2317 1005 2377 Vertretern
1049 2314 1102 2374 des

1163 2320 1354 2380 aufführung
1380 2323 1462 2383 kam,
1483 2325 1514 2385 ist
1535 2323 1617 2383 zwar
1644 2324 1685 2384 ein
1717 2324 1778 2384 noch
1809 2326 2021 2386 verworrenes

243 2365 549 2425 Bühnenvereines
619 2367 937 2427 Beratungen
996 2365 1111 2425 üder

1161 2363 1219 2423 und
1245 2365 1514 2425 unentschiedenes
1544 2367 1642 2427 Werk,
1662 2368 1711 2428 das
1741 2368 1765 2428 in
1795 2371 1961 2431 Visionen,
1977 2372 2020 2432 die

2138 2365 2263 2425 Robert
2288 2369 2418 2429 Rosner
2467 2369 2502 2429 am
2568 2371 2938 2431 Reinhardt-Seminar.

1156 2408 1210 2468 von
1245 2410 1436 2470 Strindberg
1486 2411 1678 2471 herkommen
1732 2413 1791 2473 und
1841 2414 1895 2474 bei
1920 2415 2027 2475 „Drei¬

244 2413 321 2473 die
352 2415 533 2475 gestern
575 2413 617 2473 in
660 2416 738 2476 der
787 2417 967 2477 großen
998 2416 1112 2476 Kon¬

2072 2410 2190 2470 Robert
2237 2413 2428 2473 Rosner,
2481 2414 2531 2474 der
2563 2416 2817 2476 Stimmbildner
2869 2419 2925 2479 und

1163 2453 1529 2513 groschenoper"=Songs
1576 2455 1710 2515 landen,
1752 2457 1845 2517 Wert
1872 2458 1933 2518 und
1965 2458 2026 2518 Un¬

2071 2458 2389 2518 Musikschriftsteller,
2425 2458 2534 2518 wurde
2581 2459 2616 2519 an
2657 2462 2708 2522 das
2744 2461 2934 2521 Reinhardt¬

243 2461 408 2521 ferenz
456 2464 715 2524 gemachten
780 2466 1110 2526 Ersparungs¬

1162 2496 1236 2556 wert
1262 2496 1313 2556 des
1343 2496 1464 2556 Lebens
1495 2497 1682 2557 diskutiert,
1703 2499 1772 2559 aber
1799 2500 1828 2560 es
1864 2502 1930 2562 war
1955 2501 2025 2561 den¬

2073 2499 2222 2559 Seminar
2252 2500 2303 2560 als
2333 2500 2494 2560 Lehrkraft
2523 2503 2667 2563 berufen.

242 2509 388 2569 pläne
426 2511 505 2571 der
536 2514 812 2574 Regierung
843 2511 971 2571 statt.

1162 2540 1223 2600 noch
1255 2541 1326 2601 recht
1353 2541 1409 2601 und
1435 2541 1486 2601 für
1513 2541 1558 2601 den
1590 2544 1698 2604 jungen
1729 2544 1847 2604 Dichter
1874 2547 2028 2607 wertvoll,

329 2558 395 2618 Die
440 2559 617 2619 Vertreter
679 2559 734 2619 des
795 2562 1106 2622 Bühnenvereines

2151 2562 2264 2622 Wissen
2295 2562 2374 2622 Sie,
2399 2565 2464 2625 was
2495 2565 2610 2625 wunde
2628 2566 2694 2626 voll
2725 2566 2779 2626 ist?
2810 2570 2918 2630 Wissen

1157 2584 1213 2644 daß
1245 2586 1270 2646 es
1302 2587 1431 2647 gespielt
1452 2586 1576 2646 wurde.
1592 2586 1638 2646 Er
1659 2586 1736 2646 wird
1763 2588 1851 2648 durch
1877 2590 1923 2650 die
1949 2591 2021 2651 Auf¬

2070 2604 2143 2664 Sie,
2170 2604 2234 2664 was
2271 2604 2456 2664 wirklich
2493 2607 2694 2667 wundervoll
2727 2606 2779 2666 ist?
2812 2603 2821 2663 —
2870 2607 2927 2667 Die

243 2607 384 2667 machten
444 2610 793 2670 Generalintendant
853 2610 1106 2670 Schneiderhan

1158 2628 1293 2688 führung
1324 2631 1445 2691 gelernt
1466 2631 1561 2691 haben
1593 2631 1647 2691 und
1678 2631 1744 2691 man
1774 2633 1849 2693 wird
1875 2634 1930 2694 von
1961 2635 2006 2695 ihm

2066 2643 2157 2703 neuen
2196 2644 2471 2704 Jellinek=Schuhr
2498 2649 2628 2709 „Marke
2655 2649 2866 2709 Economic"!

244 2658 465 2718 verschiedene
503 2659 978 2719 Gegenvorschläge,
1029 2660 1114 2720 über

1159 2673 1273 2733 wieder
1303 2675 1412 2735 hören,
1430 2675 1504 2735 denn
1539 2673 1585 2733 die
1609 2675 1770 2735 Anzeichen
1799 2678 1862 2738 sind
1892 2679 1943 2739 da,
1961 2681 2012 2741 daß
2059 2682 2191 2742 Nur:
2209 2686 2237 2746 7.
2255 2689 2341 2749 Bez.,
2360 2688 2532 2748 Burggasse
2550 2688 2578 2748 5.

247 2705 298 2765 die
325 2705 429 2765 dieser
456 2707 685 2767 höherenorts
719 2708 751 2768 zu
784 2708 941 2768 berichten
982 2709 1033 2769 sich
1060 2706 1111 2766 be¬

244 2754 309 2814 relt
339 2754 491 2814 erklärte.

331 2800 394 2860 Die
446 2804 624 2864 Vertreter
682 2804 739 2864 des
797 2807 1102 2867 Bühnenvereines

1287 2849 2106 2909 Matouschek
2235 2850 2812 2910 schreibt

248 2852 343 2912 stehen
380 2853 452 2913 nach
489 2855 549 2915 wie
580 2853 639 2913 vor
670 2855 730 2915 auf
754 2855 808 2915 dem
876 2855 1104 2915 Standpunkt

247 2900 305 2960 daß
341 2900 388 2960 ein
424 2902 546 2962 Betrag
582 2902 641 2962 von
677 2902 723 2962 2.8
759 2902 935 2962 Millionen
971 2902 1011 2962 an
1047 2900 1099 2960 den

1786 2936 1916 2996 über
1961 2941 2048 3001 den
2110 2941 2293 3001 Anzug

247 2950 356 3010 Gagen
392 2950 455 3010 und
485 2951 611 3011 Löhnen
647 2950 740 3010 allein
769 2950 855 3010 nicht
879 2953 1007 3013 erspart
1030 2950 1116 3010 wer¬

246 2999 301 3059 den
334 2998 433 3058 kann.
450 2998 516 3058 Bei
544 3001 599 3061 den
632 3001 919 3061 Verhandlungen
952 2998 1023 3058 war
1052 2998 1112 3058 auf

1240 2998 1327 3058 Was
1403 3001 1565 3061 verlangt
1634 3000 1707 3060 man
1790 3002 1850 3062 von
1912 3007 2006 3067 einem

2070 3010 2224 3070 weiligen
2261 3010 2356 3070 Linie
2386 3010 2451 3070 soll
2474 3010 2598 3070 immer
2629 3010 2694 3070 nur
2724 3012 2922 3072 angedeutet

242 3049 358 3109 beiden
396 3049 513 3109 Seiten
557 3049 611 3109 der
643 3049 815 3109 Wille,
859 3049 902 3109 zu
977 3047 1112 3107 einer

1160 3049 1317 3109 korrekten
1350 3049 1500 3109 Anzug?

2072 3057 2149 3117 sein.
2180 3057 2258 3117 Nur
2313 3057 2360 3117 ein
2421 3057 2613 3117 Schimmer
2674 3060 2728 3120 des
2795 3061 2921 3121 „letzten

246 3096 636 3156 Verkändigung
695 3099 730 3159 zu
774 3096 940 3156 kommen,
984 3094 1113 3154 unver¬

2067 3106 2222 3166 Schreis"
2262 3105 2340 3165 darf
2367 3106 2530 3166 ersichtlich
2564 3108 2648 3168 sein.
2688 3111 2740 3171 Im
2806 3109 2935 3169 Dessin.

1241 3108 1277 3168 1.
1303 3108 1491 3168 Paßform.

247 3142 408 3202 kennbar.

2068 3158 2115 3218 Im
2159 3153 2311 3213 Schnitt.
2330 3153 2371 3213 In
2409 3155 2462 3215 der
2488 3156 2621 3216 Farbe.

1242 3163 1278 3223 2.
1300 3165 1485 3225 Qualität.

2127 3201 2192 3261 Die
2223 3201 2416 3261 berühmten
2459 3204 2518 3264 gut
2550 3207 2779 3267 angezogenen
2804 3207 2924 3267 Herren

1239 3221 1278 3281 3.
1300 3225 1441 3285 Aktuelle
1475 3225 1582 3285 Linie.

2069 3252 2132 3312 sind
2164 3251 2368 3311 diejenigen,
2395 3251 2439 3311 die
2472 3250 2528 3310 das
2561 3253 2689 3313 Gefühl
2715 3254 2772 3314 für
2798 3254 2842 3314 die
2869 3253 2932 3313 an¬

330 3293 748 3353 Gugenabbau
811 3290 898 3350 bei
946 3290 1033 3350 der

2068 3299 2236 3359 geführten
2275 3300 2449 3360 Tatsachen
2506 3300 2631 3360 haben.
2675 3304 2844 3364 Menjou,
2870 3302 2919 3362 des

2072 3347 2190 3407 Prince
2225 3348 2258 3408 of
2288 3349 2423 3409 Wales.
2469 3347 2576 3407 Schon
2633 3350 2723 3410 Lord
2758 3353 2932 3413 Brunnel,

1303 3385 1532 3445 Sliant
1567 3389 1600 3449 ia
1636 3389 1912 3449 Mariahelf

535 3389 747 3449 Nabag

2066 3395 2122 3455 der
2151 3398 2264 3458 größte
2293 3397 2383 3457 Beau
2417 3398 2519 3458 seiner
2548 3398 2638 3458 Zeit,
2661 3401 2751 3461 hatte
2780 3401 2830 3461 es,
2854 3401 2926 3461 wie¬

317 3440 363 3500 Im
410 3442 497 3502 Zuge
544 3442 600 3502 der
647 3443 849 3503 allgemeinen
891 3442 1112 3502 Ersparungs¬

2066 3445 2159 3505 wohl
2188 3442 2220 3502 er
2249 3444 2298 3504 sich
2332 3445 2437 3505 dessen
2477 3445 2531 3505 gar
2565 3445 2648 3505 nicht
2677 3449 2815 3509 bewußt
2849 3448 2937 3508 war.

1272 3475 1395 3535 ringt
1425 3475 1498 3535 dem
1538 3475 1671 3535 Herrn
1712 3475 1785 3535 von
1820 3478 1948 3538 heute

242 3484 449 3544 maßnahmen
491 3484 521 3544 ist
547 3484 604 3544 von
641 3486 947 3546 Wertschaftskreisen
983 3488 1040 3548 auf
1066 3486 1112 3546 die

2150 3493 2315 3553 Qualität
2345 3494 2469 3554 bezieht
2493 3493 2540 3553 sich
2576 3494 2634 3554 auf
2659 3495 2711 3555 den
2748 3496 2859 3556 Stoff.
2884 3498 2924 3558 Je

1327 3512 1378 3572 den
1408 3514 1529 3574 weichen
1564 3514 1693 3574 dunklen
1724 3517 1952 3577 Herbstmantel

706 3529 837 3589 eines

246 3529 616 3589 Notwendigkeit

941 3531 1112 3591 Gagen¬

2067 3541 2182 3601 heikler
2212 3541 2258 3601 sich
2288 3541 2333 3601 ein
2364 3541 2461 3601 Stoff
2485 3542 2595 3602 trägt,
2613 3544 2694 3604 desto
2724 3544 2828 3604 besser
2858 3547 2926 3607 muß

1331 3554 1411 3614 (grau
1436 3553 1492 3613 und
1517 3553 1607 3613 b'au)
1627 3553 1678 3613 auf
1693 3556 1803 3616 Seide.
1817 3556 1831 3616 S
1851 3557 1951 3617 140.-,

242 3571 442 3631 abbaues
479 3571 566 3631 auch
602 3571 669 3631 bei
700 3574 772 3634 der
808 3574 973 3634 Ravag,
999 3574 1107 3634 insbe¬

2067 3592 2151 3652 seine
2180 3589 2350 3649 Qualität
2379 3589 2470 3649 sein.
2516 3591 2629 3651 Blaue
2687 3592 2805 3652 Stoffe
2858 3594 2925 3654 also

1326 3592 1376 3652 den
1402 3592 1531 3652 dunklen
1553 3595 1758 3655 Abendanzug
1784 3596 1825 3656 m.
1834 3598 1930 3658 zartem

242 3616 368 3676 sondere
400 3614 469 3674 was
507 3614 548 3674 die
581 3619 850 3679 Spitzengehälter
883 3619 1020 3679 betrifft,
1042 3619 1110 3679 hin¬

1325 3631 1522 3691 Dessinstreif
1555 3635 1647 3695 (grau
1693 3635 1752 3695 und
1794 3634 1858 3694 blau
1904 3634 1950 3694 die

2066 3638 2184 3698 müssen
2218 3636 2282 3696 von
2315 3636 2515 3696 besonderer
2565 3638 2656 3698 Güte
2706 3642 2792 3702 sein.
2841 3645 2922 3705 Auch

240 3660 387 3720 gewiesen
446 3657 594 3717 worden.
637 3660 890 3720 Diesbezügliche
922 3661 1106 3721 Vorschläge

1322 3672 1413 3732 große
1439 3672 1575 3732 Mode).

1618 3675 1794 3735 .....
1806 3675 1827 3735 S
1849 3675 1929 3735 145.-

2064 3687 2223 3747 braune!

241 3702 366 3762 wurden
426 3702 461 3762 an
522 3702 572 3762 den
612 3705 818 3765 Präsidenten
874 3705 928 3765 der
984 3705 1109 3765 Ravag,

1324 3714 1482 3774 Trenchcoats
1497 3714 1541 3774 und
1560 3714 1689 3774 Raincoots
1704 3717 1822 3777 gesüttert,
1841 3717 1858 3777 in
1877 3717 1947 3777 bester

1323 3745 1378 3805 Aus
1392 3744 1482 3804 ührung
1507 3744 1551 3804 und
1572 3744 1634 3804 jeder
1652 3744 1766 3804 Preislage

241 3746 520 3806 Bundesminister
575 3747 727 3807 Heinl,
776 3747 835 3807 und
874 3748 908 3808 an
953 3747 1094 3807 General

247 3788 377 3848 direktor
403 3789 533 3849 Czeja
564 3789 699 3849 geleitet.

1249 3791 1388 3851 Brüder
1418 3789 1552 3849 Klimt.
1578 3789 1591 3849 7
1621 3789 1687 3849 Bz.,
1703 3790 1910 3850 Mariahilfer¬

1248 3832 1340 3892 straße
1363 3830 1393 3890 62
1425 3830 1482 3890 und
1513 3830 1526 3890 9
1562 3830 1632 3890 Bz.,
1650 3828 1835 3888 Alserstraße
1867 3828 1893 3888 18

324 3831 388 3891 Wie
419 3830 474 3890 wir
505 3830 560 3890 von
596 3833 640 3893 der
671 3833 777 3893 Ravag
813 3836 973 3896 erfahren,
994 3836 1109 3896 kommt

2431 3851 2571 3911 Trage

240 3875 337 3935 diesen
397 3874 516 3934 Plänen
576 3876 841 3936 Aktualität
891 3878 999 3938 nicht
1048 3881 1113 3941 zu.

242 3917 468 3977 Gegenwärtig
519 3920 559 3980 ist
605 3920 649 3980 ein
685 3923 896 3983 Gagenabbau
952 3923 1007 3983 bei
1053 3921 1103 3981 der

1244 3935 1392 3995 Paßform
1446 3935 1558 3995 heißt:
1588 3932 1641 3992 der
1677 3932 1795 3992 Anzug
1831 3932 1896 3992 soll
1921 3932 2026 3992 sitzen,

245 3962 350 4022 Ravag
380 3962 491 4022 nicht
516 3962 703 4022 geplant
728 3965 788 4025 und
819 3965 914 4025 wirde
925 3965 1045 4025 intern,
1071 3965 1100 4025 da

1152 3985 1184 4045 so
1212 3983 1320 4043 wenig
1359 3983 1413 4043 als
1451 3983 1592 4043 möglich
1630 3982 1744 4042 Falten
1789 3980 1935 4040 machen,
1968 3980 2021 4040 der

2431 3995 2574 4055 Januy
2621 3998 2900 4058 damasthen

244 4007 293 4067 sich
328 4004 371 4064 die
401 4007 523 4067 Bezüge
554 4007 578 4067 in
612 4007 774 4067 normalem
818 4010 956 4070 Rahmen
991 4010 1112 4070 halten,

1154 4034 1284 4094 Kragen
1318 4033 1414 4093 möge
1449 4033 1533 4093 nicht
1562 4032 1590 4092 zu
1647 4030 1709 4090 tief
1755 4030 1924 4090 rutschen,
1965 4029 2020 4089 die

245 4049 310 4109 auch
348 4048 427 4108 nicht
456 4050 618 4110 erwogen,
661 4051 698 4111 um
745 4053 772 4113 so
806 4054 908 4114 mehr,
951 4053 1020 4113 als
1053 4052 1090 4112 im

2150 4061 2268 4121 Dans

2424 4055 2469 4115 Die
2497 4059 2640 4119 führende
2661 4060 2917 4120 Qualitätsmarke

1158 4082 1293 4142 Aermel
1322 4081 1401 4141 seien
1435 4084 1526 4144 nicht
1549 4084 1582 4144 zu
1617 4081 1712 4141 lang.

3199 349 3314 409 Cv-O-8

3181 404 3318 464 aaz

3097 488 3318 548 89110UOISSSz

3112 577 3240 637 AA

2987 852 3148 912 Debinl
3183 858 3323 918 einer

3241 935 3302 995 Ko

3128 982 3222 1042 Grete
3251 986 3328 1046 Wal

3092 1022 3137 1082 ten
3169 1025 3324 1085 Generaln

3093 1063 3196 1123 schrieb
3236 1064 3284 1124 für

3090 1100 3206 1160 Erika"
3227 1105 3313 1165 einen

3092 1142 3154 1202 zeit
3176 1144 3328 1204 Sensatis

3056 1188 3152 1248 Also:
3175 1189 3232 1249 Ich
3267 1192 3312 1252 kom

2976 1226 3031 1286 Ich
3064 1226 3140 1286 habe
3169 1231 3224 1291 zum
3274 1233 3328 1293 erst

2986 1267 3012 1327 es
3045 1267 3099 1327 hat
3127 1270 3213 1330 sogar
3241 1273 3322 1333 gefal

2979 1305 3077 1365 Mühe
3111 1309 3311 1369 genommen,

2980 1343 3057 1403 Bela
3089 1347 3146 1407 hat
3173 1347 3203 1407 es
3235 1349 3297 1409 mit

2980 1386 3045 1446 gibt
3067 1386 3159 1446 sogar
3187 1389 3296 1449 Leute,

2983 1427 3329 1487 Grammophonplatte

2986 1464 3105 1524 kaufen.
3127 1469 3176 1529 Ich
3204 1470 3280 1530 habe
3302 1470 3328 1530 so

2982 1505 3057 1565 über
3088 1506 3272 1566 Tantiemen
3308 1509 3317 1569 z

2979 1542 3038 1602 und
3076 1547 3317 1607 Filmgesellscha

2980 1582 3059 1642 nicht
3086 1586 3166 1646 mehr
3194 1586 3241 1646 als
3268 1588 3326 1648 irge

2986 1621 3045 1681 viel
3067 1625 3202 1685 weniger
3225 1625 3322 1685 höflic

2985 1664 3030 1724 bin
3061 1664 3126 1724 eine
3153 1667 3325 1727 Komponif

3061 1702 3124 1762 Und
3157 1705 3226 1765 weil
3254 1708 3317 1768 man

2985 1741 3092 1801 Musik
3119 1742 3177 1802 auf
3205 1744 3258 1804 der
3291 1744 3301 1804 G

2983 1780 3049 1840 nach
3084 1786 3320 1846 Geschäftsschlu

2987 1822 3076 1882 feines
3117 1824 3201 1884 Kleid
3224 1826 3269 1886 ..

2981 1859 3026 1919 ein
3061 1862 3235 1922 Programm
3282 1864 3310 1924 fü

2980 1899 3142 1959 verlangt.
3165 1902 3221 1962 Ich
3255 1904 3328 1964 habe

2987 1941 3050 2001 auch
3081 1941 3175 2001 keines
3208 1941 3322 2001 haben.

2983 1980 3161 2040 Aufgaben,
3184 1983 3229 2043 die
3258 1983 3318 2043 man

2983 2019 3073 2079 selbst
3096 2022 3191 2082 stelle.
3226 2022 3276 2082 Im

2986 2060 3087 2120 Musik
3116 2061 3285 2121 schreiben,

2981 2099 3030 2159 für
3058 2099 3108 2159 ihn
3142 2099 3208 2159 will
3236 2102 3291 2162 und

2982 2138 3194 2198 geschlossenes
3228 2142 3320 2202 Ganz

2979 2180 3207 2240 aufgepfropfte
3234 2180 3295 2240 Num

2988 2221 3271 2281 selbstverständlich

2984 2259 3134 2319 erwächst.
3151 2261 3194 2321 In
3227 2261 3312 2321 erster

2982 2299 3141 2359 Aufgabe,
3158 2299 3218 2359 mit
3247 2300 3317 2360 mein

2975 2338 3084 2398 liches,
3107 2338 3176 2398 aber
3199 2338 3320 2398 beleben

3056 2377 3142 2437 Mein
3171 2380 3321 2440 innigsten

2984 2417 3034 2477 Die
3060 2419 3180 2479 Freude
3207 2419 3262 2479 und
3289 2418 3320 2478 de

2980 2456 3023 2516 die
3051 2458 3121 2518 mich
3149 2458 3213 2518 jetzt
3241 2458 3295 2518 aus

2972 2497 3121 2557 verlieren
3161 2496 3221 2556 und
3256 2497 3281 2557 in

2979 2537 3094 2597 meinem
3141 2538 3317 2598 Erstlingst

2984 2577 3161 2637 Mara-Film
3207 2579 3312 2639 „Jeder

2987 2737 3114 2797 „Berlin
3154 2738 3297 2798 Alczand

3021 2787 3148 2847 George

3054 2838 3094 2898 Ab
3128 2840 3222 2900 heute
3250 2840 3289 2900 ist

2977 2881 3105 2941 „Berlin
3136 2881 3306 2941 Alexander

2973 2918 3032 2978 aus
3086 2920 3140 2980 dem
3205 2920 3291 2980 Groß

2977 2959 3130 3019 Menschen
3172 2959 3319 3019 gestaltet,

2974 3000 3055 3060 Kino
3088 2998 3114 3058 zu
3148 3001 3251 3061 sehen.
3273 2998 3316 3058 De

2983 3040 3215 3100 gleichnamigen
3248 3040 3305 3100 viel

2976 3075 3090 3135 Döblin
3128 3078 3180 3138 von
3211 3078 3263 3138 dem

2983 3117 3059 3177 Phil
3083 3117 3166 3177 Jutzi
3184 3120 3283 3180 inszeu

2973 3157 3030 3217 den
3062 3156 3191 3216 Händen
3244 3156 3301 3216 von

2974 3196 3199 3256 musikalischen
3249 3198 3315 3258 Kor

2982 3237 3063 3297 Allan
3097 3237 3200 3297 Gray.
3245 3234 3304 3294 Die

2980 3275 3182 3335 Biberkopf",
3206 3275 3312 3335 verkör

2980 3314 3055 3374 diese
3083 3314 3175 3374 Rolle
3198 3316 3290 3376 selbst

2973 3355 3051 3415 allen
3093 3354 3145 3414 von
3188 3356 3234 3416 ihm

2976 3395 3078 3455 Neben
3116 3395 3255 3455 Heinrich

2980 3434 3207 3494 Hauptrollen:
3229 3433 3302 3493 Mar

2976 3475 3134 3535 Bernhard
3170 3472 3303 3532 Minetli

2980 3514 3120 3574 Florath,
3142 3514 3228 3574 Paul
3251 3513 3304 3573 We

2975 3553 3019 3613 sich
3050 3553 3165 3613 bereits
3216 3550 3246 3610 in

2979 3595 3083 3655 größte
3105 3592 3265 3652 Interesse

3047 3693 3295 3753 Demnäc

2976 3763 3063 3823 „Der
3094 3760 3274 3820 ungetreue

3053 3815 3223 3875 Samstag,
3251 3811 3302 3871 der

2974 3854 3258 3914 Lustspieltheater¬

2974 3895 3173 3955 Deutschland
3222 3892 3279 3952 mit

2972 3931 3071 3991 führte
3103 3932 3293 3992 Tonfilmsch

2970 3973 3076 4033 hart".
3120 3971 3221 4031 Ralph

2970 4012 3127 4072 darsteller
3159 4009 3209 4069 des

2979 4051 3053 4111 „Der
3078 4050 3182 4110 wahre
3207 4048 3300 4108 Jakob

2970 4090 3153 4150 Tonsilms.
3174 4087 3231 4147 Die
3258 4087 3294 4147 üb

3121 4125 3234 4185 bae
