3392 4352
196 345 324 405 12.

388 349 970 409 Schnitzler's
1041 357 1267 417 Death

496 1310 1212 1370 OBSERVER

584 1353 605 1413 I.
624 1355 743 1415 österr.
757 1359 898 1419 behördl.
917 1369 1214 1429 konzessioniertes

536 1394 769 1454 Unternehmen
801 1400 849 1460 für
871 1411 1255 1471 Zeitungs-Ausschnitte

584 1453 732 1513 WIEN,
760 1461 806 1521 I.,
834 1469 1118 1529 WOLLZEILE
1166 1476 1206 1536 11

682 1511 893 1571 TELEPHON
932 1521 1106 1581 R-23-0-43

478 1647 704 1707 Ausschnitt
733 1654 826 1714 aus:

441 1969 753 2029 Ausschnitt
790 1980 852 2040 aus

371 2066 682 2126 Aoanv
742 2070 1002 2130 ioblan

1025 2167 1120 2227 he

426 2258 531 2318 Nrl
681 2279 1178 2339 vom./0.
1211 2290 1380 2350 193/.

805 2437 1000 2497 Arthur
1032 2443 1297 2503 Schnitzler

547 2495 691 2555 Wien,
715 2500 773 2560 22.
797 2502 953 2562 Oktober.
977 2505 1157 2565 Arthur
1192 2509 1442 2569 Schnitzler
1471 2512 1512 2572 ist
1536 2513 1651 2573 gestern

513 2547 610 2607 abend
636 2550 672 2610 um
709 2552 776 2612 6.15
808 2552 868 2612 Uhr
893 2555 923 2615 im
961 2557 1015 2617 70.
1035 2557 1249 2617 Lebensjahre
1275 2562 1311 2622 an
1336 2562 1391 2622 den
1416 2565 1538 2625 Folgen
1569 2566 1655 2626 eines

516 2601 778 2661 Schlaganfalles
811 2605 993 2665 gestorben.

551 2706 674 2766 Arthur
703 2711 946 2771 Schnitzler
980 2714 1014 2774 ist
1037 2715 1087 2775 tot
1105 2718 1184 2778 ...
1213 2718 1285 2778 Das
1314 2719 1500 2779 literarische
1529 2724 1658 2784 Oester¬

499 2744 577 2804 reich
612 2749 671 2809 hat
720 2751 809 2811 einen
873 2756 972 2816 seiner
1031 2760 1272 2820 bedeutendsten
1312 2762 1439 2822 Dichter
1494 2765 1660 2825 verloren.

503 2792 631 2852 Arthur
657 2795 827 2855 Schnitzler
854 2798 920 2858 war
947 2801 988 2861 ein
1019 2804 1132 2864 großer
1158 2806 1303 2866 Dichter.
1319 2807 1416 2867 Wohl
1437 2807 1504 2867 war
1525 2809 1556 2869 er
1582 2810 1654 2870 auch

505 2834 544 2894 ein
580 2837 826 2897 Vielschreiber,
852 2843 922 2903 aber
953 2844 1023 2904 was
1054 2846 1089 2906 er
1120 2849 1180 2909 auf
1205 2849 1260 2909 den
1296 2850 1502 2910 literarischen
1543 2855 1653 2915 Markt

503 2880 641 2940 brachte,
668 2882 735 2942 war
766 2885 1060 2945 Qualitätsware.
1097 2891 1180 2951 Sein
1216 2893 1371 2953 Schaffen
1407 2896 1448 2956 ist
1480 2897 1588 2957 schwer
1624 2899 1650 2959 in

505 2923 569 2983 eine
605 2927 796 2987 literarische
827 2929 1017 2989 Strömung
1058 2935 1285 2995 einzureihen.
1320 2938 1557 2998 Expressionist
1587 2941 1652 3001 war

505 2965 530 3025 er
561 2966 633 3026 nie.
670 2967 751 3027 Sein
788 2974 932 3034 geistiges
968 2977 1123 3037 Schaffen
1160 2980 1241 3040 hielt
1268 2981 1319 3041 sich
1350 2981 1417 3041 fern
1453 2983 1509 3043 von
1546 2983 1633 3043 jedem

505 3012 731 3072 akrobatischen
767 3016 988 3076 Jonglieren.
1044 3022 1159 3082 Sicher
1195 3023 1260 3083 war
1296 3025 1326 3085 er
1362 3025 1431 3085 aber
1467 3028 1658 3088 Naturalist

505 3054 566 3114 und
593 3058 727 3118 zugleich
758 3058 825 3118 auch
851 3062 897 3122 ein
923 3064 985 3124 gut
1006 3064 1083 3124 Teil
1104 3067 1337 3127 Romantiker.
1363 3070 1497 3130 Immer
1523 3073 1652 3133 schöpfte

499 3097 528 3157 er
563 3099 626 3159 aus
662 3100 779 3160 tiefster
814 3103 927 3163 Seele.
962 3109 1031 3169 Von
1070 3109 1183 3169 starkem
1233 3112 1468 3172 Lebenswillen
1509 3115 1572 3175 sind
1607 3115 1656 3175 die

500 3142 660 3202 Gestalten
696 3146 796 3206 seiner
828 3146 968 3206 Dramen
1009 3150 1069 3210 und
1105 3153 1256 3213 Novellen
1292 3156 1422 3216 erfüllt.
1448 3156 1528 3216 Auch
1559 3159 1644 3219 wenn

500 3188 534 3248 sie
564 3185 632 3245 viel
657 3189 716 3249 vom
761 3190 904 3250 Sterben
939 3195 1101 3255 sprechen,
1141 3198 1214 3258 auch
1264 3198 1357 3258 wenn
1412 3198 1465 3258 der
1516 3201 1589 3261 Tod
1619 3203 1648 3263 in

499 3231 692 3291 mancherlei
722 3234 851 3294 Gestalt
881 3235 920 3295 sie
950 3239 1128 3299 umlauert

1273 3243 1447 3303 Schnitzler
1482 3243 1552 3303 war
1587 3246 1642 3306 von

498 3272 601 3332 Beruf
627 3276 761 3336 Arzt.
793 3276 844 3336 So
881 3279 952 3339 fand
989 3282 1025 3342 er
1057 3284 1108 3344 den
1145 3286 1221 3346 Weg
1258 3287 1289 3347 zu
1326 3288 1423 3348 Leben
1465 3288 1527 3348 und
1564 3291 1651 3351 Tod.

499 3316 568 3376 Und
598 3318 661 3378 war
691 3321 755 3381 doch
785 3321 902 3381 immer
928 3326 1208 3386 Lebensbejaher.

534 3362 677 3422 Starken
715 3362 831 3422 Erfolg
868 3368 1006 3428 brachten
1049 3370 1096 3430 ihm
1150 3373 1229 3433 schon
1272 3374 1351 3434 seine
1383 3374 1478 3434 ersten
1521 3377 1648 3437 Werke:

521 3401 587 3461 Das
624 3410 892 3470 Vermächtnis“,
939 3414 1181 3474 „Parcelsus",
1222 3419 1310 3479 „Der
1347 3419 1449 3479 grüne
1481 3421 1650 3481 Kakadu".

500 3447 565 3507 Das
595 3451 660 3511 war
687 3452 711 3512 in
747 3452 832 3512 jener
858 3454 949 3514 Zeit,
970 3458 1005 3518 da
1030 3458 1086 3518 der
1112 3461 1212 3521 junge
1238 3461 1404 3521 Gerhardt
1430 3464 1642 3524 Hauptmann

497 3494 594 3554 seinen
631 3500 965 3560 „Sonnenaufgang“
1001 3503 1057 3563 auf
1084 3503 1129 3563 die
1156 3506 1274 3566 Bühne
1300 3507 1423 3567 brachte
1454 3509 1510 3569 und
1542 3510 1644 3570 damit

1495 359 1623 419 box
1700 362 1882 422 42/7

1715 2390 1764 2450 den
1805 2395 2043 2455 Fanfarenstoß
2078 2395 2133 2455 des
2169 2401 2396 2461 aufgehenden
2432 2404 2695 2464 Naturalismus
2731 2407 2866 2467 verkün¬

1716 2435 1799 2495 dete.
1824 2437 1961 2497 Damals
1991 2438 2079 2498 stand
2109 2443 2286 2503 Schnitzler
2316 2445 2384 2505 auch
2414 2446 2438 2506 in
2473 2448 2526 2508 der
2557 2449 2654 2509 Reihe
2679 2449 2733 2509 der
2763 2449 2861 2509 neuen

1720 2481 1941 2541 Generation;
1966 2482 2046 2542 blieb
2077 2484 2152 2544 aber
2183 2487 2298 2547 immer
2324 2492 2510 2552 gemäßigt,
2531 2493 2636 2553 wurde
2666 2494 2727 2554 kein
2762 2494 2867 2554 lauter

1718 2525 1878 2585 Schreier.
1914 2527 1959 2587 In
2000 2527 2050 2587 ihm
2096 2530 2196 2590 steckte
2232 2531 2302 2591 eben
2343 2532 2413 2592 auch
2449 2535 2504 2595 der
2535 2535 2761 2595 Romantiker,
2807 2538 2862 2598 der

1715 2568 1834 2628 immer
1865 2570 1926 2630 und
1961 2571 2092 2631 überall
2118 2574 2182 2634 doch
2219 2576 2289 2636 auch
2344 2580 2400 2640 zum
2451 2577 2647 2637 Durchbruch
2682 2581 2707 2641 in
2748 2581 2848 2641 seinem

1720 2613 1864 2673 Schaffen
1901 2615 1981 2675 kam.
2001 2616 2072 2676 Und
2097 2616 2177 2676 dann
2213 2619 2278 2679 war
2299 2619 2424 2679 Arthur
2450 2622 2621 2682 Schnitzler
2646 2625 2712 2685 auch
2742 2624 2867 2684 Oester¬

1716 2656 1844 2716 reicher.
1865 2658 1948 2718 Auch
1979 2658 2036 2718 das
2067 2661 2175 2721 wirkte
2207 2663 2253 2723 sich
2284 2664 2314 2724 in
2346 2667 2449 2727 seinem
2496 2667 2697 2727 literarischen
2734 2669 2857 2729 Wirken

1710 2700 1797 2760 aus.
1823 2700 1870 2760 Es
1901 2700 1967 2760 albt
1999 2703 2024 2763 in
2056 2705 2159 2765 seinen
2190 2706 2324 2766 Werken
2361 2709 2443 2769 keine
2470 2712 2552 2772 ganz
2579 2715 2696 2775 großen
2734 2714 2867 2774 Helden.

1720 2744 1850 2804 Immer
1886 2744 2001 2804 bleiben
2048 2747 2127 2807 seine
2163 2750 2284 2810 Helden
2325 2753 2355 2813 im
2411 2753 2657 2813 Alltagsleben;

2705 2757 2771 2817 sind
2810 2756 2859 2816 ein

1721 2787 1816 2847 Stück
1837 2785 2049 2845 Oesterreich,
2066 2790 2108 2850 ein
2140 2793 2240 2853 Stück
2267 2795 2378 2855 Wien.
2395 2798 2479 2858 Aber
2507 2798 2575 2858 doch
2602 2798 2713 2858 immer
2740 2800 2867 2860 lebens¬

1759 2884 1844 2944 Weit
1861 2885 1942 2945 über
1964 2885 2012 2945 ein
2039 2888 2179 2948 Dutzend
2207 2891 2352 2951 Dramen
2385 2894 2438 2954 hat
2460 2897 2633 2957 Schnitzler
2655 2899 2865 2959 geschrieben.

1714 2926 1780 2986 Der
1806 2928 1884 2988 ganz
1910 2928 2007 2988 große
2028 2929 2142 2989 Erfolg
2173 2932 2240 2992 war
2267 2934 2317 2994 ihm
2359 2935 2385 2995 in
2416 2935 2467 2995 den
2499 2938 2597 2998 letzten
2628 2938 2752 2998 Jahren
2783 2943 2865 3003 nicht

1711 2966 1799 3026 mehr
1829 2971 2020 3031 beschieden.
2055 2974 2129 3034 Das
2164 2977 2232 3037 mag
2272 2978 2345 3038 aber
2375 2980 2443 3040 auch
2478 2980 2576 3040 seinen
2616 2982 2733 3042 Grund
2763 2986 2856 3046 darin

1710 3013 1831 3073 haben,
1852 3016 1910 3076 daß
1942 3016 1989 3076 die
2021 3016 2126 3076 Masse
2153 3022 2374 3082 „Publikum“
2406 3024 2458 3084 dem
2501 3025 2621 3085 tiefsten
2654 3028 2779 3088 Gehalt
2806 3028 2858 3088 sei¬

1714 3058 1765 3118 nes
1796 3058 1965 3118 Schaffens
1997 3061 2079 3121 nicht
2100 3064 2192 3124 mehr
2218 3066 2269 3126 das
2301 3067 2465 3127 Interesse
2487 3070 2769 3130 entgegenbracht,
2785 3071 2862 3131 weil

1712 3100 1877 3160 Neutöner
1908 3102 1954 3162 der
1986 3106 2150 3166 Literatur
2177 3109 2228 3169 sich
2255 3109 2306 3169 der
2337 3112 2435 3172 neuen
2467 3115 2673 3175 Sachlichkeit
2694 3116 2864 3176 zugewen¬

1709 3144 1761 3204 det
1788 3147 1913 3207 haben.

1748 3203 1835 3263 Auch
1886 3207 1946 3267 das
1996 3211 2344 3271 erzählerische
2394 3216 2571 3276 Talent
2621 3216 2681 3276 von
2726 3219 2853 3279 Arthur

1704 3249 1878 3309 Schnitzler
1915 3249 1982 3309 war
2008 3254 2209 3314 bedeutend.
2256 3258 2328 3318 Das
2365 3260 2659 3320 Charakteristische
2690 3262 2782 3322 dabei
2814 3266 2865 3326 ist,

1709 3292 1763 3352 daß
1799 3294 1975 3354 Schnitzler
2006 3296 2071 3356 nur
2102 3299 2237 3359 einen
2278 3303 2393 3363 großen
2434 3303 2600 3363 Roman
2661 3306 2852 3366 geschrieben

1710 3335 1782 3395 hat:
1813 3337 1896 3397 „Der
1927 3338 2005 3398 Weg
2037 3338 2093 3398 ins
2124 3338 2264 3398 Freie“.
2296 3344 2409 3404 Sonst
2436 3345 2538 3405 waren
2581 3347 2627 3407 die
2659 3350 2860 3410 Novelle

1710 3378 1769 3438 und
1810 3379 1855 3439 die
1891 3381 2056 3441 Skizze
2092 3386 2288 3446 bevorzugte
2324 3388 2459 3448 Formen
2505 3391 2606 3451 seines
2642 3394 2852 3454 erzählenden

1708 3425 1863 3485 Talents.
1888 3425 1968 3485 Auch
2005 3427 2069 3487 hier
2100 3428 2165 3488 war
2200 3431 2230 3491 er
2261 3431 2316 3491 der
2347 3434 2477 3494 Meister
2508 3434 2613 3494 feiner
2644 3437 2859 3497 Seelenstim¬

1705 3468 1868 3528 mungen.
1906 3470 1984 3530 Nun
2022 3474 2058 3534 ist
2085 3475 2111 3535 er
2143 3476 2211 3536 still
2233 3476 2295 3536 aus
2328 3479 2380 3539 dem
2423 3479 2517 3539 Leben
2555 3482 2580 3542 in
2618 3481 2665 3541 den
2702 3481 2770 3541 Tod
2803 3484 2855 3544 ge¬

1703 3515 1851 3575 gangen.
1871 3518 1919 3578 ..

2680 3524 2732 3584 F.
2753 3527 2838 3587 Bd,
