3344 4224
594 330 847 390 e

412 733 517 793 Nein,
534 733 566 793 es
595 733 638 793 ist
661 736 721 796 kein
772 738 916 798 üblicher
966 742 1187 802 literarischer

319 783 531 843 Trauerfall.
553 783 617 843 Der
644 783 776 843 Dichter
798 786 915 846 Wiens
947 788 984 848 ist
1006 791 1191 851 gestorben,

319 829 377 889 der
404 831 488 891 letzte
516 832 622 892 große
670 833 803 893 Dichter
851 837 962 897 seines
1016 840 1191 900 Lächelns,

324 882 427 942 seiner
455 880 650 940 Landschaft
678 882 737 942 und
770 884 861 944 jenes
889 886 1063 946 angstvoll
1085 887 1176 947 süßen

317 927 568 987 Liebesglücks,
590 930 649 990 das
683 930 710 990 in
743 930 906 990 herbstlich
939 936 1190 996 verglühender

324 976 509 1036 Schönheit
531 978 653 1038 immer
681 977 802 1037 wieder
829 982 983 1042 Abschied
1015 983 1132 1043 nahm.

404 1022 520 1082 Abend
553 1025 616 1085 und
648 1025 822 1085 Abschied:
849 1028 923 1088 Das
955 1030 1029 1090 war
1056 1032 1182 1092 Arthur

315 1073 516 1133 Schnitzlers
549 1075 674 1135 großes
723 1075 951 1135 Geheimnis,
995 1080 1055 1140 das
1110 1079 1185 1139 war

316 1123 443 1183 immer
470 1121 597 1181 wieder
624 1122 708 1182 seine
757 1124 862 1184 tiefste
910 1128 1170 1188 Erschütterung

320 1170 413 1230 Jetzt
436 1168 507 1228 erst,
530 1171 557 1231 im
596 1172 751 1232 Schatten
784 1174 966 1234 plötzlicher
1017 1177 1083 1237 und
1133 1177 1188 1237 be¬

321 1219 542 1279 klemmender
575 1222 707 1282 Trauer
739 1221 833 1281 fühlt
860 1224 982 1284 mans,
1030 1225 1093 1285 daß
1151 1225 1182 1285 er

320 1270 424 1330 dieses
453 1270 552 1330 ganze
580 1270 696 1330 noble,
713 1273 839 1333 gütige,
862 1273 928 1333 heiß
956 1274 1182 1334 hingegebene

321 1316 542 1376 Dichterleben
580 1320 738 1380 hindurch
770 1321 875 1381 nichts
928 1321 1070 1381 anderes
1129 1324 1186 1384 ge¬

319 1366 472 1426 schrieben
507 1367 580 1427 hat,
604 1368 654 1428 als
684 1368 735 1428 die
764 1368 877 1428 Elegie
906 1369 968 1429 auf
992 1370 1105 1430 Wien,
1129 1371 1185 1431 auf

317 1413 420 1473 dieses
453 1416 704 1476 hoffnungslos
754 1419 1043 1479 verdämmernde
1087 1421 1179 1481 Wien

322 1463 405 1523 einst
427 1464 455 1524 so
489 1464 589 1524 hellen
645 1466 923 1526 Liebeslachens,
969 1467 1029 1527 auf
1075 1469 1179 1529 dieses

314 1510 395 1570 stolz
439 1510 627 1570 sterbende,
666 1514 769 1574 stumm
834 1515 1083 1575 verblühende,
1143 1515 1175 1575 in

320 1557 436 1617 welken
509 1561 714 1621 Blätterfall
775 1563 869 1623 ihrer
914 1563 1069 1623 Träume
1114 1566 1180 1626 und

317 1605 514 1665 Illusionen
549 1609 866 1669 entschlummernde
895 1610 1018 1670 Stadt.

407 1654 509 1714 Sonst
537 1655 672 1715 nichts?
700 1654 754 1714 An
787 1658 949 1718 anderer,
977 1661 1079 1721 dafür

318 1703 505 1763 eigneterer
528 1703 633 1763 Stelle
661 1703 710 1763 des
744 1705 860 1765 Blatte
882 1706 1026 1766 sprechen
1060 1706 1120 1766 wir
1143 1704 1175 1764 es

312 1750 398 1810 aus.
415 1750 464 1810 Er
491 1753 562 1813 war
589 1753 676 1813 nicht
698 1754 1008 1814 zurückgeblieben.
1030 1754 1079 1814 Er
1107 1754 1177 1814 war

314 1798 380 1858 uns
412 1800 562 1860 voraus.
583 1801 764 1861 Dennoch:
790 1801 852 1861 Die
884 1804 1106 1864 Galanterie,
1132 1802 1178 1862 die

315 1846 417 1906 weise
440 1847 616 1907 Wehmut,
633 1850 678 1910 die
707 1852 1019 1912 Herzenseleganz,
1042 1853 1087 1913 die
1116 1851 1177 1911 jetzt

321 1897 384 1957 mit
407 1897 494 1957 ihrem
535 1897 668 1957 Dichter
691 1899 743 1959 ins
796 1898 887 1958 Grab
941 1903 1068 1963 sinken,
1109 1902 1172 1962 sind

318 1946 555 2006 Luxusartikel
579 1948 781 2008 geworden.

398 1990 455 2050 So
485 1994 524 2054 ist
548 1995 576 2055 es
606 1995 634 2055 in
670 1995 722 2055 der
751 1996 820 2056 Tat
850 1996 907 2056 und
943 1996 994 2056 die
1024 1998 1174 2058 Freunde

317 2043 447 2103 wußten
488 2040 543 2100 es:
567 2041 686 2101 Dieses
721 2046 822 2106 große
851 2045 935 2105 Herz
971 2045 1043 2105 war
1073 2047 1180 2107 längst

317 2093 515 2153 gebrochen.
533 2093 606 2153 Auf
630 2094 822 2154 auffälligem
868 2094 1033 2154 Aufbruch
1062 2096 1117 2156 hat
1146 2092 1174 2152 es

320 2140 375 2200 nie
398 2141 491 2201 Wert
514 2142 640 2202 gelegt.
674 2142 795 2202 Selbst
818 2144 867 2204 als
901 2142 934 2202 es
962 2144 1061 2204 unter
1106 2143 1172 2203 uns

319 2189 440 2249 schlug,
462 2192 530 2252 war
552 2189 583 2249 es
610 2192 742 2252 schwer,
764 2192 789 2252 zu
822 2193 869 2253 ihm
912 2192 1181 2252 vorzudringen.

317 2240 381 2300 Die
409 2237 511 2297 Welt,
533 2238 613 2298 diese
641 2239 721 2299 kalte
749 2241 813 2301 und
841 2243 927 2303 klare
971 2243 1067 2303 Welt
1106 2242 1170 2302 von

312 2288 428 2348 heute,
450 2288 488 2348 ist
511 2286 639 2346 Arthur
667 2290 849 2350 Schnitzler
883 2291 1066 2351 allmählich
1100 2291 1177 2351 aber

314 2336 483 2396 gründlich
515 2336 685 2396 abhanden
717 2339 923 2399 gekommen.
940 2339 987 2399 Er
1015 2339 1178 2399 entfernte

322 2383 371 2443 sich
399 2383 460 2443 von
488 2383 560 2443 ihr,
577 2385 626 2445 ins
654 2386 787 2446 Dunkel
809 2386 975 2446 gleitend,
993 2389 1058 2449 mit
1082 2386 1169 2446 leisen

310 2431 500 2491 Schritten,
525 2432 605 2492 aber
635 2433 704 2493 noch
757 2436 809 2496 ihr
856 2438 936 2498 Echo
990 2438 1082 2498 griff
1123 2435 1180 2495 be¬

315 2480 483 2540 zaubernd
517 2481 576 2541 ans
610 2483 707 2543 Herz.

397 2528 531 2588 Arthur
597 2531 803 2591 Schnitzlers
858 2533 939 2593 Zeit
983 2536 1058 2596 war
1107 2536 1182 2596 um.

312 2575 375 2635 Ach
410 2577 503 2637 nein,
526 2577 612 2637 nicht
642 2580 780 2640 darum,
821 2580 902 2640 weil
949 2582 1007 2642 die
1036 2584 1174 2644 „Gesell¬

317 2625 449 2685 schaft",
473 2625 524 2685 für
554 2626 605 2686 die
635 2625 663 2685 er
692 2629 860 2689 angeblich
912 2631 1050 2691 schrieb,
1091 2634 1177 2694 nicht

315 2673 409 2733 mehr
431 2673 586 2733 existiert.
643 2676 742 2736 Nicht
787 2679 947 2739 deshalb,
987 2682 1069 2742 weil
1109 2682 1169 2742 sein

305 2723 425 2783 „süßes
460 2723 580 2783 Mädl“
609 2724 671 2784 von
724 2724 786 2784 der
833 2730 1177 2790 Operettenseligkeit

314 2768 504 2828 annektiert
531 2772 644 2832 wurde
675 2775 737 2835 und
768 2775 902 2835 Anatol
928 2777 1036 2837 längst
1063 2777 1171 2837 wegen

315 2818 498 2878 Bankkrida
531 2822 681 2882 verfolgt
703 2822 808 2882 wird.
848 2824 941 2884 Aber
964 2823 1019 2883 die
1064 2825 1180 2885 Musik

316 2867 418 2927 seiner
451 2869 635 2929 Dichtung,
657 2871 737 2931 diese
765 2873 938 2933 unendlich
971 2875 1078 2935 sanfte
1106 2875 1170 2935 und

312 2915 488 2975 unendlich
539 2918 615 2978 tiefe
666 2921 838 2981 Melodie,
882 2922 987 2982 dieses
1038 2924 1170 2984 Adagio

311 2965 427 3025 müder
460 2966 518 3026 und
550 2967 795 3027 verzichtender
822 2969 944 3029 Herzen
976 2973 1066 3033 hatte
1093 2974 1178 3034 keine

314 3013 422 3073 Hörer
455 3015 563 3075 mehr.
585 3016 672 3076 Noch
699 3018 823 3078 immer
851 3019 980 3079 erklang
1036 3022 1094 3082 sie,
1138 3021 1170 3081 in

317 3061 465 3121 festlicher
493 3064 719 3124 Einsamkeit,
742 3066 808 3126 eine
842 3069 1095 3129 Meistergeige,
1112 3068 1173 3128 un¬

310 3112 520 3172 bekümmert
545 3111 584 3171 um
653 3114 706 3174 den
766 3115 922 3175 aktuellen
981 3118 1176 3178 Trommel¬

315 3160 437 3220 wirbel
508 3163 571 3223 und
642 3162 685 3222 um
777 3165 830 3225 den

916 3167 1165 3227 schwindenden

315 3207 605 3267 Tantiemensatz.

397 3255 448 3315 Es
476 3257 532 3317 soll
555 3258 583 3318 in
618 3258 713 3318 diesem
759 3261 972 3321 Augenblick,
996 3264 1113 3324 gerade
1137 3264 1164 3324 in

308 3303 410 3363 diesem
450 3307 569 3367 gesagt
610 3307 706 3367 sein:
747 3312 1020 3372 Reichsdeutsche
1067 3310 1174 3370 Buch¬

307 3354 450 3414 händler
479 3357 655 3417 weigerten
711 3357 766 3417 sich
822 3360 882 3420 seit
927 3363 1075 3423 kurzem,
1120 3361 1170 3421 die

304 3403 434 3463 Bücher
456 3403 510 3463 des
544 3404 701 3464 „Juden“
734 3406 914 3466 Schnitzler
942 3408 968 3468 in
1007 3409 1055 3469 die
1083 3408 1175 3468 Aus¬

314 3452 388 3512 lage
409 3452 436 3512 zu
468 3452 574 3512 legen.
580 3452 637 3512 Sie
659 3455 828 3515 fürchteten
861 3456 913 3516 den
929 3455 1078 3515 Boykott
1089 3457 1173 3517 einer

317 3497 418 3557 Welt,
441 3499 494 3559 der
522 3500 651 3560 Arthur
679 3503 861 3563 Schnitzler
890 3504 959 3564 jetzt
987 3506 1164 3566 rechtzeitig

307 3546 360 3606 den
394 3548 507 3608 Rücken
535 3550 664 3610 gekehrt
681 3551 757 3611 hat.
768 3554 865 3614 Ohne
888 3554 1050 3614 Aufsehen
1078 3555 1169 3615 wäre

311 3592 341 3652 es
373 3595 419 3655 ihm
461 3597 497 3657 am
538 3598 662 3658 liebsten
694 3601 859 3661 gewesen.
875 3601 989 3661 Diesen
1020 3604 1165 3664 einzigen

306 3643 439 3703 Wunsch
472 3646 546 3706 kann
578 3647 652 3707 man
685 3647 732 3707 ihm
775 3649 866 3709 nicht
909 3651 1069 3711 erfüllen.
1112 3650 1175 3710 Die

309 3691 458 3751 Schmach
515 3695 623 3755 seiner
691 3697 969 3757 Vereinsamung
1047 3700 1170 3760 brennt

317 3742 345 3802 zu
380 3742 455 3802 tief.

394 3789 458 3849 Der
486 3789 566 3849 Lärm
610 3792 664 3852 der
691 3794 907 3854 Trauerfeier
935 3795 1016 3855 wird
1044 3797 1070 3857 ja
1098 3798 1162 3858 nun

302 3837 489 3897 losgehen.
529 3839 705 3899 Vielleicht
734 3843 882 3903 erinnert
910 3843 960 3903 sich
988 3845 1086 3905 sogar
1115 3845 1169 3905 der

299 3888 443 3948 Tonfilm
507 3888 581 3948 jetzt
612 3890 732 3950 gnädig
768 3892 825 3952 des
854 3894 993 3954 größten
1029 3893 1172 3953 Seelen¬

302 3939 551 3999 dramatikers,
568 3939 623 3999 des
652 3940 717 4000 noch
746 3941 867 4001 immer
891 3942 1051 4002 größten,
1068 3942 1167 4002 seiner

298 3986 398 4046 Zeit.
457 3986 628 4046 Freilich:
692 3989 767 4049 Zur
813 3992 1035 4052 Konjunktur
1080 3989 1174 4049 hatte

1239 136 1280 196 sie
1302 136 1480 196 menats.
1513 139 1574 199 Ste
1597 139 1669 199 war
1722 139 1775 199 der
1807 139 1900 199 Frluch
1943 138 2006 198 und
2039 137 2090 197 der
2144 140 2226 200 derr
2249 146 2426 206 Schnrprer
2469 150 2511 210 er
2554 150 2689 210 Sorene
2722 151 3004 211 Stertentere.

1227 181 1372 241 Zauber
1406 183 1514 243 seines
1552 186 1748 246 Schicksals,
1776 187 1835 247 das
1873 186 1900 246 in
1944 188 1998 248 der
2031 186 2095 246 Tat

2139 187 2205 247 Und
2232 193 2314 253 seine
2335 195 2515 255 „Liebelei“
2542 198 2650 258 stand,
2666 198 2691 258 in
2718 198 2810 258 ihrer
2832 198 2919 258 leicht
2940 198 2991 258 be¬

1230 229 1357 289 immer
1382 231 1505 291 wieder
1525 232 1677 292 Abschied
1702 236 1834 296 nehmen
1864 236 1991 296 mußte,
2012 234 2085 294 denn

2133 239 2295 299 schatteten
2326 242 2523 302 Bittersüße
2572 243 2636 303 auf
2662 243 2715 303 dem
2765 249 2991 309 Tagesreper¬

1234 278 1318 338 seine
1351 282 1483 342 eigene,
1510 282 1611 342 heiter
1643 284 1823 344 gaukelnde
1855 285 1993 345 Jugend
2025 281 2099 341 ent¬

2129 285 2214 345 toire
2246 288 2296 348 der
2321 291 2483 351 Jeunesse
2510 289 2605 349 dorè.

3097 300 3155 360 21

1226 327 1396 387 schwand,
1423 330 1505 390 ganz
1531 330 1655 390 anders
1693 332 1739 392 als
1775 333 1858 393 sonst
1884 333 2023 393 Jugend
2055 329 2080 389 zu

2216 333 2342 393 Arthur
2368 336 2545 396 Schnitzler
2571 339 2672 399 selbst
2692 339 2854 399 entwuchs
2891 339 2991 399 dieser

1231 375 1469 435 entschwinden
1526 377 1655 437 pflegt.
1698 378 1790 438 Denn
1848 380 1956 440 dieses
1993 380 2101 440 heiße,

2134 383 2376 443 schicksalhaften
2414 384 2646 444 Popularität
2694 386 2883 446 allerdings
2915 388 2989 448 sehr

1226 422 1421 482 heimliche,
1459 425 1565 485 dieses
1618 426 1819 486 himmlische
1851 428 1977 488 Lächeln
2031 425 2094 485 auf

2126 429 2229 489 rasch.
2266 431 2375 491 Seine
2402 433 2599 493 Tragödien
2652 434 2772 494 reiften
2803 434 2835 494 in
2866 437 2996 497 histori-

3144 473 3172 533 I.
3196 472 3313 532 Walfise

1226 470 1370 530 tausend
1402 473 1702 533 Mädchenlippen,
1724 476 1826 536 dessen
1859 474 1998 534 Sänger
2030 473 2086 533 und

2137 477 2208 537 sches
2245 478 2322 538 Maß
2359 478 2420 538 und
2457 481 2482 541 in
2519 482 2777 542 psychologische
2809 483 2989 543 Abgrund¬

1226 519 1386 579 Causeur
1432 521 1462 581 er
1487 522 1653 582 gewesen,
1689 522 1860 582 erneuerte
1905 522 1955 582 sich
2006 521 2091 581 nicht

2129 524 2224 584 tiefe.
2262 527 2335 587 Nur
2384 529 2447 589 das
2495 530 2633 590 richtige
2660 530 2808 590 gesalbte
2835 533 2994 593 Theater¬

1231 565 1339 625 mehr.
1366 571 1448 631 War
1480 569 1531 629 die
1563 570 1656 630 Welt
1682 571 1770 631 älter
1801 571 1977 631 geworden
2014 568 2091 628 oder

2126 574 2249 634 pathos
2281 574 2337 634 hat
2363 574 2394 634 er
2421 576 2472 636 nie
2493 577 2642 637 gelernt.
2664 577 2777 637 Selbst
2804 578 2885 638 seine
2912 577 2989 637 Her¬

1226 614 1298 674 war
1325 618 1428 678 dieses
1459 616 1552 676 Wien
1589 619 1640 679 der
1667 619 1739 679 hold
1770 619 2091 679 besinnungslosen,

2126 623 2201 683 zöge
2227 622 2353 682 blieben
2384 625 2596 685 Charmeure
2622 625 2677 685 vom
2723 628 2854 688 Wiener
2880 628 2981 688 Korso

1232 664 1287 724 der
1310 667 1447 727 tragisch
1476 667 1708 727 leichtfertigen
1742 667 1830 727 Liebe
1859 668 1997 728 wirklich
2025 666 2085 726 nur

2132 668 2188 728 der
2214 672 2312 732 Seele
2359 673 2425 733 und
2457 675 2544 735 seine
2571 676 2813 736 leidgekrönten
2855 676 2978 736 Frauen

1230 709 1345 769 Vision
1379 715 1483 775 seines
1511 715 1693 775 Dichters?

3069 721 3271 781 ATTR

2131 718 2269 778 machten
2301 721 2375 781 fünf
2402 723 2561 783 Minuten
2604 722 2667 782 vor
2694 722 2746 782 dem
2790 727 2985 787 Untergang

1314 760 1489 820 Tausende
1562 763 1665 823 haben
1743 763 1845 823 daran
1913 764 2078 824 geglaubt

2131 765 2200 825 noch
2236 766 2281 826 die
2312 770 2619 830 einwandfreiesten
2660 771 2860 831 Honneurs.

3078 770 3192 830 Larys
3226 769 3269 829 de
3297 771 3313 831 R

1226 810 1410 870 Schnitzler
1458 810 1531 870 war
1579 811 1663 871 keine
1696 813 1811 873 Mode,
1854 813 1890 873 er
1938 813 2011 873 war
2033 811 2085 871 die

3089 819 3251 879 Gadeau.
3274 820 3329 880 Lil

2210 815 2309 875 Diese
2354 820 2520 880 tadellose
2549 822 2698 882 Eleganz
2749 822 2804 882 des
2838 823 2982 883 Herzens

3086 867 3158 927 Lily
3202 870 3317 930 Rejan

1334 897 1480 957 Mrgen
1519 899 1659 959 soricht
1682 900 1725 960 an
1758 900 1855 960 diese
1900 900 2002 960 Stelle
2035 900 2094 960 der
2122 904 2344 964 Modenchef
2372 906 2431 966 der
2454 908 2546 968 Tiller
2573 907 2670 967 A-G.
2687 911 2763 971 Mai
2780 912 2877 972 ahllf,
2899 909 2936 969 Ob

1339 948 1369 1008 „1
1391 948 1483 1008 Rese
1514 948 1632 1008 va-Kra
1669 952 1731 1012 en,
1757 952 1772 1012 2
1809 950 2061 1010 Manschetten
2108 951 2175 1011 aus
2207 953 2268 1013 der
2299 959 2511 1019 englischen
2548 960 2717 1020 Tasche"
2754 961 2821 1021 und
2863 963 2991 1023 „5mal

3105 971 3228 1031 Kapelle
3252 974 3322 1034 Asto

1340 995 1572 1055 Hangarbelt
1598 995 1612 1055 —
1668 995 1683 1055 —
1739 998 1809 1058 D's
1845 998 2103 1058 unsichtbare'
2123 1000 2279 1060 Hemd".

3106 1016 3309 1076 räalle

1294 1237 1728 1297 Aethur
1809 1239 2563 1299 Schnitzlers
2644 1247 3317 1307 Darstellei

1783 1410 2188 1470 Bähte
2290 1409 2621 1469 ihres
2733 1415 3287 1475 Sichlers

2131 1497 2159 1557 in
2188 1500 2232 1560 dem
2279 1500 2317 1560 die
2346 1500 2487 1560 Freunde
2511 1502 2714 1562 Schnitzlers,
2738 1506 2828 1566 unter
2851 1506 2976 1566 anderen

3033 1506 3084 1566 als
3117 1509 3182 1569 auch
3235 1509 3286 1569 den

1488 1523 1642 1583 Raoul
1672 1524 1808 1584 As'an

2129 1545 2250 1605 Namen
2287 1545 2454 1605 naturlich,
2480 1546 2652 1606 austreten.

3032 1550 3262 1610 Stunden"
3296 1551 3329 1611 un

1302 1570 1366 1630 Die
1399 1576 1556 1636 Nachricht
1584 1575 1637 1635 vom
1681 1576 1768 1636 Tode
1796 1577 1980 1637 Schnitzlers
2034 1576 2088 1636 hat

3036 1589 3103 1649 noch
3149 1592 3318 1652 „Mario

1229 1619 1298 1679 mich
1346 1619 1377 1679 so
1409 1619 1467 1679 wie
1494 1620 1574 1680 jeden
1617 1619 1748 1679 anderen
1781 1622 1924 1682 Künstler
1951 1622 2088 1682 schmerz¬

2399 1619 2483 1679 Litt
2503 1622 2719 1682 Marberg

3029 1634 3221 1694 Lebens"
3252 1636 3318 1696 insz

1224 1661 1277 1721 lich
1309 1662 1388 1722 nahe
1415 1664 1558 1724 berührt.
1591 1664 1633 1724 Es
1666 1665 1702 1725 ist
1724 1665 1787 1725 eine
1814 1666 1894 1726 ganz
1921 1667 2084 1727 besondere

2205 1670 2262 1730 Nie
2282 1670 2384 1730 werde
2410 1672 2448 1732 ich
2474 1673 2519 1733 die
2545 1674 2718 1734 Gestalten,
2744 1676 2788 1736 die
2815 1676 2981 1736 Schnitzler

3109 1679 3282 1739 Schnitzler
3300 1680 3311 1740 w

1230 1709 1362 1769 Tragik,
1402 1707 1451 1767 daß
1490 1708 1518 1768 in
1551 1709 1644 1769 dieser
1673 1709 1755 1769 Zeit,
1778 1710 1806 1770 in
1839 1710 1888 1770 der
1917 1709 1977 1769 wir
2006 1712 2088 1772 mehr

2135 1714 2210 1774 schuf
2243 1715 2297 1775 und
2335 1715 2384 1775 die
2417 1716 2454 1776 ich
2487 1717 2514 1777 in
2558 1718 2709 1778 mehreren
2748 1721 2844 1781 seiner
2878 1721 2985 1781 Stücke

3031 1721 3090 1781 mit
3115 1723 3162 1783 dem
3204 1721 3245 1781 ich
3269 1724 3322 1784 von

1223 1749 1302 1809 denn
1332 1749 1361 1809 je
1386 1751 1544 1811 Menschen
1574 1756 1716 1816 brauchen
1751 1756 1810 1816 und
1840 1754 1899 1814 uns
1929 1755 1963 1815 an
1998 1756 2086 1816 Men¬

2133 1757 2220 1817 geben
2254 1758 2370 1818 durfte,
2387 1761 2559 1821 vergessen.
2582 1764 2636 1824 Ich
2665 1763 2769 1823 spielte
2798 1765 2859 1825 mit
2881 1764 2980 1824 Harry

3031 1766 3146 1826 gehabt
3170 1766 3257 1826 habe.
3281 1766 3326 1826 Ich

1229 1795 1302 1855 schen
1335 1796 1435 1856 halten
1483 1796 1621 1856 müssen,
1659 1801 1711 1861 die
1733 1801 1833 1861 geistig
1866 1801 1923 1861 und
1972 1801 2082 1861 seelisch

2135 1800 2305 1860 Walden
2334 1803 2504 1863 gemeinsam
2544 1804 2566 1864 in
2601 1805 2975 1865 „Zwischenspie!“

3031 1805 3216 1865 vorstellung
3252 1808 3274 1868 in
3310 1809 3326 1869 1

1219 1840 1405 1900 Oesterreich
1443 1842 1639 1902 angehören,
1666 1844 1729 1904 eine
1767 1845 1857 1905 solche
1895 1846 2086 1906 Persönlich¬

2130 1843 2207 1903 dann
2246 1843 2295 1903 bei
2324 1844 2373 1904 der
2407 1846 2650 1906 Uraufführung
2706 1849 2755 1909 des
2795 1852 2977 1912 „Weiten

3027 1846 3063 1906 36
3096 1852 3242 1912 Jahren.
3269 1852 3311 1912 Da

1229 1885 1286 1945 keit
1307 1887 1459 1947 verlieren
1496 1888 1631 1948 müssen.

2132 1886 2261 1946 Land"
2300 1887 2358 1947 und
2408 1890 2576 1950 schließlich
2614 1893 2641 1953 in
2679 1891 2988 1951 „Schwestern".

3037 1896 3178 1956 souper",
3199 1897 3239 1957 die
3267 1896 3327 1956 Rol

2130 1930 2194 1990 Alle
2227 1930 2378 1990 Figuren,
2400 1933 2442 1993 die
2470 1934 2513 1994 ich
2540 1936 2718 1996 verkörpern
2756 1936 2853 1996 sollte,
2875 1937 2972 1997 waren

3038 1938 3127 1998 rod.

1303 1936 1359 1996 Als
1388 1942 1610 2002 Schauspieler
1657 1943 1730 2003 habe
1754 1943 1793 2003 ich
1839 1945 1867 2005 in
1902 1945 2084 2005 Schnitzlers

2134 1973 2314 2033 unheimlich
2346 1977 2516 2037 lebensnah
2553 1978 2609 2038 und
2646 1978 2722 2038 nicht
2755 1980 2816 2040 nur
2847 1980 2893 2040 für
2925 1979 2981 2039 das

3109 1980 3204 2040 Heute
3233 1983 3273 2043 ist
3295 1982 3321 2042 da

1220 1983 1349 2043 Stücken
1388 1986 1675 2046 verhältnismäßig
1703 1988 1800 2048 wenig
1833 1989 1974 2049 gespielt.
2007 1989 2088 2049 Aber

2132 2016 2316 2076 Publikum,
2338 2019 2464 2079 sondern
2502 2019 2565 2079 auch
2597 2022 2650 2082 für
2682 2022 2729 2082 den
2767 2024 2983 2084 Schauspieler

3034 2025 3292 2085 Süßen=Mädel¬

1223 2028 1252 2088 es
1282 2030 1350 2090 war
1375 2028 1434 2088 mir
1459 2030 1566 2090 immer
1596 2030 1659 2090 eine
1685 2033 1846 2093 besondere
1876 2034 2008 2094 Freude,
2028 2034 2082 2094 mit

2129 2058 2182 2118 tief
2204 2061 2389 2121 ergreisend.
2407 2061 2523 2121 Arthur
2544 2066 2715 2126 Schnitzler
2737 2067 2789 2127 hat
2811 2067 2869 2127 mit
2886 2067 2965 2127 jedem

3029 2067 3093 2127 jetzt
3139 2070 3210 2130 gibt
3257 2070 3289 2130 es

1229 2073 1393 2133 Schnitzler
1419 2076 1445 2136 zu
1476 2076 1630 2136 arbeiten.
1651 2078 1692 2138 Er
1718 2079 1769 2139 hat
1790 2079 1836 2139 sich
1862 2079 1908 2139 als
1934 2082 2083 2142 außer¬

2134 2103 2224 2163 seiner
2255 2103 2360 2163 Stucke
2386 2105 2481 2165 meine
2507 2109 2714 2169 künstlerische
2739 2109 2981 2169 Vervollkomm¬

3034 2112 3175 2172 mehr..

1211 2121 1523 2181 ordentlicher
1560 2124 1803 2184 Regisseur
1840 2125 2004 2185 erwiesen,
2031 2125 2078 2185 als

2135 2147 2210 2207 nung
2237 2148 2389 2208 gefördert
2412 2150 2470 2210 und
2493 2151 2574 2211 einen
2601 2154 2878 2214 unauslöschlichen
2911 2153 2986 2213 Ein¬

1224 2166 1394 2226 wirklicher
1420 2166 1540 2226 Führer
1586 2166 1640 2226 der
1667 2171 1897 2231 Schauspieler,
1938 2169 1988 2229 der
2034 2169 2073 2229 ein

2132 2191 2214 2251 druck
2242 2192 2460 2252 hinterlassen.

1224 2210 1324 2270 feines
1357 2210 1430 2270 Ohr
1457 2210 1541 2270 hatte
1574 2210 1621 2270 für
1654 2212 1701 2272 den
1739 2213 1850 2273 Willen
1887 2213 1934 2273 des
1972 2213 2088 2273 Schau¬

3111 2239 3198 2299 Mein
3252 2243 3331 2303 letzte

1224 2255 1372 2315 spielers.
1420 2256 1477 2316 Ich
1510 2257 1652 2317 erinnere
1685 2258 1752 2318 mich
1790 2258 1874 2318 noch,
1896 2261 1949 2321 daß
1981 2261 2023 2321 ich
2050 2258 2075 2318 in

2137 2267 2308 2327 Leopold
2338 2272 2547 2332 Kramer,
2577 2274 2643 2334 der
2673 2272 2777 2332 erste
2807 2273 2978 2333 Anatol

3030 2283 3172 2343 mödie
3192 2285 3262 2345 der
3289 2284 3301 2344 V

1220 2299 1316 2359 seiner
1377 2300 1609 2360 „Komödie
1653 2302 1728 2362 der
1761 2306 2075 2366 Verführung"

2202 2321 2257 2381 Ich
2285 2321 2357 2381 habe
2380 2323 2457 2383 viel,
2475 2324 2518 2384 ost
2541 2324 2602 2384 und
2631 2327 2718 2387 gerne
2747 2324 2769 2384 in
2803 2325 2986 2385 Schnitzler¬

3032 2325 3078 2385 bei
3103 2327 3150 2387 den
3185 2329 3309 2389 Proben

1224 2346 1287 2406 nur
1314 2348 1382 2408 sehr
1410 2346 1611 2406 widerwillig
1643 2347 1690 2407 die
1722 2347 1807 2407 Rolle
1840 2349 1892 2409 des
1924 2350 2082 2410 Falkenier

2129 2366 2250 2426 Stücken
2283 2364 2426 2424 gespielt.
2442 2366 2494 2426 Ich
2522 2366 2585 2426 war
2612 2370 2696 2430 sein
2729 2370 2856 2430 erster
2877 2372 2983 2432 Ana¬

3032 2371 3166 2431 erhörtes
3195 2372 3330 2432 Erlebni

1224 2389 1445 2449 übernommen
1476 2390 1568 2450 habe.
1595 2391 1718 2451 Arthur
1744 2392 1908 2452 Schnitzler
1935 2394 1986 2454 hat
2012 2394 2078 2454 mich

2129 2406 2208 2466 tol,
2230 2409 2287 2469 und
2325 2407 2372 2467 die
2399 2410 2579 2470 Gestaltung
2616 2411 2711 2471 dieser
2743 2413 2827 2473 Rolle
2860 2413 2896 2473 ist
2923 2413 2980 2473 mir

3032 2413 3076 2473 ihm
3128 2413 3212 2473 war'
3235 2416 3262 2476 so
3297 2416 3307 2476 w

1224 2435 1290 2495 nach
1327 2437 1383 2497 und
1420 2437 1481 2497 nach
1518 2437 1610 2497 davon
1646 2438 1826 2498 überzeugt,
1852 2440 1903 2500 daß
1935 2439 1975 2499 ich
2007 2439 2078 2499 diese

2129 2449 2171 2509 ein
2203 2452 2451 2512 unvergeßliches
2478 2453 2647 2513 Erlebnis.
2664 2455 2742 2515 Auch
2770 2458 2795 2518 in
2828 2457 2880 2517 fast
2902 2455 2975 2515 allen

3032 2455 3146 2515 Wollen
3178 2458 3201 2518 so
3232 2459 3287 2519 gut

1224 2481 1314 2541 Rolle
1339 2482 1419 2542 ganz
1446 2482 1561 2542 meiner
1587 2482 1849 2542 Individualität
1875 2485 2081 2545 entsprechend

2125 2497 2254 2557 übrigen
2293 2496 2411 2556 Stücken
2450 2499 2633 2559 Schnitzlers
2667 2498 2742 2558 habe
2775 2500 2813 2560 ich
2846 2500 2975 2560 gespielt

3030 2495 3122 2555 Stück
3161 2502 3194 2562 zu
3249 2502 3298 2562 den

1224 2527 1365 2587 gestalten
1403 2527 1462 2587 und
1496 2527 1593 2587 etwas
1627 2529 1756 2589 wirklich
1790 2530 1925 2590 Schönes
1958 2532 2077 2592 schaffen

2125 2537 2171 2597 In
2206 2540 2465 2600 „Professor
2489 2542 2777 2602 Bernhardi",
2795 2545 2824 2605 in
2853 2545 2980 2605 „Fink

3029 2545 3319 2605 Bühnenlaufbahn

1226 2572 1353 2632 könnte.

2129 2582 2209 2642 und
2250 2580 2597 2640 Fliederbusch",
2639 2584 2667 2644 in
2714 2586 2985 2646 „Freiwild",

3031 2586 3073 2646 ler
3100 2586 3143 2646 ein
3170 2587 3330 2647 unersetzli

2124 2625 2177 2685 bei
2199 2625 2246 2685 der
2268 2625 2352 2685 ersten
2385 2627 2587 2687 Aufführung
2614 2628 2661 2688 des
2689 2628 2880 2688 „Grünen
2913 2627 2981 2687 Ka¬

3027 2627 3109 2687 loren
3148 2629 3175 2689 zu
3214 2631 3329 2691 haben,

1459 2658 1607 2718 Gustav
1655 2661 1839 2721 Waldau

2126 2670 2250 2730 kadu"
2274 2670 2333 2730 und
2363 2671 2386 2731 in
2416 2673 2653 2733 „Liebelei"
2678 2673 2796 2733 sowohl
2820 2673 2867 2733 den
2903 2673 2985 2733 Fritz

3030 2674 3231 2734 feinfühliger
3261 2673 3320 2733 Psy

1374 2717 1487 2777 Gustav
1520 2721 1650 2781 Waldau
1683 2721 1715 2781 ist
1742 2721 1796 2781 seit
1818 2724 1937 2784 einigen
1970 2726 2067 2786 Tagen

1333 2757 1356 2817 in
1389 2757 1497 2817 Wien,
1516 2761 1581 2821 war
1605 2760 1694 2820 aber,
1713 2760 1769 2820 wie
1793 2761 1844 2821 von
1878 2766 1934 2826 uns
1963 2766 2070 2826 bereits

1333 2801 1500 2861 gemeldet,
1520 2801 1722 2861 bettlägerig.
1757 2800 1805 2860 So
1836 2803 1944 2863 konnte
1989 2804 2077 2864 unser

2255 2805 2381 2865 Ven
2468 2810 2740 2870 Hause
2812 2807 2938 2867 des

3033 2809 3225 2869 toten

1336 2839 1542 2899 Mitarbeiter
1567 2838 1621 2898 erst
1646 2840 1734 2900 heute
1759 2840 1813 2900 mit
1838 2841 1887 2901 ihm
1927 2843 2078 2903 sprechen;

1333 2876 1390 2936 das
1424 2878 1539 2938 Thema
1574 2876 1641 2936 war
1675 2880 1756 2940 durch
1791 2879 1838 2939 die
1868 2885 2079 2945 Trauernach¬

2197 2895 2275 2955 Der
2315 2894 2393 2954 Ma
2424 2897 2463 2957 er
2504 2897 2641 2957 Deitz
2672 2897 2751 2957 hat
2782 2895 2840 2955 die
2880 2897 3166 2957 Totenmaske
3187 2898 3324 2958 Schni

1335 2916 1405 2976 richt
1433 2919 1486 2979 von
1514 2921 1623 2981 gestern
1656 2921 1710 2981 wie
1738 2921 1792 2981 von
1825 2923 1912 2983 selbst
1939 2924 2080 2984 gegeben.

2199 2954 2260 3014 Leo
2316 2957 2463 3017 Delitz
2501 2957 2661 3017 nimmt
2711 2959 2970 3019 Schnitzlers
3020 2959 3192 3019 nungen
3230 2960 3334 3020 angefe

1299 2975 1408 3035 Meine
1441 2978 1648 3038 Verbindung
1687 2979 1719 3039 zu
1759 2980 1878 3040 Arthur
1912 2978 2080 3038 Schnitzler

2117 2998 2416 3058 Totenmaske
2444 2998 2499 3058 ab.
2533 2998 2866 3058 Wunderbares
2899 2999 2977 3059 und
3027 2999 3088 3059 und
3122 3001 3166 3061 die
3194 3001 3221 3061 er
3250 3004 3338 3064 imme

1225 3017 1288 3077 war
1318 3019 1382 3079 eine
1412 3021 1549 3081 überaus
1579 3023 1735 3083 herzliche.
1760 3022 1809 3082 Ich
1839 3025 1985 3085 verdanke
2015 3023 2059 3083 ihm

2122 3043 2489 3103 unvergeßliches
2523 3043 2651 3103 Bild,
2690 3045 2774 3105 trotz
2802 3043 2851 3103 der
2886 3046 2979 3106 Kürze

3027 3043 3086 3103 fer
3111 3045 3194 3105 und
3219 3048 3332 3108 umf.

1214 3067 1240 3127 ja
1278 3064 1304 3124 so
1336 3064 1421 3124 viel,
1443 3064 1495 3124 daß
1528 3065 1570 3125 ich
1602 3066 1665 3126 jetzt
1693 3066 1772 3126 nicht
1799 3067 1857 3127 nur
1889 3067 1931 3127 ein
1969 3067 2059 3127 dichte

2121 3083 2174 3143 des
2201 3088 2386 3148 Eindruckes
2419 3088 2460 3148 (da
2493 3086 2540 3146 der
2562 3088 2705 3148 Künstler
2732 3088 2779 3148 bei
2801 3088 2848 3148 der
2875 3088 2980 3148 Arbeit

3025 3085 3065 3145 sem
3113 3088 3235 3148 Gesicht
3265 3091 3317 3151 sein

1223 3106 1326 3166 risches
1356 3108 1468 3168 Ideal,
1488 3109 1611 3169 sondern
1646 3111 1709 3171 auch
1740 3110 1823 3170 einen
1853 3112 2078 3172 wohlmeinen¬

2125 3128 2204 3188 nicht
2227 3129 2339 3189 gestört
2369 3130 2487 3190 werden
2521 3130 2594 3190 soll)
2623 3132 2685 3192 voll
2708 3130 2889 3190 besonderer
2918 3129 2979 3189 Ge=
3030 3131 3109 3191 und
3138 3133 3318 3193 Milde,d

1218 3148 1267 3208 den
1302 3151 1426 3211 Freund
1456 3153 1593 3213 verloren
1629 3153 1717 3213 habe.
1738 3152 1791 3212 Er
1817 3153 1901 3213 war
1926 3154 1990 3214 es,
2010 3154 2078 3214 der

2121 3171 2218 3231 walt:
2239 3174 2295 3234 Die
2322 3175 2507 3235 Frühsonne
2533 3177 2559 3237 in
2590 3178 2641 3238 dem
2683 3178 2775 3238 hellen
2806 3178 2924 3238 Raum,
2951 3176 2971 3236 in

3026 3175 3071 3235 ihm
3125 3178 3294 3238 ebensogut
3318 3175 3328 3235 i

1219 3191 1306 3251 mich
1333 3192 1411 3252 vor
1427 3195 1618 3255 sechzehn
1646 3196 1811 3256 Jahren
1838 3198 1972 3258 unter
1994 3198 2060 3258 dem

2121 3212 2172 3272 dem
2219 3213 2265 3273 der
2313 3215 2380 3275 tote
2422 3219 2545 3279 Dichter
2592 3220 2685 3280 liegt,
2707 3219 2753 3279 die
2785 3219 2976 3279 behutsamen

3026 3217 3082 3277 wie
3123 3219 3173 3279 alle
3213 3221 3259 3281 die
3293 3222 3327 3282 an

1219 3234 1430 3294 Eindruck
1457 3238 1621 3298 meines
1653 3240 1817 3300 Anatol
1839 3240 1916 3300 ans
1948 3243 2076 3303 Burg¬

2121 3258 2333 3318 Malerhände
2385 3260 2447 3320 und
2484 3262 2530 3322 die
2562 3264 2670 3324 Hände
2722 3264 2821 3324 seines
2857 3262 2976 3322 Helfers

3025 3262 3143 3322 haben,
3161 3264 3228 3324 war
3252 3264 3279 3324 im

1211 3279 1393 3339 theater
1421 3283 1608 3343 bringen
1641 3282 1812 3342 wollte.

2121 3300 2195 3360 über
2226 3302 2277 3362 dem
2322 3303 2392 3363 eben
2429 3308 2635 3368 unsichtbaren
2676 3309 2791 3369 Gesicht
2822 3306 2868 3366 des
2903 3305 2978 3365 Ver¬

3027 3309 3113 3369 Linie
3142 3308 3196 3368 des
3230 3309 3327 3369 Mund

1291 3330 1353 3390 Die
1380 3334 1640 3394 Todesnachricht
1666 3338 1770 3398 mußte
1797 3339 1833 3399 um
1880 3338 1906 3398 so
1938 3336 2078 3396 schmerz¬

2121 3345 2296 3405 storbenen,
2318 3348 2364 3408 die
2396 3350 2483 3410 hellen
2520 3351 2639 3411 Farben
2681 3351 2727 3411 der
2759 3351 2986 3411 Arbeitskittel,

3026 3351 3174 3411 äußerlich
3210 3351 3329 3411 sichtbar

1223 3374 1311 3434 licher
1341 3377 1468 3437 wirken,
1489 3379 1537 3439 als
1568 3379 1626 3439 wir
1656 3380 1680 3440 ja
1710 3380 1813 3440 mitten
1853 3380 1877 3440 in
1912 3380 1961 3440 den
1996 3380 2064 3440 Vor

2121 3389 2172 3449 der
2198 3389 2322 3449 Möbel,
2343 3390 2395 3450 der
2422 3391 2540 3451 Wände
2572 3393 2629 3453 und
2660 3393 2716 3453 das
2749 3395 2815 3455 leise
2847 3393 2976 3453 Funkeln

3031 3395 3123 3455 feiner
3147 3395 3210 3455 Zug
3235 3395 3292 3455 von

1219 3419 1415 3479 bereitungen
1451 3422 1501 3482 für
1532 3422 1577 3482 die
1603 3423 1694 3483 Feier
1720 3423 1815 3483 seines
1851 3422 1896 3482 70.
1917 3423 2078 3483 Geburts¬

2116 3432 2168 3492 des
2206 3434 2316 3494 großen
2354 3438 2665 3498 Vormittagslichtes
2702 3439 2728 3499 in
2766 3438 2813 3498 der
2845 3437 2982 3497 Wasser¬

3025 3438 3091 3498 len,
3114 3439 3164 3499 den
3204 3440 3321 3500 begonn

1218 3461 1306 3521 tages
1336 3461 1454 3521 waren.
1475 3465 1519 3525 Im
1564 3467 1765 3527 Josefstädter
1791 3467 1923 3527 Theater
1954 3467 2072 3527 wollten

2119 3476 2242 3536 schüssel
2269 3476 2323 3536 der
2350 3480 2569 3540 Dienerin...

3024 3482 3260 3542 ausweichend,
3282 3483 3308 3543 zu

1212 3504 1274 3564 und
1304 3506 1424 3566 werden
1463 3509 1520 3569 wir
1549 3512 1785 3572 „Liebelei“
1815 3512 1906 3572 geben
1940 3509 1997 3569 und
2032 3510 2065 3570 ich

2194 3520 2267 3580 Leo
2303 3521 2450 3581 Delitz,
2473 3524 2530 3584 seit
2553 3526 2672 3586 Jahren
2713 3525 2769 3585 mit
2798 3526 2849 3586 der
2878 3524 2985 3584 Fami¬

3099 3524 3167 3584 Wir
3200 3524 3291 3584 haben

1219 3548 1317 3608 hoffe,
1338 3550 1390 3610 daß
1416 3551 1452 3611 ich
1483 3551 1530 3611 die
1557 3553 1644 3613 Rolle
1671 3554 1722 3614 des
1749 3554 1946 3614 Weiring
1977 3554 2075 3614 werde

2116 3563 2158 3623 lie
2185 3564 2370 3624 Schnitzlers
2403 3566 2429 3626 in
2467 3569 2737 3629 gesellschaftlicher
2769 3568 2827 3628 und
2860 3567 2986 3627 künstle¬

3025 3569 3098 3629 über
3126 3569 3171 3629 die
3194 3569 3318 3629 tieferen

1218 3592 1326 3652 spielen
1366 3593 1499 3653 können.
1524 3595 1706 3655 Allerdings
1742 3596 1780 3656 ist
1806 3595 1859 3655 das
1900 3595 1963 3655 noch
1998 3595 2076 3655 nicht

2116 3604 2219 3664 rischer
2246 3609 2473 3669 Verbindung,
2494 3612 2603 3672 möchte
2629 3613 2696 3673 gern
2728 3612 2784 3672 aus
2816 3611 2867 3671 der
2888 3609 2976 3669 Fülle

3026 3610 3140 3670 sachsten
3178 3612 3235 3672 und
3267 3609 3330 3669 klar

1221 3638 1298 3698 ganz
1324 3637 1422 3697 sicher,
1443 3639 1474 3699 da
1506 3640 1572 3700 auch
1599 3640 1687 3700 Hugo
1718 3639 1889 3699 Tbimig
1920 3640 1972 3700 auf
1998 3639 2075 3699 diese

2118 3648 2216 3708 seiner
2236 3654 2478 3714 Erinnerungen
2508 3655 2562 3715 und
2592 3655 2646 3715 aus
2676 3655 2725 3715 dem
2765 3656 2873 3716 großen
2903 3655 2972 3715 Maß

3027 3655 3097 3715 weil
3119 3654 3178 3714 wir
3206 3655 3254 3715 den
3287 3655 3324 3715 Ei

1218 3677 1306 3737 Rolle
1336 3682 1504 3742 aspiriert;
1549 3682 1582 3742 da
1612 3685 1795 3745 Reinhardt
1840 3682 1913 3742 aber
1958 3682 2075 3742 darauf

2119 3691 2213 3751 seiner
2249 3697 2456 3757 Dankbarkeit
2497 3697 2583 3757 jetzt,
2603 3698 2638 3758 da
2694 3698 2739 3758 die
2775 3700 2981 3760 Totenmaske

3022 3697 3210 3757 Dichter,
3233 3700 3301 3760 Mu

1219 3724 1349 3784 drängt,
1375 3726 1430 3786 daß
1466 3727 1500 3787 er
1531 3727 1581 3787 den
1627 3727 1848 3787 Malvolio
1889 3727 1914 3787 in
1955 3725 2065 3785 „Was

2116 3736 2241 3796 trocknet
2262 3738 2322 3798 und
2363 3740 2413 3800 das
2444 3739 2680 3799 bildhauerische
2706 3740 2791 3800 Werk
2812 3742 2877 3802 noch
2903 3741 2978 3801 nicht

3016 3741 3098 3801 aus
3131 3742 3240 3802 nahe
3268 3742 3311 3802 ve

1214 3763 1295 3823 Ihr
1323 3766 1469 3826 wollt"
1503 3770 1611 3830 spielt,
1634 3770 1731 3830 werde
1759 3769 1906 3829 vielleicht
1934 3769 1998 3829 doch
2032 3769 2069 3829 ich

2118 3782 2147 3842 zu
2177 3781 2255 3841 sehen
2290 3783 2348 3843 und
2379 3783 2408 3843 zu
2438 3786 2600 3846 erkennen,
2625 3786 2688 3846 noch
2709 3784 2767 3844 viel
2783 3785 2915 3845 weniger
2945 3784 2969 3844 zu

3018 3783 3059 3843 ler
3089 3784 3170 3844 hatte
3200 3784 3247 3844 die
3277 3786 3329 3846 Eic

1220 3807 1265 3867 die
1299 3807 1355 3867 von
1390 3811 1451 3871 mir
1480 3810 1507 3870 so
1542 3813 1672 3873 geliebte
1701 3813 1791 3873 Rolle
1814 3810 1943 3870 spielen.

2119 3822 2284 3882 beurteilen
2315 3826 2362 3886 ist,
2383 3828 2548 3888 erzählen;
2569 3828 2600 3888 er
2627 3828 2693 3888 kann
2730 3828 2755 3888 es
2787 3827 2880 3887 nicht.
2901 3827 2973 3887 Auch

3024 3828 3126 3888 tenden
3159 3828 3212 3888 und
3239 3828 3330 3888 große

1296 3861 1436 3921 Direktor
1480 3864 1620 3924 Geyer
1664 3864 1740 3924 will
1773 3864 1984 3924 anschließend
2033 3864 2065 3924 an

2114 3864 2140 3924 in
2177 3865 2224 3925 ihm
2273 3869 2400 3929 schieben
2443 3869 2485 3929 sich
2522 3870 2570 3930 die
2602 3870 2703 3930 Dinge
2735 3870 2978 3930 durcheinander

3020 3870 3132 3930 immer
3166 3870 3194 3930 in
3234 3873 3318 3933 irgen

1216 3906 1390 3966 „Liebelei"
1417 3907 1480 3967 auch
1507 3911 1692 3971 Schnitzlers
1719 3906 1951 3966 Lieblingsstück
1973 3906 2073 3966 „Der

2119 3909 2175 3969 und
2212 3909 2268 3969 nur
2299 3910 2361 3970 mit
2387 3912 2485 3972 Mühe
2516 3913 2619 3973 findet
2651 3914 2676 3974 er
2712 3912 2758 3972 die
2790 3915 2893 3975 Worte
2924 3914 2975 3974 für

3022 3915 3122 3975 Dabei
3145 3913 3212 3973 war
3241 3913 3268 3973 es
3297 3916 3330 3976 ge

1213 3949 1347 4009 große
1399 3953 1615 4013 Wurste!",
1663 3954 1709 4014 ein
1766 3951 2065 4011 Marionettenspiel

2116 3951 2160 4011 die
2186 3954 2392 4014 Schilderung
2423 3954 2472 4014 des
2498 3957 2649 4017 Gesichtes
2680 3957 2730 4017 des
2760 3958 2875 4018 Toten,
2911 3955 2966 4015 von

3022 3957 3076 4017 und
3110 3956 3278 4016 geistreiche

1217 3993 1327 4053 geben.
1344 3993 1387 4053 Es
1410 3997 1542 4057 handelt
1559 3998 1603 4058 sich
1631 3998 1663 4058 da
1692 3998 1724 4058 um
1764 3997 1801 4057 ein
1830 3995 2072 4055 Schlüsselstück,
2111 3996 2166 4056 dem
2216 3996 2249 4056 er
2282 3997 2337 4057 vor
2371 4000 2420 4060 der
2454 4002 2668 4062 Totenmaske
2696 4002 2806 4062 zwei
2834 4002 2977 4062 Zeich¬

3023 4002 3093 4062 über
3130 4003 3206 4063 einen
3248 3998 3318 4058 Mer

2325 4097 2397 4157 Das
2434 4100 2525 4160 geht
2556 4102 2647 4162 nur,
2678 4100 2775 4160 wenn
2818 4101 2891 4161 man

2323 4151 2445 4211 Stoffe
2484 4149 2551 4209 und
2595 4148 2612 4208 S

2718 4151 2813 4211 S.
