3344 4256
150 269 261 329 12.

336 273 906 333 Schnitzler's
975 274 1206 334 Death

1442 275 1566 335 box
1646 279 1825 339 42/9

2224 234 2378 294 Arthur
2414 240 2637 300 Schnitzler

2044 292 2109 352 Der
2148 300 2279 360 Wiener
2312 303 2397 363 Arzt
2450 303 2515 363 und
2567 306 2699 366 Dichter
2756 308 2930 368 Arthur

1995 347 2216 407 Schnitzler
2256 347 2289 407 ist
2323 348 2404 408 nicht
2439 350 2545 410 mehr.
2589 348 2636 408 Er
2670 353 2752 413 starb
2811 354 2926 414 vorge¬

2001 392 2057 452 tern
2095 395 2122 455 im
2170 395 2263 455 Alter
2297 395 2352 455 von
2391 395 2447 455 69½
2494 399 2644 459 Jahren.
2687 401 2865 461 Schnitzler
2898 402 2935 462 ist

1996 440 2069 500 durch
2106 443 2156 503 die
2189 444 2335 504 Medizin
2377 446 2435 506 zum
2482 448 2610 508 Dichter
2666 449 2858 509 geworden,
2886 452 2935 512 die

1996 485 2036 545 ein
2082 491 2329 551 Familienerbe
2366 493 2452 553 war.
2494 494 2576 554 Sein
2618 494 2740 554 Vater,
2773 499 2836 559 Dr.
2864 497 2932 557 Jo¬

1990 536 2058 596 jann
2097 539 2273 599 Schnitzler
2303 541 2444 601 dozierte
2471 541 2505 601 an
2544 539 2595 599 der
2626 539 2758 599 Wiener
2784 544 2930 604 Univer¬

1996 583 2057 643 ität
2084 584 2163 644 über
2199 587 2441 647 Laryngologte
2477 588 2533 648 und
2569 589 2652 649 hatte
2688 590 2771 650 viele
2807 591 2930 651 Schau¬

1994 631 2095 691 pieler
2131 633 2188 693 und
2219 635 2356 695 Sänger
2392 636 2417 696 zu
2458 635 2647 695 Patienten.
2692 637 2740 697 So
2776 639 2824 699 kam
2873 640 2925 700 der

1994 679 2073 739 Sohn
2110 679 2166 739 von
2204 681 2427 741 Kindsbeinen
2465 682 2502 742 an
2540 682 2595 742 mit
2624 683 2754 743 belden,
2778 688 2922 748 Medizin

1990 727 2044 787 und
2079 729 2196 789 Kunst,
2221 729 2246 789 in
2286 731 2487 791 Gerührung
2527 733 2585 793 und
2620 733 2678 793 das
2719 734 2826 794 wurde
2861 735 2920 795 sein

1984 777 2148 837 Schicksal.
2196 773 2237 833 Er
2275 780 2428 840 studierte
2466 780 2492 840 in
2535 781 2619 841 Wien
2662 781 2709 841 die
2762 786 2937 846 Medizin,

1984 825 2200 885 promovierte
2230 825 2318 885 1885,
2343 828 2451 888 wurde
2482 831 2545 891 acht
2575 831 2682 891 Jahre
2713 831 2815 891 später
2846 836 2928 896 Assi¬

1983 873 2059 933 stent
2083 875 2188 935 seines
2217 876 2341 936 Vaters
2375 878 2436 938 und
2466 880 2537 940 ging
2571 879 2647 939 dann
2686 882 2709 942 in
2748 882 2800 942 den
2834 885 2924 945 mili¬

1989 924 2200 984 ärärztlichen
2241 924 2362 984 Dienst
2393 927 2458 987 ein.
2499 927 2605 987 Allein
2646 927 2696 987 die
2727 930 2827 990 Kunst
2858 932 2928 992 zer¬

1984 970 2070 1030 störte
2104 971 2180 1031 diese
2210 974 2386 1034 Karriere.
2425 974 2597 1034 Schnitzler
2631 976 2736 1036 mußte
2771 979 2837 1039 nach
2871 980 2923 1040 der

1980 1021 2272 1081 Veröffentlichung
2318 1023 2423 1083 seines
2465 1025 2651 1085 „Leutnant
2687 1028 2803 1088 Gustl“
2839 1028 2924 1088 quit¬

1974 1070 2113 1130 tieren!

2032 1122 2101 1182 Der
2136 1129 2233 1189 junge
2269 1129 2401 1189 Wiener
2436 1131 2520 1191 Arzt
2550 1129 2662 1189 wurde
2718 1132 2806 1192 durch
2860 1135 2914 1195 den

1978 1174 2275 1234 Einakter=Zyklus
2318 1177 2477 1237 „Anatol"
2515 1178 2684 1238 berühmt,
2712 1180 2759 1240 die
2791 1183 2918 1243 grazibs

1977 1220 2036 1280 und
2075 1224 2148 1284 klug
2189 1225 2405 1285 geschrieben,
2435 1228 2640 1288 interessante
2675 1231 2813 1291 Wiener
2853 1230 2921 1290 Ty¬

1971 1270 2030 1330 pen
2060 1273 2226 1333 schildern.
2266 1273 2339 1333 1803
2369 1277 2492 1337 erschien
2531 1277 2619 1337 „Das
2649 1279 2820 1339 Märchen"
2855 1278 2914 1338 und

1977 1317 2055 1377 dann
2100 1319 2149 1379 die
2194 1320 2370 1380 „Liebelei“
2425 1323 2513 1383 eines
2568 1324 2621 1384 der
2671 1329 2911 1389 bedeutendsten

1977 1368 2178 1428 Schauspiele
2209 1371 2244 1431 um
2290 1371 2340 1431 die
2366 1374 2729 1434 Jahrhundertwende.

2033 1434 2072 1494 In
2103 1435 2188 1495 Wien
2229 1437 2319 1497 spielt
2345 1440 2415 1500 auch
2446 1440 2497 1500 das
2527 1440 2638 1500 nächste
2664 1443 2779 1503 Stück:
2805 1446 2920 1506 „Frei¬

1978 1482 2065 1542 wild"
2107 1485 2220 1545 (1896).
2263 1488 2313 1548 In
2355 1488 2433 1548 diese
2464 1488 2572 1548 Jahre
2609 1491 2681 1551 fällt
2713 1489 2759 1549 die
2796 1494 2919 1554 Entste¬

1973 1532 2056 1592 hung
2086 1535 2140 1595 des
2175 1535 2357 1595 „Reigen",
2382 1538 2451 1598 zehn
2491 1538 2614 1598 Szenen
2653 1538 2712 1598 mit
2742 1539 2796 1599 dem
2841 1540 2919 1600 glei¬

1967 1579 2034 1639 schen
2077 1583 2240 1643 erotischen
2284 1585 2528 1645 Grundmotiv,
2562 1586 2604 1646 die
2648 1588 2720 1648 aber
2759 1589 2816 1649 erst
2855 1589 2921 1649 viel

1976 1631 2076 1691 später
2110 1631 2253 1691 gedruckt
2287 1634 2349 1694 und
2387 1634 2473 1694 1920,
2503 1635 2655 1695 durchaus
2713 1637 2799 1697 nicht
2847 1639 2899 1699 dem

1972 1679 2084 1739 Willen
2119 1679 2168 1739 des
2198 1682 2344 1742 Dichters
2379 1685 2609 1745 entsprechend,
2634 1685 2727 1745 unter
2757 1687 2805 1747 dem
2850 1687 2918 1747 Wi¬

1970 1729 2132 1789 derspruch
2167 1731 2433 1791 rechtsstehender
2468 1732 2575 1792 Kreise
2611 1732 2802 1792 aufgeführt
2833 1734 2921 1794 wur¬

1970 1777 2043 1837 den.
2083 1778 2279 1838 Schnitzlers
2309 1780 2421 1840 Werke
2451 1782 2603 1842 entstehen
2637 1782 2701 1842 nun
2736 1783 2764 1843 in
2794 1784 2912 1844 rascher

1974 1828 2084 1888 Jolge.
2110 1828 2155 1888 Es
2191 1829 2387 1889 erschienen:
2418 1830 2508 1890 „Das
2539 1831 2771 1891 Vermächtnis
2807 1834 2922 1894 (1807),

1972 1876 2016 1936 die
2047 1876 2118 1936 drei
2149 1876 2325 1936 Einakter:
2361 1879 2614 1939 „Paracelsus",
2660 1882 2745 1942 „Die
2776 1882 2917 1942 Gefähr=

1968 1925 2052 1985 tin",
2078 1926 2169 1986 „Der
2200 1926 2305 1986 grüne
2341 1926 2492 1986 Kakadu"
2533 1926 2644 1986 (1898),
2670 1929 2729 1989 sein
2771 1930 2921 1990 Drama:

1972 1975 2052 2035 „Der
2083 1974 2229 2034 Schleier
2265 1977 2321 2037 der
2352 1977 2529 2037 Beatrice“
2570 1977 2676 2037 (1899),
2717 1980 2803 2040 dann
2859 1980 2914 2040 der

1971 2022 2262 2082 Einakterzyklus:
2297 2025 2494 2085 „Lebendige
2530 2026 2727 2086 Stunden",
2777 2028 2910 2088 woraus

1961 2073 2135 2133 besonders
2188 2073 2395 2133 „Literatur“
2442 2073 2638 2133 hervorragt
2695 2074 2808 2134 (1901),
2856 2076 2912 2136 das

1968 2120 2089 2180 Drama
2125 2123 2216 2183 „Der
2247 2121 2389 2181 einsame
2420 2122 2511 2182 Weg“
2547 2121 2658 2181 (1903),
2684 2123 2734 2183 die
2760 2126 2917 2186 Komödie

1973 2168 2245 2228 „Zwischenspiel“
2281 2169 2395 2229 (1904);
2421 2171 2533 2231 ferner
2560 2171 2590 2231 im
2632 2171 2766 2231 gleichen
2802 2174 2910 2234 Jahre

1962 2216 2031 2276 eine
2062 2216 2145 2276 neue
2185 2219 2453 2279 Einakterreihe:
2488 2220 2776 2280 „Markonetten".
2826 2222 2914 2282 „Der

1967 2267 2056 2327 junge
2086 2267 2314 2327 Medardus",
2339 2269 2432 2329 dessen
2472 2268 2665 2328 Titelrolle,
2691 2270 2739 2330 dem
2789 2273 2907 2333 großen

1972 2317 2059 2377 Josef
2085 2314 2193 2374 Kainz
2225 2317 2405 2377 zugedacht,
2426 2317 2477 2377 dem
2524 2317 2678 2377 Künstler
2710 2317 2791 2377 nicht
2823 2320 2910 2380 mehr

1964 2367 1998 2427 zu
2028 2365 2140 2425 spielen
2175 2366 2341 2426 vergönnt
2366 2365 2450 2425 war,
2470 2366 2504 2426 ist
2529 2366 2572 2426 ein
2607 2366 2729 2426 Drama
2764 2368 2822 2428 aus
2853 2368 2906 2428 den

1968 2413 2068 2473 Tagen
2104 2413 2159 2473 der
2195 2414 2366 2474 Besetzung
2402 2416 2514 2476 Wiens
2555 2416 2640 2476 durch
2676 2416 2847 2476 Napoleon
2883 2416 2913 2476 1.

1968 2463 2149 2523 (erschienen
2190 2461 2295 2521 1900).
2337 2464 2457 2524 Diesem
2508 2464 2619 2524 Werke
2675 2466 2776 2526 folgte
2817 2467 2907 2527 „Das

1961 2508 2058 2568 meite
2090 2509 2193 2569 Land"
2240 2511 2348 2571 (1910),
2375 2511 2446 2571 eine
2478 2512 2736 2572 Tragikomödie
2763 2514 2819 2574 des
2856 2513 2917 2573 Al¬

1960 2559 2053 2619 terns
2088 2559 2152 2619 und
2182 2559 2250 2619 1912
2280 2562 2462 2622 „Professor
2492 2562 2693 2622 Berhardi",
2718 2562 2762 2622 ein
2792 2564 2915 2624 Schau¬

1966 2607 2041 2667 spiel
2067 2610 2127 2670 aus
2163 2610 2218 2670 dem
2264 2610 2430 2670 ärztlichen
2467 2610 2592 2670 Beruf,
2618 2610 2668 2670 bei
2700 2611 2800 2671 seiner
2831 2612 2916 2672 Auf¬

1967 2658 2101 2718 führung
2140 2658 2197 2718 von
2231 2659 2413 2719 politischen
2447 2660 2605 2720 Gruppen
2644 2661 2917 2721 vielumstritten.

1961 2708 2010 2768 Im
2060 2708 2168 2768 Jahre
2203 2705 2271 2765 1915
2311 2708 2478 2768 erschienen
2523 2707 2591 2767 drei
2622 2708 2779 2768 Einakter
2819 2708 2912 2768 unter

1961 2756 2011 2816 dem
2062 2756 2173 2816 Titel:
2225 2756 2403 2816 „Komödie
2439 2756 2494 2816 der
2525 2756 2677 2816 Worte",
2724 2757 2795 2817 1917
2851 2758 2906 2818 das

1966 2804 2103 2864 schwache
2141 2807 2246 2867 „Fink
2284 2805 2346 2865 und
2389 2804 2648 2864 Fliederbusch",
2691 2804 2764 2864 1919
2823 2810 2907 2870 „Die

1955 2855 2121 2915 Schestern
2161 2855 2234 2915 oder
2269 2855 2435 2915 Casanova
2470 2855 2499 2915 in
2534 2855 2646 2915 Spa“,
2666 2855 2739 2915 1924
2769 2856 2911 2916 „Komö¬

1960 2902 2009 2962 die
2044 2902 2098 2962 der
2128 2902 2369 2962 Verführung“
2404 2903 2468 2963 und
2503 2902 2571 2962 1025
2602 2904 2655 2964 die
2705 2905 2911 2965 dramatische

1962 2950 2142 3010 Dichtung:
2168 2953 2258 3013 „Der
2284 2953 2379 3013 Gang
2415 2953 2470 3013 zum
2516 2953 2661 3013 Weiher“

2020 3001 2206 3061 Schnitzlers
2247 3001 2413 3061 Eigenart
2449 3001 2508 3061 und
2544 3003 2660 3063 großes
2701 3001 2826 3061 Talent
2862 3001 2907 3061 of¬

1961 3049 2089 3109 senbart
2119 3052 2168 3112 sich
2203 3052 2287 3112 nicht
2317 3052 2460 3112 weniger
2490 3050 2519 3110 in
2554 3051 2657 3111 seinen
2692 3052 2904 3112 erzählenden

1960 3096 2115 3156 Werken.
2156 3098 2256 3158 Diese
2292 3099 2402 3159 Werke
2438 3099 2503 3159 sind
2539 3099 2719 3159 durchwegs
2775 3102 2905 3162 kürzere

1962 3147 2103 3207 Arbeiten
2154 3148 2367 3208 erzählenden
2418 3148 2580 3208 Inhalts,
2626 3147 2783 3207 Novellen
2845 3150 2905 3210 und

1965 3195 2183 3255 Novelletten.
2208 3197 2410 3257 Schnitzlers
2445 3198 2588 3258 einziger
2624 3198 2747 3258 großer
2782 3198 2905 3258 Roman

1956 3246 2090 3306 erichten
2127 3244 2220 3304 1908:
2252 3246 2339 3306 „Der
2372 3246 2443 3306 Weg
2480 3246 2537 3306 ins
2569 3246 2703 3306 Freie",
2735 3247 2802 3307 eine
2834 3248 2911 3308 groß

1960 3294 2111 3354 gesehene
2142 3293 2303 3353 Synthese
2339 3293 2389 3353 des
2435 3296 2582 3356 geistigen
2618 3293 2754 3353 Wiener
2790 3296 2911 3356 Lebens

1960 3342 2019 3402 zur
2044 3342 2122 3402 Zeit
2152 3341 2201 3401 der
2232 3341 2334 3401 letzten
2370 3343 2734 3403 Jahrhundertwende.

2016 3387 2062 3447 Es
2093 3391 2134 3451 ist
2161 3390 2206 3450 ein
2243 3392 2538 3452 charakteristisches
2574 3392 2744 3452 Merkmal
2792 3392 2848 3452 der
2880 3393 2905 3453 so

1966 3440 2152 3500 zahlreichen
2188 3440 2299 3500 Werke
2330 3441 2546 3501 Schnitzlers,
2572 3440 2622 3500 die
2653 3440 2708 3500 dem
2775 3440 2910 3500 Wiener

1959 3487 2082 3547 Milien
2117 3487 2323 3547 entstammen
2363 3489 2421 3549 und
2456 3490 2525 3550 auch
2555 3489 2687 3549 solcher,
2713 3489 2756 3549 die
2791 3489 2850 3549 erst
2875 3490 2904 3550 in

1956 3538 2010 3598 den
2051 3535 2242 3595 allerletzten
2278 3538 2408 3598 Jahren
2450 3538 2620 3598 erschienen
2661 3539 2746 3599 sind,
2772 3538 2827 3598 daß
2862 3538 2907 3598 sie

1956 3586 2089 3646 zumeist
2121 3586 2239 3646 Bilder
2270 3586 2326 3646 der
2358 3587 2435 3647 Zeit
2467 3586 2523 3646 aus
2560 3586 2611 3646 des
2648 3586 2796 3646 Dichters
2828 3588 2910 3648 jün¬

1955 3637 2048 3697 geren
2083 3635 2206 3695 Jahren
2241 3635 2354 3695 geben.
2399 3636 2497 3696 Einer
2527 3636 2590 3696 viel
2616 3634 2812 3694 sorgloseren
2847 3635 2906 3695 und

1956 3684 2285 3744 unbekümmerteren
2322 3684 2424 3744 Welt,
2457 3684 2502 3744 als
2544 3682 2575 3742 es
2611 3684 2662 3744 die
2694 3684 2822 3744 heutige
2859 3684 2910 3744 ist,

1955 3732 2040 3792 eines
2076 3732 2172 3792 satten
2213 3732 2273 3792 und
2309 3732 2405 3792 dabei
2457 3734 2695 3794 schöngeistigen
2756 3735 2907 3795 Bürger¬

1954 3780 2058 3840 tums,
2083 3780 2117 3840 an
2157 3780 2212 3840 das
2247 3780 2365 3840 soziale
2395 3780 2573 3840 Probleme
2604 3783 2698 3843 selten
2738 3783 2910 3843 herantre¬

1955 3830 2020 3890 ten.
2061 3830 2177 3890 Selten
2213 3830 2318 3890 hallen
2354 3829 2435 3889 seine
2466 3829 2576 3889 Werke
2602 3830 2632 3890 in
2668 3830 2753 3890 einem
2799 3830 2905 3890 schril¬

1955 3878 2005 3938 len
2043 3878 2112 3938 Ton
2155 3878 2234 3938 aus,
2262 3880 2304 3940 sie
2337 3879 2523 3939 verklingen
2565 3878 2625 3938 und
2663 3881 2909 3941 verdämmern.

1962 3926 2062 3986 Seine
2093 3926 2203 3986 weiche
2234 3926 2294 3986 und
2335 3927 2425 3987 dabei
2456 3929 2501 3989 oft
2532 3929 2723 3989 spielerische
2754 3929 2905 3989 Behand¬

1960 3977 2031 4037 lung
2068 3977 2119 4037 der
2151 3977 2325 4037 Probleme
2357 3977 2428 4037 läßt
2455 3977 2624 4037 Schnitzler
2656 3977 2707 4037 als
2738 3977 2789 4037 den
2826 3977 2902 4037 aus¬

1956 4024 2177 4084 gesprochenen
2224 4026 2487 4086 österreichischen
2534 4025 2668 4085 Dichter
2715 4027 2905 4087 erscheinen,

1960 4072 2009 4132 den
2045 4072 2175 4132 Dichter
2211 4072 2301 4132 eines
2357 4076 2584 4136 vergangenen
2645 4075 2755 4135 Wien,
2801 4075 2896 4135 dessen

1960 4122 2142 4182 Landschaft
2170 4123 2231 4183 und
2265 4124 2458 4184 Umgebung
2492 4126 2519 4186 in
2558 4126 2657 4186 seinen
2691 4126 2823 4186 Werken
2857 4123 2906 4183 le¬

2068 4171 2073 4231 a
