3344 4352
2573 1233 2666 1293 Photos
2696 1234 2742 1294 aus
2772 1234 2814 1294 der
2836 1234 2992 1294 Sammlung
3022 1234 3110 1294 Raoul
3136 1236 3229 1296 Korty,
3250 1237 3288 1297 Wi

794 1321 857 1381 Das
882 1327 916 1387 ist
937 1327 985 1387 das
1006 1327 1069 1387 süße
1094 1328 1202 1388 Mädel

1526 1327 1666 1387 geliebtes
1697 1327 1923 1387 Förstermädel
1949 1327 2025 1387 nicht
2051 1328 2141 1388 weiß,
2161 1328 2221 1388 wen
2252 1327 2282 1387 es
2313 1327 2363 1387 vor
2389 1327 2438 1387 sich
2484 1326 2620 1386 dustrie=
2646 1327 2701 1387 und
2732 1327 2983 1387 Bankjunioren,
3004 1327 3070 1387 der,
3090 1330 3296 1390 unsachlicher,

796 1363 857 1423 Das
881 1365 937 1425 just
957 1365 980 1425 so
1009 1365 1136 1425 akkurat,

1525 1368 1590 1428 hat.
1619 1368 1660 1428 Es
1694 1368 1764 1428 war
1793 1370 1815 1430 im
1863 1371 1994 1431 Grund,
2023 1371 2107 1431 wenn
2145 1371 2210 1431 man
2248 1371 2304 1431 alle
2338 1371 2445 1431 Poesie

2485 1369 2723 1429 lichkeitsferner
2753 1368 2797 1428 als
2832 1370 2882 1430 der
2917 1371 3030 1431 Vater,
3056 1371 3110 1431 vor
3145 1373 3258 1433 dreißig

791 1404 829 1464 In
859 1404 944 1464 seiner
970 1404 1055 1464 besten
1086 1403 1179 1463 Laune

1528 1412 1623 1472 davon
1662 1415 1792 1475 abzieht,
1816 1413 1859 1473 ein
1893 1414 2061 1474 schäbiger,
2085 1416 2186 1476 lyrisch
2225 1416 2445 1476 ausstaffierter

2485 1411 2537 1471 den
2581 1415 2821 1475 Puppenspieler
2860 1413 2912 1473 und
2946 1416 3176 1476 Sterbeknaben
3215 1416 3287 1476 spiel

796 1441 856 1501 Der
876 1443 1013 1503 Herrgott
1032 1444 1174 1504 g’schaffen
1198 1443 1306 1503 hat...

1530 1458 1663 1518 Handel.
1683 1458 1772 1518 Denn
1802 1458 1871 1518 diese
1896 1458 2004 1518 jungen
2035 1458 2168 1518 Herren,
2188 1458 2232 1518 die
2257 1461 2301 1521 sich
2331 1461 2380 1521 für
2406 1460 2449 1520 ihr

2486 1460 2693 1520 infolgedessen
2736 1459 2818 1519 heute
2855 1460 2953 1520 wegen
2991 1461 3182 1521 fahrlässiger
3219 1461 3286 1521 Krid

605 1501 654 1561 So
684 1505 833 1565 rauschten
868 1503 921 1563 und
952 1503 1115 1563 knauschten
1151 1500 1199 1560 vor
1225 1500 1343 1560 dreißig
1374 1500 1487 1560 Jahren

1525 1503 1723 1563 Taschengeld
1757 1500 1974 1560 parfürmierte
2009 1500 2143 1560 Freuden
2183 1503 2230 1563 der
2264 1503 2447 1563 Arwüchsig¬

2486 1503 2628 1563 gesperrt
2661 1503 2713 1563 ist.

1534 1544 1585 1604 keit
1614 1546 1749 1606 kauften,
1768 1544 1865 1604 waren
1899 1544 1973 1604 weit
1997 1544 2090 1604 davon
2124 1545 2273 1605 entfernt,
2292 1547 2315 1607 im
2357 1547 2445 1607 süßen

2531 1544 2596 1604 Der
2624 1546 2695 1606 süße
2728 1544 2799 1604 Bub
2827 1543 2842 1603 —
2909 1544 2963 1604 das
2997 1545 3029 1605 ist
3056 1547 3105 1607 der
3139 1547 3220 1607 Fleck
3243 1547 3275 1607 an

567 1549 626 1609 alle
661 1547 788 1607 Werkel
818 1547 847 1607 in
887 1547 935 1607 den
990 1545 1064 1605 alten
1104 1544 1231 1604 Wiener
1266 1544 1496 1604 Häuserhöfen.

568 1588 630 1648 Der
664 1592 817 1652 Herrgott
847 1589 933 1649 aber,
963 1589 1010 1649 der
1044 1589 1102 1649 das
1136 1589 1198 1649 viel
1228 1590 1396 1650 besungene
1430 1586 1492 1646 Ge¬

1530 1589 1643 1649 Mädel
1678 1589 1722 1649 die
1757 1589 1914 1649 Vorbotin
1954 1589 2008 1649 und
2048 1589 2102 1649 den
2142 1592 2328 1652 Nachwuchs
2368 1592 2446 1652 einer

2491 1589 2621 1649 Mädel.
2642 1592 2723 1652 Was
2749 1592 2824 1652 sonst
2850 1589 2900 1649 von
2936 1591 2976 1651 ihm
3017 1590 3113 1650 blieb,
3133 1592 3188 1652 das
3214 1592 3279 1652 mag

2493 1635 2585 1695 haftig
2622 1634 2673 1694 der
2711 1634 2860 1694 Herrgott
2893 1637 2918 1697 in
2960 1634 3052 1694 seiner
3090 1634 3183 1694 besten
3225 1633 3281 1693 Lau

573 1637 663 1697 schöpf
689 1637 754 1697 kurz
780 1635 870 1695 zuvor
896 1634 920 1694 in
956 1634 1047 1694 seiner
1073 1633 1163 1693 besten
1194 1634 1294 1694 Laune
1325 1631 1481 1691 geschaffen

3206 1676 3285 1736 Anto

562 1680 659 1740 hatte,
684 1679 747 1739 war
776 1679 815 1739 ein
849 1679 990 1739 Dichter;
1015 1676 1044 1736 er
1074 1676 1131 1736 hieß
1166 1676 1287 1736 Arthur
1317 1676 1497 1736 Schnitz¬

2494 1682 2617 1742 schaffen
2651 1679 2769 1739 haben.

565 1723 631 1783 ler
680 1721 847 1781 (gestorben
886 1721 919 1781 am
972 1718 1024 1778 21.
1054 1719 1187 1779 Oktober
1236 1718 1317 1778 1931
1365 1718 1388 1778 im
1437 1718 1494 1778 70.

568 1762 791 1822 Lebensjahr).

611 1805 691 1865 War
717 1807 747 1867 es
783 1807 853 1867 denn
894 1806 950 1866 also
986 1804 1036 1864 kein
1073 1801 1224 1861 Gewächs
1255 1801 1305 1861 der
1336 1803 1493 1863 Wirklich¬

562 1850 639 1910 keit,
666 1850 793 1910 sondern
835 1848 898 1908 eine
935 1848 1053 1908 Blume
1090 1846 1144 1906 aus
1181 1846 1231 1906 dem
1282 1846 1400 1906 Garten
1441 1846 1490 1906 der

568 1894 764 1954 dichterischen
804 1893 991 1953 Phantasie?
1021 1891 1115 1951 Hatte
1140 1891 1169 1951 es
1199 1891 1252 1951 vor
1278 1891 1326 1951 dem
1371 1889 1489 1949 Dichter

571 1937 615 1997 ein
646 1936 736 1996 süßes
771 1936 886 1996 Mädel
912 1937 966 1997 gar
997 1936 1072 1996 nicht
1102 1934 1252 1994 gegeben?
1283 1934 1298 1994 O
1343 1935 1393 1995 ja,
1419 1933 1488 1993 aber

562 1977 593 2037 es
635 1980 735 2040 blühte
777 1980 895 2040 damals
937 1979 996 2039 nur
1033 1977 1055 2037 in
1102 1979 1234 2039 wenigen
1276 1975 1499 2035 Exemplaren.

572 2019 665 2079 Durch
695 2024 739 2084 ihn
774 2022 828 2082 erst
853 2022 897 2082 kam
937 2022 966 2082 es
996 2022 1015 2082 in
1046 2022 1163 2082 Mode,
1184 2022 1252 2082 löste
1277 2020 1331 2080 das
1361 2020 1493 2080 Donau¬

563 2067 688 2127 weiberl
717 2067 741 2127 im
790 2067 881 2127 Rang
915 2067 968 2127 der
997 2065 1122 2125 Wiener
1152 2065 1407 2125 Schutzpatronin
1441 2064 1498 2124 ab,

562 2111 663 2171 wurde
699 2109 749 2169 die
780 2111 876 2171 Muse
912 2110 967 2170 der
999 2110 1339 2170 korso=schlenkernden,
1370 2109 1491 2169 hüften¬

564 2154 686 2214 weichen
728 2153 855 2213 Wiener
892 2154 1116 2214 Männlichkeit

605 2198 718 2258 Süßes
748 2198 866 2258 Mädel
897 2195 906 2255 —
966 2192 975 2252 —
1035 2195 1099 2255 wer
1124 2195 1182 2255 das
1213 2196 1311 2256 Wort
1336 2196 1493 2256 musiklos,

561 2243 640 2303 ohne
670 2241 982 2301 Operettenbeiklang
1013 2240 1106 2300 hören
1142 2240 1231 2300 kann,
1256 2240 1330 2300 hört
1356 2240 1404 2300 ihm
1450 2240 1493 2300 so¬

562 2288 648 2348 gleich
685 2285 740 2345 auf
771 2285 822 2345 den
858 2285 990 2345 Grund.
1017 2284 1092 2344 Eine
1124 2285 1256 2345 Distanz
1282 2285 1338 2345 zur
1369 2283 1496 2343 bezeich¬

558 2330 645 2390 neten
684 2330 975 2390 Mädchengattung
1004 2329 1101 2389 klingt
1131 2327 1266 2387 daraus,
1291 2328 1354 2388 eine
1388 2328 1494 2388 soziale

563 2374 810 2434 Überlegenheit,
836 2371 880 2431 die
910 2372 954 2432 sich
989 2371 1033 2431 als
1068 2372 1201 2432 erotische
1237 2370 1493 2430 Feinschmeckerei

568 2417 730 2477 gebärdet,
755 2414 816 2474 eine
846 2414 1152 2474 Verschwärmtheit,
1176 2416 1219 2476 die
1248 2413 1329 2473 ihren
1363 2414 1487 2474 Gegen¬

565 2461 644 2521 stand
680 2461 734 2521 wie
769 2461 813 2521 ein
849 2461 982 2521 putziges
1018 2461 1181 2521 Spielzeug
1216 2458 1375 2518 streichelt.
1420 2458 1489 2518 And

568 2504 653 2564 dieser
690 2505 756 2565 Ton
797 2503 929 2563 enthüllt
976 2502 1021 2562 die
1058 2503 1272 2563 Wirklichkeit:
1318 2503 1374 2563 das
1420 2503 1491 2563 süße

568 2547 684 2607 Mädel
712 2547 792 2607 war,
816 2547 848 2607 um
890 2547 918 2607 es
952 2546 975 2606 in
1008 2544 1054 2604 der
1083 2548 1223 2608 Sprache
1247 2547 1331 2607 eines
1359 2544 1485 2604 anderen

570 2589 698 2649 Wiener
738 2590 880 2650 Dichters
920 2592 949 2652 zu
989 2590 1102 2650 sagen,
1132 2590 1181 2650 der
1221 2589 1358 2649 hundert
1394 2589 1492 2649 Jahre

564 2636 672 2696 Früher
698 2634 791 2694 lebte,
812 2634 868 2694 das
900 2634 1034 2694 „Mädel
1060 2634 1116 2694 aus
1143 2634 1194 2694 der
1220 2634 1406 2694 Vorstadt“.
1427 2631 1483 2691 Ein

563 2679 683 2739 armes,
713 2678 1060 2738 holdselig-vergnügtes
1094 2679 1195 2739 Kind,
1220 2677 1272 2737 das
1311 2677 1354 2737 die
1384 2676 1489 2736 innere

568 2724 685 2784 Stadt,
706 2724 745 2784 die
770 2723 858 2783 Welt
878 2721 927 2781 der
953 2723 1228 2783 Gutangezogenen
1258 2721 1311 2781 und
1342 2721 1493 2781 Besitzen¬

563 2765 637 2825 den,
665 2766 721 2826 nur
754 2765 801 2825 als
834 2765 899 2825 Ort
928 2765 979 2825 der
1007 2765 1119 2825 Arbeit
1148 2765 1274 2825 kannte,
1298 2763 1344 2823 wo
1378 2762 1405 2822 es
1443 2762 1485 2822 als

558 2810 795 2870 Hutmacherin,
826 2809 875 2869 als
910 2807 1132 2867 Ladenmädel,
1162 2810 1206 2870 als
1242 2810 1380 2870 Friseuse
1415 2807 1488 2867 oder

564 2855 771 2915 Lehrfräulein
807 2852 827 2912 in
863 2853 974 2913 Dienst
1000 2852 1080 2912 war.
1101 2852 1146 2912 Da
1177 2852 1263 2912 fielen
1299 2852 1385 2912 gegen
1406 2852 1491 2912 Ende

564 2897 614 2957 der
645 2897 792 2957 siebziger
824 2897 925 2957 Jahre
962 2897 1007 2957 die
1038 2897 1170 2957 Glacis,
1201 2895 1242 2955 die
1278 2895 1496 2955 Linienwälle,

567 2941 669 3001 welche
707 2941 861 3001 Vorstadt
895 2941 950 3001 und
997 2941 1104 3001 innere
1137 2938 1240 2998 Stadt
1278 2939 1492 2999 voneinander

1839 2943 1947 3003 Arthur
1980 2944 2137 3004 Schnitzler

568 2984 708 3044 schieden.
765 2983 855 3043 Diese
901 2986 1133 3046 geographische
1169 2983 1385 3043 Vermischung
1436 2980 1486 3040 der

564 3028 689 3088 Stände
715 3028 785 3088 fiel,
811 3028 901 3088 gewiß
937 3028 1012 3088 nicht
1038 3028 1179 3088 zufällig,
1204 3028 1254 3088 mit
1280 3028 1365 3088 einer
1391 3025 1481 3085 neuen

1530 3046 1643 3106 neuen,
1668 3046 2018 3106 vorwärtsdrängenden
2053 3047 2151 3107 Klasse
2181 3050 2205 3110 zu
2240 3046 2392 3106 erblicken,
2413 3048 2447 3108 sie

567 3069 665 3129 Mode
700 3072 753 3132 der
788 3072 926 3132 Gefühle
961 3071 1147 3131 zusammen:
1177 3070 1221 3130 die
1256 3072 1408 3132 Echtheit,
1438 3070 1486 3130 der

1525 3091 1732 3151 verpflanzten
1775 3088 1804 3148 es
1847 3089 1895 3149 als
1934 3089 2078 3149 gefällige
2118 3091 2353 3151 Zimmerblume
2397 3091 2449 3151 auf

567 3115 720 3175 Naturton
758 3115 811 3175 der
840 3115 964 3175 unteren
998 3115 1147 3175 Schichten
1186 3115 1247 3175 war
1277 3117 1406 3177 plötzlich
1440 3113 1468 3173 ge

1530 3132 1590 3192 ihre
1618 3132 1748 3192 Buden,
1772 3132 1865 3192 kamen
1898 3134 1944 3194 sich
1977 3135 2228 3195 unaussprechlich
2262 3134 2359 3194 volks=
2388 3134 2443 3194 und

566 3161 666 3221 fragt.
686 3159 746 3219 Die
772 3159 877 3219 jungen
913 3159 1184 3219 Bürgersprossen,
1205 3158 1250 3218 die
1276 3156 1320 3216 die
1351 3156 1486 3216 Sprache

1530 3177 1793 3237 wirklichkeitsnah
1833 3177 1890 3237 vor
1929 3177 1985 3237 und
2025 3178 2134 3238 ahnten
2179 3177 2269 3237 nicht,
2304 3177 2356 3237 wie
2395 3179 2442 3239 sich

570 3201 624 3261 und
654 3201 697 3261 die
727 3202 829 3262 lässige
854 3201 1021 3261 Weichheit
1046 3201 1095 3261 der
1120 3201 1321 3261 Aristokraten
1351 3199 1487 3259 nachäff¬

1531 3220 1595 3280 eine
1621 3222 1697 3282 neue
1728 3221 1833 3281 soziale
1864 3222 2065 3282 Wirklichkeit
2091 3222 2126 3282 da
2157 3222 2207 3282 für
2238 3223 2272 3283 sie
2304 3222 2359 3282 und
2394 3222 2449 3282 vor

558 3246 623 3306 ten,
647 3246 693 3306 die
722 3245 900 3305 Nichtstuer
933 3243 989 3303 und
1018 3244 1492 3304 Kärntnerstraßen=Flaneure,

1530 3267 1614 3327 ihnen
1648 3264 1865 3324 entwürdigte.

561 3290 607 3350 die
640 3288 706 3348 ihre
739 3290 927 3350 fexenhaften
965 3288 1143 3348 Schmerzen
1182 3288 1398 3348 bespiegelten,
1427 3288 1482 3348 von

1574 3318 1714 3378 Freilich,
1740 3318 1805 3378 auch
1841 3318 1896 3378 das
1932 3319 2002 3379 süße
2033 3318 2149 3378 Mädel
2179 3318 2249 3378 wird
2285 3320 2360 3380 nicht
2391 3318 2446 3378 viel

568 3332 839 3392 Orchideendurft,
859 3332 1021 3392 schwarzen
1056 3332 1222 3392 Schwänen
1261 3332 1313 3392 und
1347 3330 1485 3390 kristalle¬

1530 3362 1622 3422 davon
1656 3362 1776 3422 gewußt
1800 3361 1856 3421 und
1885 3362 2024 3422 verspürt
2044 3362 2160 3422 haben.
2180 3364 2263 3424 Denn
2292 3362 2338 3422 die
2362 3362 2445 3422 Wie¬

556 3374 612 3434 nen
645 3374 776 3434 Schalen
814 3377 987 3437 träumten,
1011 3377 1076 3437 kurz
1110 3376 1166 3436 alle
1194 3375 1241 3435 die
1274 3374 1480 3434 wienerischen

1530 3407 1608 3467 nerin
1642 3406 1813 3466 überhaupt
1837 3407 1888 3467 hat
1912 3407 1934 3467 ja
1967 3404 2033 3464 (wie
2061 3407 2112 3467 der
2140 3407 2279 3467 Wiener)
2303 3407 2326 3467 im
2368 3404 2447 3464 Ver¬

557 3418 630 3478 Lord
658 3419 791 3479 Byrons
819 3420 873 3480 mit
897 3419 1158 3479 Fabriksanteilen
1190 3419 1245 3479 und
1273 3419 1350 3479 einem
1387 3419 1488 3479 väter¬

1525 3450 1611 3510 gleich
1645 3450 1673 3510 zu
1708 3449 1760 3509 der
1785 3449 1910 3509 übrigen
1944 3452 2079 3512 Amwelt
2103 3449 2199 3509 wenig
2233 3449 2449 3509 Selbständig¬

563 3464 653 3524 lichen
683 3464 802 3524 Konto,
822 3464 975 3524 begannen
1000 3465 1062 3525 jetzt
1086 3465 1138 3525 mit
1158 3462 1206 3522 dem
1245 3464 1355 3524 dritten
1384 3464 1484 3524 Stand

1530 3494 1762 3554 keitsbedürfnis
1800 3494 1856 3554 und
1889 3495 2000 3555 Stolz,
2033 3494 2070 3554 sie
2117 3496 2228 3556 wartet
2262 3494 2284 3554 im
2332 3492 2443 3552 Grund

563 3514 592 3574 zu
627 3509 814 3569 kokettieren,
839 3507 873 3567 sie
903 3506 1001 3566 kamen
1036 3509 1085 3569 sich
1115 3507 1183 3567 teils
1213 3506 1287 3566 weiß
1322 3508 1400 3568 Gott
1430 3506 1484 3566 wie

1530 3538 1611 3598 heute
1641 3536 1703 3596 noch
1733 3537 1756 3597 in
1786 3536 1862 3596 ihren
1892 3538 1983 3598 stillen
2013 3538 2167 3598 Träumen
2197 3538 2249 3598 auf
2274 3536 2321 3596 den
2346 3538 2447 3598 Kaiser

558 3550 789 3610 revolutionär,
809 3550 875 3610 teils
910 3550 962 3610 wie
987 3550 1083 3610 große
1107 3549 1222 3609 Herren
1252 3550 1309 3610 vor
1339 3550 1396 3610 (die
1420 3550 1492 3610 sich,

1530 3583 1658 3643 Joseph,
1683 3580 1735 3640 der
1764 3581 1912 3641 incognito
1946 3580 1993 3640 bei
2018 3583 2065 3643 ihr
2095 3582 2209 3642 eintritt
2238 3580 2295 3640 und
2329 3580 2362 3640 sie
2391 3580 2448 3640 auf

553 3595 703 3655 ebenfalls
739 3595 808 3655 nach
848 3595 1098 3655 aristokratischem
1149 3593 1303 3653 Vorbild,
1334 3593 1483 3653 eigentlich

1530 3625 1579 3685 sein
1609 3625 1722 3685 Schloß
1757 3625 1855 3685 führt.
1880 3625 1958 3685 Aber
1989 3626 2028 3686 sie
2058 3625 2121 3685 war
2147 3625 2195 3685 nie
2220 3625 2441 3685 mißbrauchter

553 3638 630 3698 nicht
663 3639 722 3699 auf
764 3637 1081 3697 unstandesgemäßen
1132 3638 1283 3698 Abwegen
1339 3637 1481 3697 ertappen

1525 3667 1569 3727 als
1599 3670 1623 3730 in
1654 3670 1702 3730 der
1733 3670 1994 3730 „Anatol“-Zeit,
2015 3670 2054 3730 wo
2084 3668 2118 3728 sie
2149 3669 2188 3729 die
2213 3670 2444 3730 Junggesellen¬

554 3684 644 3744 lassen
685 3679 832 3739 dürfen),
858 3682 943 3742 wenn
979 3682 1045 3742 ihre
1081 3682 1232 3742 Freundin
1274 3682 1375 3742 Mizzi
1406 3684 1491 3744 hieß,

1532 3713 1624 3773 stuben
1667 3712 1722 3772 des
1760 3712 1927 3772 sterbenden
1975 3712 2100 3772 Wiener
2138 3714 2347 3774 Bürgertums
2390 3711 2445 3771 mit

560 3724 614 3784 aus
647 3724 779 3784 Hernals
811 3723 879 3783 oder
907 3723 1116 3783 Liebhartstal
1144 3723 1207 3783 war
1235 3726 1290 3786 und
1322 3725 1367 3785 die
1391 3723 1481 3783 harbe

1528 3756 1575 3816 dem
1624 3756 1705 3816 Duft
1729 3756 1810 3816 ihrer
1839 3756 2117 3816 Volkstümlichkeit
2146 3756 2400 3816 durchräucherte.

561 3767 700 3827 Sprache
733 3765 789 3825 der
823 3768 939 3828 enteren
977 3766 1103 3826 Gründ'
1137 3769 1248 3829 sprach.
1277 3768 1328 3828 So
1361 3768 1482 3828 spielten

1570 3807 1634 3867 Das
1669 3810 1737 3870 süße
1768 3810 1880 3870 Mädel
1910 3810 1964 3870 von
1999 3808 2087 3868 Anno
2117 3809 2265 3869 dazumal
2290 3809 2368 3869 wär'
2398 3807 2437 3867 ein

558 3812 597 3872 sie
627 3811 779 3871 einerseits
815 3810 858 3870 die
889 3810 1145 3870 widerspenstigen
1180 3810 1308 3870 Söhne,
1333 3810 1377 3870 die
1407 3809 1470 3869 Ent

1525 3853 1732 3913 herzinniges,
1757 3852 1870 3912 liebes,
1900 3853 2092 3913 himmlisches
2127 3855 2279 3915 Geschöpf
2309 3852 2437 3912 gewesen

562 3852 656 3912 decker
684 3855 734 3915 des
766 3853 951 3913 Realismus
984 3855 1038 3915 und
1070 3855 1124 3915 auf
1148 3855 1197 3915 der
1225 3855 1351 3915 anderen
1388 3853 1492 3913 Seite,

562 3897 622 3957 frei
646 3897 716 3957 nach
745 3897 795 3957 den
829 3897 926 3957 alten,
950 3897 1090 3957 beliebten
1123 3898 1482 3958 Fortsetzungsromanen

1587 3897 1689 3957 müßte
1718 3897 1778 3957 man
1812 3897 1858 3957 sich
1892 3897 1933 3957 als
1962 3897 2042 3957 ihren
2075 3897 2210 3957 Partner
2239 3897 2314 3957 nicht
2338 3897 2445 3957 immer

563 3943 619 4003 aus
654 3941 704 4001 dem
755 3943 970 4003 „Extrablatt“
1004 3941 1054 4001 den
1089 3943 1195 4003 Kaiser
1224 3943 1360 4003 Joseph,
1383 3944 1472 4004 dessen
1530 3942 1585 4002 das
1614 3941 1687 4001 süße
1716 3941 1840 4001 Buberl
1863 3942 2037 4002 vorstellen:
2066 3942 2117 4002 den
2152 3941 2354 4001 vertändelten
2383 3942 2444 4002 In¬
