3392 4384
559 202 671 262 Alskog
719 199 731 259 —
785 200 838 260 hur
866 198 938 258 rt
959 198 1085 258 kngar

535 247 583 307 net
632 246 697 306 mot
743 243 918 303 orginalets
947 240 1118 300 ”Liebelei”
1151 238 1163 298 —
1221 237 1269 297 som

536 291 632 351 första
688 288 809 348 gängen
848 285 1024 345 uppfördes
1062 283 1108 343 för
1142 282 1285 342 närmare

538 333 634 393 fyrtio
664 331 697 391 år
722 330 831 390 sedan,
857 330 932 390 hade
958 327 1012 387 han
1046 327 1159 387 fångat
1185 325 1281 385 denna

545 375 669 435 wienska
698 375 851 435 stämning
880 372 916 432 av
941 369 1090 429 lättsinne
1115 368 1167 428 och
1199 365 1284 425 svär-

536 419 624 479 mod.
666 416 771 476 Genom
843 416 906 476 hela
940 413 1015 473 hans
1049 410 1280 470 författarskap

535 463 641 523 ljuder
669 458 767 518 genom
810 457 877 517 ären
913 456 1007 516 denna
1039 455 1085 515 ton
1117 453 1168 513 och
1204 452 1278 512 ännu

535 506 547 566 i
576 504 651 564 hans
681 503 755 563 sista
789 498 968 558 skádespel,
1014 497 1064 557 det
1114 494 1280 554 intagande

535 544 656 604 stycket
683 542 732 602 "Im
773 542 867 602 Spiel
890 539 943 599 der
966 536 1194 596 Sommerlüfte
1240 533 1293 593 hör

538 593 599 653 man
637 590 690 650 den
727 589 801 649 eka.
851 588 912 648 Den
950 585 1073 645 klingar
1106 581 1287 641 visserligen

540 634 596 694 där
625 631 838 691 genomandad
871 628 907 688 av
936 627 1000 687 fint
1029 625 1153 685 vemod,
1174 623 1271 683 liksom

539 676 601 736 hela
639 675 764 735 stycket
794 670 914 730 formar
944 671 990 731 sig
1024 670 1077 730 till
1103 667 1148 727 ett
1182 665 1290 725 farvül

541 719 590 779 till
613 718 643 778 en
676 718 936 778 diktargärning.
982 713 1040 773 För
1072 712 1144 772 sista
1171 712 1292 772 gängen

541 763 657 823 skymta
714 760 770 820 där
805 762 839 822 på
879 758 948 818 nytt
979 754 1056 814 hans
1087 753 1294 813 älsklingsge-

540 805 664 865 stalter,
705 803 788 863 först
821 802 869 862 och
900 799 958 859 sist
985 799 1047 859 Das
1079 799 1163 859 süsse
1195 797 1297 857 Mädl,

551 846 756 906 Wienflickan
787 843 925 903 framför
952 842 1010 902 alla
1037 840 1152 900 andra.

585 900 653 960 Lika
704 897 846 957 nälvasst
875 895 957 955 klart
985 894 1035 954 och
1068 894 1145 954 ändä
1178 891 1293 951 lyriskt

538 945 638 1005 mjukt
668 942 718 1002 som
761 941 820 1001 han
854 939 967 999 fängat
997 936 1052 996 den
1086 936 1166 996 unga
1200 935 1292 995 wien¬

540 987 629 1047 skans
654 984 768 1044 gestalt
793 984 850 1044 har
875 983 928 1043 han
957 980 1046 1040 ocksà
1075 978 1202 1038 tecknat
1222 975 1291 1035 wie-

540 1029 652 1089 naren,
692 1028 795 1088 finast
826 1023 1087 1083 utkristalliserad
1122 1023 1134 1083 i
1161 1021 1295 1081 Anatol-

544 1073 656 1133 typen,
678 1070 730 1130 den
765 1069 847 1129 unge
878 1067 1103 1127 livsnjutaren,
1129 1064 1289 1124 lättsinnig

546 1113 596 1173 och
626 1112 826 1172 melankolisk
860 1109 931 1169 även
961 1109 1036 1169 han.
1079 1109 1179 1169 Kring
1208 1106 1292 1166 dessa

545 1157 590 1217 två
620 1157 850 1217 huvudfigurer
875 1151 887 1211 i
909 1151 984 1211 hans
1009 1151 1072 1211 rika
1102 1148 1289 1208 produktion

545 1199 683 1259 ständigt
710 1199 761 1259 och
793 1196 922 1256 levande
953 1193 1130 1253 varierade,
1152 1192 1295 1252 gruppe¬

541 1242 591 1302 rar
617 1244 659 1304 sig
693 1242 739 1302 ett
765 1241 875 1301 myller
905 1236 938 1296 av
972 1238 1104 1298 wienska
1138 1235 1302 1295 gestalter.

546 1285 719 1345 Schnitzler
768 1282 826 1342 var
875 1281 924 1341 son
960 1279 1013 1339 till
1040 1279 1067 1339 en
1107 1279 1209 1339 läkare
1240 1276 1289 1336 och

543 1328 600 1388 slog
636 1329 716 1389 själv
748 1327 774 1387 in
810 1329 845 1389 pä
881 1324 1072 1384 läkarbanan
1109 1324 1197 1384 innan
1233 1321 1286 1381 han

547 1373 611 1433 blev
643 1372 840 1432 författare;
868 1369 918 1429 det
946 1366 982 1426 är
1011 1366 1102 1426 alltsä
1134 1365 1299 1425 knappast

551 1414 744 1474 förvänande
769 1414 815 1474 att
841 1411 967 1471 läkaren
1001 1409 1131 1469 kommit
1157 1408 1206 1468 att
1228 1405 1299 1465 spe-

558 1461 575 1521 la
603 1459 634 1519 en
667 1456 904 1516 framträdande
932 1454 991 1514 roll
1009 1453 1022 1513 i
1046 1453 1118 1513 hans
1147 1450 1305 1510 diktning.

560 1500 728 1560 Professor
755 1497 944 1557 Bernhardi'
963 1494 993 1554 ür
1020 1494 1068 1554 det
1082 1494 1214 1554 centrala
1237 1492 1303 1552 ver¬

557 1546 604 1606 ket
629 1545 638 1605 i
662 1545 709 1605 det
734 1542 920 1602 avseendet;
935 1540 1011 1600 jude
1036 1537 1088 1597 till
1107 1538 1217 1598 börden
1246 1536 1298 1596 har

552 1590 607 1650 han
650 1588 705 1648 här
738 1587 812 1647 även
855 1587 962 1647 mängt
995 1584 1022 1644 in
1060 1581 1246 1641 judefrägan
1289 1584 1302 1644 i

547 1632 699 1692 dramat.

600 1683 660 1743 Men
718 1680 803 1740 först
846 1677 897 1737 och
935 1677 991 1737 sist
1021 1676 1095 1736 äger
1129 1674 1303 1734 Schnitzler

551 1725 602 1785 den
654 1724 735 1784 store
788 1721 1015 1781 dramatikerns
1063 1718 1205 1778 förmäga
1257 1718 1303 1778 att

551 1769 641 1829 skapa
672 1766 853 1826 människor
879 1761 892 1821 —
944 1761 1039 1821 vilket
1065 1760 1151 1820 ocksä
1182 1760 1302 1820 förkla-

548 1812 599 1872 rar
630 1811 677 1871 den
713 1810 825 1870 snabba
856 1807 1106 1867 internationella
1137 1806 1297 1866 framgäng

554 1856 625 1916 hans
655 1855 806 1915 dramatik
841 1853 938 1913 vann.
980 1850 1085 1910 Under
1115 1847 1157 1907 ett
1187 1845 1309 1905 kvarts¬

551 1898 632 1958 sekel
658 1898 711 1958 var
740 1897 793 1957 han
827 1896 860 1956 en
893 1896 925 1956 av
959 1892 1103 1952 världens
1132 1892 1211 1952 mest
1240 1888 1313 1948 spe¬

563 1942 621 2002 lade
651 1942 838 2002 dramatiker
864 1938 876 1998 —
926 1937 997 1997 även
1027 1936 1080 1996 här
1106 1933 1222 1993 hemma
1252 1933 1306 1993 har

558 1986 609 2046 han
648 1984 759 2044 vunnit
785 1984 820 2044 en
855 1982 901 2042 rad
941 1979 1113 2039 betydande
1143 1978 1306 2038 framgän¬

559 2032 631 2092 gar.
670 2026 828 2086 ”Alskog”
862 2023 928 2083 blev
963 2023 1058 2083 tidigt
1087 2022 1116 2082 en
1150 2020 1255 2080 succès
1294 2021 1308 2081 i

556 2073 751 2133 Stockholm,
778 2071 828 2131 och
863 2068 969 2128 vidare
999 2068 1058 2128 kan
1093 2066 1161 2126 man
1199 2065 1310 2125 nämna

561 2118 805 2178 Anntolcykeln,
848 2112 1036 2172 "Professor
1098 2110 1314 2170 Bernhardi",

564 2159 681 2219 "Gröna
709 2160 910 2220 papegojan”
942 2154 992 2214 och
1019 2152 1101 2212 ”Den
1134 2154 1215 2214 stora
1248 2152 1311 2212 sco-

557 2206 654 2266 nen”.
695 2205 712 2265 I
739 2202 792 2262 den
828 2199 1018 2259 sistnämnda
1050 2196 1138 2256 berör
1170 2194 1311 2254 Schnitz-

563 2249 601 2309 ler
632 2247 675 2307 ett
701 2245 735 2305 av
766 2244 830 2304 sina
861 2241 1154 2301 älsklingsämnen:
1180 2238 1314 2298 teatern,

559 2292 607 2352 som
648 2292 701 2352 han
733 2291 853 2351 ägnade
880 2286 947 2346 hela
974 2286 1032 2346 sitt
1055 2286 1107 2346 liv.
1149 2284 1313 2344 Skarpare

556 2335 605 2395 och
632 2335 712 2395 mera
740 2334 775 2394 på
807 2334 834 2394 en
865 2334 941 2394 gäng
973 2328 1152 2388 förstäende
1179 2328 1229 2388 och
1260 2328 1313 2388 än¬

565 2378 595 2438 dä
622 2377 857 2437 obarmhärtigt
879 2375 932 2435 har
959 2375 1118 2435 knappast
1145 2372 1243 2432 nägon
1270 2371 1304 2431 nu

563 2423 687 2483 levande
719 2419 909 2479 dramatiker
936 2418 1015 2478 givit
1042 2417 1095 2477 den
1131 2417 1210 2477 store
1242 2416 1312 2476 skå¬

564 2466 763 2526 despelarens
794 2463 906 2523 psyke.

606 2519 799 2579 Schnitzler,
839 2518 888 2578 som
943 2516 1037 2576 tidigt
1067 2515 1240 2575 tillägnade
1271 2514 1310 2574 sig

564 2567 594 2627 en
633 2564 809 2624 bländande
844 2561 960 2621 scenisk
999 2561 1119 2621 teknik,
1150 2558 1222 2618 vars
1266 2557 1317 2617 ur¬

569 2609 677 2669 sprung
715 2607 769 2667 var
799 2605 941 2665 franskt,
970 2602 1020 2662 var
1054 2602 1125 2662 även
1163 2599 1192 2659 en
1230 2599 1313 2659 upp¬

563 2653 654 2713 buren
688 2647 971 2707 romanförfattare
1000 2647 1050 2707 och
1080 2644 1246 2704 novellist;
1267 2644 1308 2704 sin

566 2695 678 2755 största
708 2695 773 2755 roll
795 2692 924 2752 spelade
955 2692 1010 2752 han
1045 2689 1114 2749 dock
1149 2688 1200 2748 som
1248 2685 1321 2745 dra¬

566 2740 722 2800 matiker.

611 2795 667 2855 När
715 2794 780 2854 man
823 2791 983 2851 använder
1017 2785 1314 2845 imperfektformen

574 2835 760 2895 "spelade”,
787 2833 897 2893 knyter
938 2833 982 2893 sig
1018 2832 1110 2892 denna
1146 2829 1217 2889 dock
1253 2829 1314 2889 inte

565 2879 667 2939 direkt
716 2879 769 2939 till
814 2877 890 2937 hans
926 2876 962 2936 nu
998 2874 1113 2934 timade
1154 2874 1322 2934 bortgäng.

575 2925 629 2985 För
657 2922 830 2982 Schnitzler
858 2919 985 2979 innebar
1013 2918 1236 2978 världskriget,
1255 2916 1300 2976 som

568 2967 714 3027 skövlade
747 2966 824 3026 hans
857 2964 966 3024 Wien,
989 2961 1076 3021 ocksä
1113 2960 1127 3020 i
1155 2960 1218 3020 viss
1251 2961 1315 3021 män

568 3012 641 3072 hans
688 3009 950 3069 författarskaps
997 3006 1213 3066 ödeläggelse.
1264 3003 1328 3063 Det

582 3054 676 3114 Wien,
700 3054 754 3114 han
782 3051 927 3111 älskade,
945 3050 1136 3110 utplänades
1160 3047 1214 3107 och
1251 3044 1318 3104 blev

571 3101 642 3161 bara
669 3098 699 3158 en
735 3098 855 3158 skugga
887 3095 917 3155 av
949 3095 989 3155 sig
1020 3095 1100 3155 sjülv
1132 3090 1144 3150 —
1194 3091 1242 3151 och
1278 3089 1327 3149 ef¬

571 3143 616 3203 ter
644 3143 694 3203 det
722 3141 805 3201 stora
842 3139 947 3199 kriget
971 3137 1030 3197 har
1059 3134 1237 3194 Schnitzler
1266 3133 1329 3193 hel¬

573 3188 613 3248 ler
664 3185 763 3245 aldrig
809 3183 914 3243 spelat
946 3180 1041 3240 nägon
1078 3178 1319 3238 framträdande

570 3232 644 3292 roll.
678 3231 776 3291 Hans
800 3227 978 3287 inställning
1012 3224 1063 3284 till
1082 3224 1260 3284 problemen
1289 3224 1326 3284 är

580 3274 743 3334 förkrigisk
779 3271 832 3331 och
867 3270 924 3330 hos
956 3266 1009 3326 den
1044 3268 1101 3328 nya
1146 3265 1331 3325 generatio¬

572 3319 647 3379 nen,
674 3316 722 3376 som
772 3313 820 3373 ser
851 3312 913 3372 med
949 3310 1046 3370 andra
1078 3310 1152 3370 ögon
1193 3309 1228 3369 på
1264 3307 1330 3367 till¬

581 3361 688 3421 varon,
706 3361 763 3421 har
790 3358 865 3418 hans
893 3354 959 3414 verk
990 3353 1101 3413 vunnit
1124 3352 1194 3412 föga
1221 3352 1332 3412 gehör.

576 3403 662 3463 Hans
696 3402 778 3462 värld
812 3400 878 3460 gick
913 3400 922 3460 i
946 3398 1071 3458 stycken
1110 3395 1172 3455 med
1207 3394 1326 3454 världs-

581 3446 797 3506 katastrofen;
823 3444 887 3504 men
922 3442 1017 3502 några
1048 3442 1082 3502 av
1113 3439 1190 3499 hans
1221 3437 1333 3497 skäde-

581 3493 643 3553 spel
670 3489 723 3549 äro
760 3487 830 3547 dock
866 3486 897 3546 sä
929 3484 1000 3544 äkta
1036 3483 1084 3543 och
1120 3480 1249 3540 levande
1281 3480 1329 3540 att

579 3536 642 3596 man
688 3531 783 3591 vågar
824 3530 869 3590 tro
897 3528 946 3588 att
975 3528 1024 3588 den
1061 3526 1251 3586 likgiltighet
1288 3522 1324 3582 de

574 3579 608 3639 nu
643 3577 717 3637 röna
747 3575 781 3635 är
813 3573 847 3633 av
878 3572 1069 3632 övergäende
1099 3570 1212 3630 natur.
1256 3567 1325 3627 Men

577 3621 640 3681 üven
671 3621 707 3681 om
747 3620 774 3680 sä
806 3618 873 3678 icke
896 3617 998 3677 skulle
1021 3615 1092 3675 ske,
1111 3614 1146 3674 är
1173 3612 1227 3672 det
1250 3612 1321 3672 dock

580 3666 655 3726 stort
677 3663 726 3723 att
753 3663 850 3723 under
877 3662 916 3722 ett
939 3660 1032 3720 längt
1054 3658 1094 3718 liv
1121 3657 1156 3717 ha
1187 3657 1266 3717 varit
1294 3655 1320 3715 en

586 3707 875 3767 förgrundsgestalt
903 3705 916 3765 i
944 3701 1067 3761 diktens
1100 3701 1182 3761 rike,
1210 3701 1256 3761 att
1298 3701 1334 3761 ha

585 3754 694 3814 tjusat,
718 3750 864 3810 fängslat
891 3746 941 3806 och
979 3746 1102 3806 berikat
1130 3743 1170 3803 sin
1207 3743 1340 3803 samtid.

583 3798 624 3858 En
652 3797 769 3857 grånad
797 3792 852 3852 och
879 3791 924 3851 vis
948 3789 1157 3849 diktarfurste
1185 3788 1240 3848 har
1263 3788 1331 3848 gâtt

582 3842 617 3902 ur
668 3839 772 3899 tiden,
805 3839 837 3899 en
874 3836 1014 3896 förfinad
1056 3833 1106 3893 och
1143 3831 1343 3891 förstäende,

579 3884 729 3944 kvickögd
775 3881 830 3941 och
877 3878 1036 3938 maliciöst
1078 3875 1192 3935 ironisk
1230 3875 1339 3935 skald,

584 3928 654 3988 vars
684 3925 788 3985 varma
826 3922 930 3982 hjärta
964 3921 1034 3981 dock
1072 3916 1151 3976 trots
1181 3918 1226 3978 all
1256 3916 1330 3976 hans

587 3971 699 4031 skepsis
729 3970 816 4030 alltid
847 3967 901 4027 kom
943 3964 1039 4024 honom
1085 3961 1131 4021 att
1157 3961 1278 4021 innerst
1303 3961 1332 4021 se

587 4015 653 4075 milt
680 4014 733 4074 och
769 4011 954 4071 förstäende
991 4007 1026 4067 på
1061 4006 1114 4066 den
1155 4005 1243 4065 jord,
1270 4003 1318 4063 som

586 4057 762 4117 Shakspere
816 4054 918 4114 kallat
958 4051 1076 4111 "denna
1108 4052 1192 4112 stora
1228 4048 1338 4108 skäde-

588 4104 671 4164 plats
700 4102 753 4162 för
778 4099 929 4159 narrar”.

1128 4137 1175 4197 G.
1191 4135 1301 4195 V—n.

1898 223 2116 283 Ausschnitt
2141 234 2228 294 aus:

1914 476 2182 536 Göteborgs
2222 461 2413 521 Morgon
2452 448 2573 508 Post

1962 912 2172 972 Artaur
2224 913 2609 973 Sehaitzier

2206 1088 2341 1148 doa.

1953 1989 2057 2049 WIEN
2094 1990 2149 2050 den
2174 1990 2211 2050 21
2236 1990 2310 2050 okt.
2354 1993 2414 2053 (T.
2434 1993 2488 2053 T.)
2532 1993 2654 2053 Arthur

1916 2041 2092 2101 Schnitzler
2126 2041 2214 2101 avled
2253 2041 2313 2101 här
2353 2041 2396 2101 vid
2436 2044 2574 2104 sjutiden
2613 2044 2651 2104 pä

1920 2092 2218 2152 onsdagsaftonen.
2276 2092 2343 2152 När
2377 2092 2579 2152 författaren
2623 2095 2656 2155 pä

1914 2142 2165 2202 eftermiddagen
2199 2140 2375 2200 ätervände
2409 2143 2483 2203 från
2516 2143 2548 2203 en
2581 2144 2660 2204 pro¬

1917 2190 2043 2250 menad,
2084 2190 2265 2250 drabbades
2312 2190 2372 2250 han
2407 2190 2448 2250 av
2479 2193 2665 2253 slaganfall

1915 2242 1966 2302 och
1999 2241 2087 2301 avled
2115 2241 2189 2301 utan
2218 2241 2269 2301 att
2293 2241 2329 2301 ha
2362 2241 2506 2301 äterfått
2530 2241 2655 2301 medve-

1915 2289 2039 2349 tandet.
2088 2292 2269 2352 Schnitzler
2294 2292 2398 2352 skulle
2428 2292 2441 2352 i
2466 2292 2532 2352 maj
2557 2292 2652 2352 nästa

1916 2343 1951 2403 är
1973 2341 2015 2401 ha
2037 2343 2129 2403 blivit
2151 2343 2186 2403 70
2216 2343 2251 2403 år
2273 2343 2429 2403 gammal.

1961 2441 2084 2501 Arthur
2134 2441 2319 2501 Schnitzler
2376 2441 2430 2501 var
2463 2441 2517 2501 son
2549 2441 2604 2501 till
2623 2441 2659 2501 en

1911 2492 1994 2552 känd
2044 2492 2162 2552 läkare
2207 2492 2221 2552 i
2246 2492 2329 2552 Wien
2364 2490 2418 2550 och
2448 2490 2517 2550 blev
2547 2490 2601 2550 till
2621 2492 2655 2552 en

1917 2543 2030 2603 början
2060 2540 2143 2600 själv
2169 2540 2281 2600 läkare
2306 2540 2316 2600 i
2341 2543 2444 2603 denna
2474 2543 2567 2603 stad,
2587 2541 2660 2601 vars

1921 2591 1994 2651 lätta
2037 2590 2169 2650 tyskhet
2202 2590 2217 2650 i
2249 2590 2382 2650 mycket
2409 2593 2546 2653 präglat
2578 2591 2657 2651 hans

1918 2641 2185 2701 författarskap.
2251 2641 2357 2701 Sedan
2398 2641 2458 2701 han
2494 2641 2559 2701 med
2600 2641 2665 2701 sitt

1916 2692 2091 2752 skådespel
2123 2692 2241 2752 Alskog
2278 2692 2381 2752 slagit
2407 2692 2521 2752 igenom
2568 2692 2660 2752 längt

1917 2740 2051 2800 utanför
2075 2741 2133 2801 sitt
2158 2740 2321 2800 hemlands
2345 2740 2504 2800 gränser,
2519 2743 2576 2803 har
2600 2740 2657 2800 han

1920 2791 2124 2851 uteslutande
2153 2791 2241 2851 varit
2265 2791 2470 2851 författaren
2503 2789 2559 2849 och
2592 2791 2647 2851 som

1921 2839 2016 2899 sådan
2052 2841 2229 2901 ådagalagt
2255 2841 2326 2901 stor
2351 2841 2604 2901 produktivitet.

1961 2889 2065 2949 Sedan
2105 2889 2199 2949 1895,
2227 2889 2265 2949 dä
2299 2889 2382 2949 hans
2416 2889 2560 2949 Liebelei
2594 2888 2665 2948 (Al-

1911 2941 2014 3001 skog)
2044 2940 2227 3000 uppfördes
2252 2940 2266 3000 i
2286 2940 2498 3000 Stockholm,
2518 2942 2552 3002 ha
2587 2940 2656 3000 verk

1911 2991 1951 3051 av
1979 2991 2060 3051 hans
2092 2991 2256 3051 eleganta,
2279 2991 2420 3051 sensibla
2452 2991 2506 3051 och
2538 2990 2660 3050 tempe¬

1920 3041 2144 3101 ramentsfulla
2172 3041 2274 3101 penna
2303 3041 2373 3101 ofta
2401 3041 2462 3101 nog
2491 3041 2560 3101 gätt
2589 3041 2663 3101 över

1919 3091 1967 3151 den
1999 3090 2135 3150 svenska
2163 3089 2300 3149 scenen.
2340 3089 2406 3149 För
2428 3092 2481 3152 att
2504 3091 2578 3151 bara
2610 3089 2662 3149 yt-

1916 3140 2066 3200 terligare
2097 3140 2212 3200 nämna
2247 3140 2348 3200 nägra
2380 3140 2520 3200 svenska
2556 3140 2666 3200 dram-

1917 3191 2027 3251 titlar:
2062 3191 2201 3251 Anatol,
2230 3191 2446 3251 Paracelsus,
2481 3191 2524 3251 Pä
2563 3191 2663 3251 gröna

1921 3242 2123 3302 papegojan,
2152 3242 2267 3302 Damen
2307 3241 2373 3301 med
2412 3239 2546 3299 dolken,
2576 3239 2662 3299 Sista

1920 3289 2144 3349 maskeraden,
2174 3289 2379 3349 Släktingar,
2403 3289 2661 3349 tragikomedien

1920 3340 1978 3400 Det
2011 3340 2078 3400 vida
2116 3340 2228 3400 landet
2261 3337 2315 3397 och
2352 3337 2533 3397 Professor
2566 3337 2665 3397 Bern¬

1916 3391 2023 3451 hardi,
2041 3389 2138 3449 jämte
2166 3388 2245 3448 ännu
2273 3388 2321 3448 ett
2344 3388 2401 3448 par
2424 3388 2579 3448 stycken,
2598 3388 2650 3448 som

1920 3439 1983 3499 ofta
2024 3439 2088 3499 med
2125 3439 2298 3499 framgång
2335 3439 2435 3499 givits
2468 3438 2508 3498 på
2545 3436 2659 3496 svensk

1911 3488 2008 3548 scen.
2051 3486 2386 3546 Göteborgspubliken
2419 3486 2475 3546 har
2503 3486 2582 3546 haft
2606 3486 2661 3546 fle¬

1917 3540 1943 3600 ra
1985 3538 2185 3598 oförgätliga
2222 3537 2326 3597 möten
2368 3537 2431 3597 med
2473 3537 2573 3597 honom
2623 3536 2659 3596 pä

1922 3588 2290 3648 Lorensbergsteatern.

1959 3639 2059 3699 Bland
2093 3638 2294 3698 Schnitzlers
2329 3636 2395 3696 ofta
2429 3636 2443 3696 i
2468 3636 2649 3696 dialogform

1919 3689 2043 3749 skrivna
2079 3686 2221 3746 noveller
2253 3686 2346 3746 torde
2378 3684 2413 3744 de
2444 3686 2529 3746 mest
2556 3684 2662 3744 kända

1923 3737 1990 3797 vara
2027 3737 2299 3797 Drämmerseelen
2331 3735 2389 3795 och
2422 3735 2485 3795 Der
2513 3734 2580 3794 Weg
2612 3734 2662 3794 ins

1918 3785 2008 3845 Freie
2034 3788 2159 3848 (Vägen
2185 3788 2220 3848 ut
2241 3787 2291 3847 till
2306 3785 2417 3845 livet).
2448 3785 2553 3845 Genom
2594 3782 2664 3842 dia¬

1921 3836 2070 3896 logserien
2109 3837 2220 3897 Reigen
2258 3836 2371 3896 gjorde
2404 3836 2464 3896 han
2498 3834 2549 3894 för
2582 3833 2661 3893 sista

1917 3887 2032 3947 gängen
2063 3887 2121 3947 sitt
2144 3887 2232 3947 namn
2259 3886 2401 3946 aktuellt
2420 3884 2495 3944 över
2522 3884 2668 3944 världen.

1926 3936 1981 3996 Till
2010 3937 2108 3997 denna
2146 3935 2229 3995 serie
2263 3934 2407 3994 anknöts
2440 3933 2472 3993 en
2510 3933 2660 3993 vidlyftig

1922 3985 2284 4045 sedlighetsdiskussion
2317 3985 2331 4045 i
2356 3984 2487 4044 pressen
2525 3982 2581 4042 och
2619 3982 2666 4042 vid

1917 4036 1953 4096 de
1981 4036 2077 4096 tyska
2106 4036 2349 4096 domstolarna.

1964 4084 2121 4144 Realism,
2156 4084 2263 4144 ibland
2308 4084 2386 4144 över
2421 4083 2479 4143 alla
2514 4081 2670 4141 gränser,

1921 4135 1969 4195 som
2008 4134 2190 4194 intelligent
2214 4134 2271 4194 och
2301 4131 2377 4191 även
2407 4131 2541 4191 lyriskt,
2561 4131 2666 4191 stäm-

1923 4185 2095 4245 ningsfullt
2128 4182 2265 4242 mildras
2301 4182 2361 4242 och
2402 4181 2589 4241 nyanceras
2626 4178 2666 4238 av

1920 4236 1948 4296 en
2001 4234 2068 4294 dels
2116 4236 2308 4296 lättsinnig,
2342 4233 2408 4293 dels
2447 4230 2653 4290 melankolisk
