3344 4352
203 311 280 371 2.

357 313 934 373 Schnitzler's
992 317 1228 377 Death

1460 318 1589 378 box
1663 323 1905 383 43/19

1204 667 1374 727 Kans
1445 664 1855 724 EVI,N.45

665 695 736 755 ﻿684

1298 745 1520 805 Ailano
1603 737 1632 797 8
1695 748 2020 808 Norenige
2082 752 2295 812 1931.

1614 843 1639 903 la
1686 846 1835 906 signora
1877 850 1979 910 Anna
2021 852 2201 912 Sacher),
2233 854 2289 914 gli
2320 852 2505 912 ambienti
2542 852 2583 912 di

1614 894 1703 954 lusso
1734 892 1749 952 e
1780 894 1815 954 di
1831 897 1961 957 bobème
1992 900 2052 960 nei
2078 903 2183 963 quali
2204 901 2234 961 la
2265 900 2370 960 dolce
2406 901 2577 961 biondina

1179 933 1489 993 NRERIIESE.

1609 945 1879 1005 troneggiava,
1911 950 2108 1010 fornivano
2141 950 2181 1010 al
2210 950 2365 1010 giovane
2403 950 2544 1010 Arturo

1614 991 1669 1051 sog
1805 995 1866 1055 che
1895 995 1922 1055 il
1946 998 2085 1058 salotto
2119 998 2277 1058 paterno
2311 998 2376 1058 per
2400 998 2483 1058 caso
2512 1001 2577 1061 non

1612 1040 1703 1100 fosse
1741 1043 1891 1103 riuscito
1929 1046 1965 1106 ad
2002 1049 2231 1109 accogliere.

1709 1091 1779 1151 tipi
1805 1094 1845 1154 di
1866 1096 2078 1156 Schnitzler
2109 1097 2376 1157 costituiscono
2413 1097 2442 1157 la
2483 1099 2584 1159 com¬

1609 1139 1804 1199 binazione
1831 1143 1925 1203 delle
1947 1147 2110 1207 qualità,
2127 1147 2353 1207 degl'istinti
2375 1146 2448 1206 (dei
2470 1147 2580 1207 buoni

931 1167 1197 1227 SCIINITZLER

1614 1189 1707 1249 come
1742 1189 1806 1249 dei
1831 1194 1954 1254 turpi)
1974 1195 2013 1255 da
2043 1195 2097 1255 lui
2122 1195 2269 1255 portati
2289 1195 2358 1255 alla
2388 1195 2467 1255 luce
2492 1196 2579 1256 ana¬

1614 1237 1842 1297 tomizzando
1876 1242 1931 1302 gli
1950 1243 2076 1303 esseri
2095 1245 2127 1305 in
2161 1244 2282 1304 mezzo
2324 1243 2361 1303 ai
2394 1246 2506 1306 quali
2530 1245 2581 1305 vi¬

631 1243 922 1303 Quell'Austria
970 1244 1001 1304 la
1049 1245 1112 1305 cui
1145 1246 1218 1306 sine
1266 1249 1430 1309 coincide
1484 1250 1541 1310 con

1613 1285 1719 1345 veva,
1746 1291 1913 1351 godendo
1948 1291 1960 1351 e
1995 1294 2226 1354 osservando
2257 1294 2424 1354 sempre,
2442 1295 2578 1355 mesco¬

577 1291 712 1351 l'inizio
746 1293 992 1353 dell'odierno
1026 1297 1228 1357 malessere
1263 1297 1426 1357 europeo
1461 1300 1552 1360 ebbe

1612 1337 1760 1397 landosi
1784 1339 1849 1399 con
1883 1342 1975 1402 tutti
2004 1343 2017 1403 e
2050 1343 2237 1403 unendosi
2256 1343 2316 1403 con
2350 1343 2480 1403 pochi.
2504 1343 2559 1403 Ne

574 1339 627 1399 tre
666 1342 950 1402 caratteristici
979 1344 1090 1404 poeti
1115 1344 1143 1404 in
1182 1345 1292 1405 Peter
1327 1349 1557 1409 Altenberg,

1616 1385 1716 1445 1901,
1745 1387 1760 1447 a
1799 1389 1932 1449 motivo
1962 1392 2062 1452 della
2096 1392 2239 1452 novella
2278 1392 2456 1452 Leulnant
2480 1392 2585 1452 Guoll

577 1389 687 1449 Hugo
713 1389 773 1449 von
804 1393 1102 1453 Hofmannstahl
1118 1395 1132 1455 e
1153 1395 1299 1455 Arthur
1320 1398 1557 1458 Schnitzler:

1620 1431 1628 1491 —
1692 1434 1719 1494 in
1770 1439 1950 1499 italiano:
1991 1442 2023 1502 Il
2051 1442 2268 1502 ooltolenente
2304 1442 2490 1502 Guslavino
2527 1443 2585 1503 —,

571 1440 612 1500 ai
636 1440 677 1500 21
711 1443 924 1503 d’ottobre,
939 1443 999 1503 con
1028 1445 1260 1505 Schnitzler,
1279 1446 1293 1506 è
1330 1448 1540 1508 scomparso

1606 1483 1695 1543 dové
1730 1488 1943 1548 rinunziare
1973 1489 2012 1549 al
2038 1489 2156 1549 grado
2182 1491 2221 1551 di
2241 1491 2404 1551 ufficiale
2439 1491 2577 1551 medico

570 1488 735 1548 l'ultimo
777 1491 844 1551 del
876 1493 1103 1553 gruppetto.
1136 1494 1337 1554 Cresciuti
1369 1497 1462 1557 nell'
1473 1497 1550 1557 am¬

1607 1533 1699 1593 della
1726 1536 1893 1596 riserva,
1911 1539 1968 1599 per
1995 1539 2083 1599 aver
2105 1539 2232 1599 seritto
2264 1539 2325 1599 con
2352 1542 2488 1602 troppo
2515 1540 2576 1600 ve¬

577 1539 696 1599 biente
725 1539 764 1599 di
783 1541 1023 1601 disinteresse
1052 1542 1200 1602 politico
1230 1544 1431 1604 formatosi
1451 1547 1541 1607 dopo

1604 1583 1731 1643 rismo.
1759 1584 1891 1644 Mezzo
1924 1587 2070 1647 secolo,
2088 1589 2156 1649 non
2193 1589 2289 1649 tutto
2317 1589 2357 1649 di
2376 1590 2490 1650 gioie,
2504 1590 2568 1650 non

577 1583 581 1643 i
592 1586 748 1646 rovesci
764 1589 921 1649 militari
937 1589 1088 1649 del’66,
1104 1592 1311 1652 Altenberg
1337 1595 1352 1655 e
1377 1595 1549 1655 Schnitz-

1607 1631 1663 1691 era
1691 1634 1845 1694 bastato
1882 1634 1896 1694 a
1929 1637 2106 1697 demolire
2130 1637 2157 1697 in
2186 1638 2339 1698 Austria
2377 1640 2404 1700 lo
2442 1640 2568 1700 spirito

576 1636 624 1696 ler
665 1637 894 1697 descrissero
939 1639 1005 1699 una
1054 1642 1195 1702 Vienna
1240 1643 1358 1703 spinta
1399 1643 1504 1703 verso

1608 1682 1763 1742 militare
1794 1683 1834 1743 di
1860 1685 1985 1745 casta,
2006 1688 2020 1748 e
2056 1689 2111 1749 gli
2142 1688 2278 1748 eretici
2314 1688 2464 1748 banditi
2490 1688 2575 1748 dal¬

569 1686 830 1746 divertimenti
854 1688 867 1748 e
901 1688 1008 1748 verso
1037 1691 1294 1751 l’esaltazione
1327 1692 1420 1752 della
1458 1694 1551 1754 fem¬

1612 1732 1788 1792 l'esercito
1827 1733 1956 1793 furono
1990 1736 2186 1796 parecchi.
2210 1739 2387 1799 Leulnant
2406 1739 2511 1799 (uoll
2535 1739 2568 1799 fu

575 1734 745 1794 minilitá,
776 1736 877 1796 dalla
922 1739 1038 1799 voglia
1079 1739 1119 1799 di
1145 1741 1386 1801 dimenticare
1422 1741 1431 1801 i
1457 1741 1547 1801 pro¬

1604 1780 1786 1840 giudicato
1821 1784 2053 1844 oltraggioso
2078 1784 2141 1844 per
2167 1785 2196 1845 la
2221 1786 2349 1846 casta,
2374 1787 2492 1847 sicché
2527 1788 2566 1848 un

571 1782 681 1842 blemi
711 1786 773 1846 che
808 1785 971 1845 gravano
1006 1788 1068 1848 sui
1093 1789 1237 1849 destini
1261 1791 1329 1851 dei
1358 1792 1507 1852 popoli,
1527 1793 1541 1853 o

1601 1832 1694 1892 giuri
1714 1831 1868 1891 d'onore
1892 1834 1924 1894 fu
1953 1834 2154 1894 incaricato
2183 1836 2220 1896 di
2244 1837 2474 1897 esaminarlo
2503 1837 2516 1897 e
2540 1837 2582 1897 di

570 1834 930 1894 dall’impossibilità
972 1837 1013 1897 di
1034 1837 1261 1897 affrontarli
1292 1840 1307 1900 e
1344 1840 1550 1900 risolverli.

1603 1879 1798 1939 decidere.
1822 1883 2031 1943 Schnitzler
2065 1885 2125 1945 non
2163 1885 2195 1945 si
2224 1885 2424 1945 presentò,
2448 1888 2573 1948 conte¬

571 1882 877 1942 Ioſmannstahl
892 1885 996 1945 sognò
1021 1888 1140 1948 invece
1160 1888 1226 1948 una
1246 1888 1365 1948 nobile
1389 1893 1537 1953 Austria

1601 1930 1726 1990 stando
1760 1931 1794 1991 la
1828 1933 2064 1993 competenza
2098 1936 2353 1996 dell’istanza,
2378 1937 2392 1997 e
2426 1937 2454 1997 il
2479 1938 2580 1998 giuri

567 1933 753 1993 gloriosa.
789 1933 961 1993 Univano
998 1936 1012 1996 i
1043 1936 1098 1996 tre
1140 1936 1281 1996 afsinità
1327 1940 1554 2000 molteplici.

572 1977 587 2037 E
623 1980 685 2040 che
711 1982 782 2042 dire
809 1983 1066 2043 dell’analogia
1092 1986 1143 2046 tra
1175 1986 1200 2046 la
1226 1987 1292 2047 fine
1319 1989 1354 2049 di
1370 1989 1545 2049 Schnitz¬

573 2028 617 2088 ler
658 2030 673 2090 e
719 2031 839 2091 quella
880 2033 919 2093 di
950 2034 1277 2094 ofmannstahl?
1308 2038 1544 2098 Iofmanns¬

564 2077 647 2137 tahl
677 2080 692 2140 è
727 2082 845 2142 morto
885 2082 929 2142 di
959 2085 1215 2145 crepacuore,
1241 2085 1304 2145 nel
1334 2088 1447 2148 luglio
1482 2089 1546 2149 del

573 2129 678 2189 1929,
716 2132 811 2192 sotto
860 2133 1137 2193 l'impressione
1181 2135 1247 2195 del
1281 2137 1433 2197 suicidio
1482 2138 1543 2198 del

568 2177 681 2237 liglio,
716 2180 760 2240 un
810 2180 968 2240 giovane
1013 2182 1219 2242 perdutosi
1250 2185 1314 2245 nel
1349 2189 1541 2249 ginepraio

567 2227 657 2287 della
706 2230 820 2290 realtà
869 2231 1112 2291 quotidiana,
1142 2232 1251 2292 assai
1285 2234 1433 2294 diverso
1477 2237 1543 2297 dai

559 2276 689 2336 mondo
715 2279 871 2339 sognato
902 2279 992 2339 nella
1032 2282 1162 2342 serena
1202 2282 1284 2342 casa
1319 2287 1501 2347 paterna,
1528 2288 1540 2348 e

568 2327 591 2387 la
624 2327 787 2387 paralisi
811 2329 984 2389 cardiaca
1012 2330 1054 2390 ha
1083 2331 1199 2391 ucciso
1232 2334 1344 2394 anche
1373 2335 1545 2395 Schnitz-

569 2375 637 2435 ler,
655 2377 718 2437 per
746 2377 795 2437 tre
823 2377 913 2437 anni
932 2380 1081 2440 rimasto
1109 2380 1135 2440 in
1163 2380 1285 2440 attesa
1318 2383 1380 2443 del
1404 2384 1421 2444 "
1440 2387 1535 2447 suo,

562 2425 768 2485 momento,
792 2428 1013 2488 soffocando
1057 2428 1084 2488 il
1113 2431 1244 2491 dolore
1287 2434 1550 2494 cagionatogli

566 2473 632 2533 dal
674 2476 829 2536 suicidio
876 2477 1004 2537 d’una
1057 2479 1149 2539 figlia
1196 2482 1459 2542 dilettissima.
1491 2485 1537 2545 Se

573 2524 873 2584 Hoſmannstahl
913 2527 1069 2587 giovane
1119 2530 1330 2590 contemplò
1380 2532 1409 2592 la
1458 2531 1541 2591 bef¬

564 2571 668 2631 farda
704 2575 931 2635 Giustiziera
968 2577 1027 2637 con
1060 2579 1350 2639 accoramento,
1369 2583 1541 2643 Schnitz-

561 2622 610 2682 ler
642 2622 681 2682 ha
713 2625 855 2685 sempre
887 2625 922 2685 vi
941 2625 976 2685 to
1007 2626 1100 2686 nella
1128 2628 1248 2688 morte
1280 2628 1293 2688 e
1324 2631 1538 2691 nell'amore

563 2670 572 2730 i
604 2671 672 2731 due
718 2674 795 2734 poli
831 2673 895 2733 dei
922 2675 1013 2735 tetti
1036 2676 1186 2736 umani:
1214 2679 1227 2739 a
1264 2679 1463 2739 conoscere
1500 2682 1527 2742 la

559 2718 614 2778 sua
654 2722 728 2782 vita
764 2724 912 2784 intima,
933 2724 977 2784 di
997 2727 1146 2787 leggeri
1172 2727 1206 2787 si
1231 2728 1325 2788 vede
1356 2729 1420 2789 che
1450 2729 1544 2789 l'in¬

563 2771 799 2831 fluenzarono
843 2774 1145 2834 costantemente
1185 2775 1311 2835 amore
1350 2775 1366 2835 e
1410 2780 1547 2840 morte.

612 2821 921 2881 Iofmannstahl
945 2822 1062 2882 aveva
1100 2824 1193 2884 nelle
1231 2825 1320 2885 vene
1353 2826 1367 2886 —
1419 2827 1447 2887 il
1475 2828 1540 2888 che

557 2867 565 2927 è
597 2870 841 2930 tipicamente
877 2873 1068 2933 austriaco
1108 2870 1121 2930 —
1175 2875 1316 2935 sangue
1357 2876 1396 2936 di
1432 2876 1530 2936 varie

559 2918 683 2978 stirpi,
708 2921 880 2981 l’ebraica
924 2924 1139 2984 compresa.
1164 2924 1278 2984 Peter
1313 2927 1538 2987 Altenberg,

555 2968 687 3028 ebreo,
710 2971 742 3031 in
774 2970 948 3030 gioventù
985 2971 1104 3031 aveva
1136 2974 1305 3034 studiato
1342 2975 1543 3035 medicina,

559 3016 608 3076 ma
645 3017 708 3077 poi
736 3016 767 3076 la
804 3019 976 3079 passione
1009 3019 1104 3079 delle
1136 3022 1272 3082 lettere
1309 3022 1322 3082 e
1359 3023 1386 3083 la
1414 3025 1527 3085 mania

553 3064 589 3124 di
613 3067 854 3127 descrivere,
878 3067 978 3127 sotto
1015 3070 1129 3130 forma
1166 3070 1207 3130 di
1235 3073 1390 3133 schizzi,
1409 3073 1436 3133 la
1473 3073 1536 3133 ro¬

557 3115 711 3175 mantica
758 3115 830 3175 vita
871 3118 1122 3178 vindobonese
1163 3119 1299 3179 furono
1341 3122 1395 3182 più
1441 3123 1536 3183 forti

555 3161 645 3221 della
677 3165 850 3225 passione
876 3166 1074 3226 scientifica
1106 3168 1121 3228 e
1147 3168 1243 3228 dello
1270 3171 1401 3231 spirito
1433 3171 1539 3231 d’ab¬

557 3213 752 3273 negazione
797 3213 858 3273 che
899 3216 1067 3276 avrebbe
1112 3216 1152 3276 da
1197 3219 1357 3279 esistere
1402 3220 1428 3280 in
1477 3221 1539 3281 chi

559 3261 704 3321 intenda
736 3264 979 3324 consacrarsi
997 3266 1068 3326 alla
1095 3267 1183 3327 cura
1210 3269 1271 3329 dei
1294 3270 1382 3330 mali
1405 3270 1541 3330 nostri.

607 3312 750 3372 Arthur
785 3315 1017 3375 Schnitzler,
1042 3318 1096 3378 lui
1126 3318 1215 3378 pure
1250 3319 1383 3379 ebreo,
1408 3321 1530 3381 studiò

548 3359 659 3419 anche
704 3362 761 3422 lui
791 3362 1004 3422 medicina:
1029 3365 1189 3425 siccome
1223 3368 1247 3428 il
1277 3368 1417 3428 padre,
1442 3367 1533 3427 Gio-

2301 3378 2348 3438 A

554 3410 679 3470 vanni,
703 3412 920 3472 professore
964 3413 1031 3473 all'
1047 3416 1263 3476 Università
1302 3416 1345 3476 di
1374 3416 1537 3476 Vienna,

553 3459 608 3519 era
647 3461 683 3521 un
721 3461 955 3521 laringologo
988 3462 1030 3522 di
1059 3464 1209 3524 valore,
1237 3467 1452 3527 laureatosi
1476 3465 1532 3525 in¬

548 3510 722 3570 cominció
760 3509 797 3569 ad
835 3512 1041 3572 esercitare
1071 3514 1099 3574 la
1127 3515 1385 3575 professione.
1405 3516 1470 3576 Fra
1508 3517 1536 3577 il

1592 3518 1823 3578 vendicativo
1858 3520 1911 3580 gli
1932 3522 2094 3582 contestó
2124 3523 2148 3583 il
2168 3523 2296 3583 diritto
2321 3523 2360 3583 di
2380 3526 2552 3586 rivestire

559 3557 640 3617 1886
679 3557 717 3617 ed
751 3559 779 3619 il
809 3560 919 3620 1892,
943 3562 967 3622 il
996 3562 1121 3622 futuro
1160 3565 1366 3625 novelliere
1390 3565 1404 3625 e
1433 3565 1529 3625 com¬

1592 3565 1816 3625 l'uniforme.
1831 3568 1845 3628 “
1865 3570 1898 3630 In
1927 3572 2008 3632 ogni
2023 3574 2137 3634 classe
2157 3574 2290 3634 sociale
2314 3574 2328 3634 —
2367 3577 2496 3637 serisse
2520 3578 2543 3638 in

553 3610 784 3670 mediografo
829 3610 1001 3670 pubblicó
1046 3613 1074 3673 in
1125 3613 1252 3673 riviste
1297 3616 1528 3676 scientifiche

1595 3618 1673 3678 quei
1694 3616 1816 3676 giorni
1831 3621 2031 3681 Schnitzler
2061 3622 2071 3682 a
2101 3623 2139 3683 un
2169 3622 2291 3682 critico
2317 3623 2375 3683 che
2400 3625 2448 3685 gli
2469 3625 2551 3685 rim¬

552 3658 669 3718 studii
693 3658 706 3718 e
739 3659 959 3719 recensioni
983 3661 1019 3721 di
1048 3661 1160 3721 opere
1198 3664 1235 3724 di
1268 3664 1473 3724 medicina:
1502 3665 1534 3725 si

1595 3664 1801 3724 proverava
1826 3667 1960 3727 l'offesa
1989 3671 2075 3731 fatta
2104 3673 2166 3733 alla
2195 3673 2310 3733 Corte
2330 3673 2502 3733 d'onore,

547 3706 683 3766 occupò
719 3709 760 3769 di
786 3710 973 3770 patologia
1009 3711 1024 3771 e
1056 3712 1294 3772 psicopatia,
1310 3715 1523 3775 dell'igiene

1587 3715 1690 3775 esiste
1728 3715 1769 3775 un
1803 3718 1891 3778 gran
1929 3720 2079 3780 numero
2112 3720 2154 3780 di
2178 3720 2280 3780 bassi
2309 3720 2510 3780 individui,
2534 3723 2548 3783 e

548 3754 712 3814 sessuale
748 3756 761 3816 e
793 3756 891 3816 delle
927 3759 984 3819 sue
1021 3762 1274 3822 conseguenze
1311 3762 1452 3822 ctiche.

1589 3765 1611 3825 io
1646 3762 1712 3822 non
1749 3765 1944 3825 riconosco
1980 3769 1992 3829 a
2024 3771 2179 3831 nessuna
2215 3771 2335 3831 classe
2366 3771 2397 3831 il
2419 3771 2548 3831 diritto

606 3804 635 3864 II
671 3806 852 3866 letterato
893 3810 1109 3870 Schnitzler
1140 3810 1295 3870 debuttó
1331 3811 1396 3871 nel
1427 3814 1532 3874 1889,

1587 3813 1623 3873 di
1646 3813 1809 3873 proibire
1846 3816 1914 3876 che
1951 3819 2077 3879 questa
2114 3821 2396 3881 constataziene
2428 3822 2541 3882 venga

550 3855 615 3915 con
655 3855 690 3915 la
731 3855 877 3915 novella
918 3858 952 3918 Il
983 3858 1048 3918 mio
1084 3861 1194 3921 amico
1235 3862 1280 3922 l,
1306 3862 1522 3922 pubblicata

1587 3863 1700 3923 fatta.
1735 3862 1818 3922 Nel
1853 3864 1921 3924 mio
1966 3867 2049 3927 caso
2094 3870 2285 3930 specifico,
2316 3870 2448 3930 vorrei
2488 3872 2551 3932 poi

559 3903 649 3963 dalla
697 3906 821 3966 rivista
869 3906 917 3966 An
956 3906 1013 3966 der
1047 3909 1189 3969 »chönen
1233 3909 1347 3969 blauen
1396 3912 1534 3972 Donau,

1590 3912 1743 3972 mettere
1768 3912 1797 3972 in
1822 3915 1950 3975 rilievo
1975 3915 2033 3975 che
2059 3917 2088 3977 il
2103 3917 2167 3977 mio
2192 3917 2310 3977 Gustl
2325 3917 2339 3977 è
2364 3918 2408 3978 un
2433 3920 2546 3980 bravo

556 3953 741 4013 periodico
773 3955 813 4015 di
840 3956 901 4016 cui
928 3956 968 4016 da
1005 3957 1128 4017 tempo
1160 3956 1211 4016 s'è
1243 3959 1402 4019 perduto
1439 3958 1526 4018 per¬

1585 3962 1762 4022 ragazzo,
1787 3962 1964 4022 guastato
1995 3967 2156 4027 soltanto
2192 3965 2255 4025 dai
2280 3968 2492 4028 pregiudizi
2517 3969 2555 4029 di

552 4004 614 4064 fino
653 4004 681 4064 il
706 4004 877 4064 ricordo.
902 4004 973 4064 Per
1002 4007 1160 4067 quattre
1204 4007 1284 4067 nni
1319 4010 1476 4070 ancora,
1501 4010 1529 4070 il

1584 4010 1705 4070 casta,
1734 4010 1784 4070 ma
1818 4013 1878 4073 che
1916 4013 1976 4073 col
2000 4016 2117 4076 tempo
2145 4016 2327 4076 potrebbe
2351 4016 2547 4076 diventare

552 4052 680 4112 dottor
716 4054 858 4114 Arturo
894 4056 1067 4116 continuò
1103 4056 1142 4116 ad
1179 4056 1302 4116 essere
1330 4058 1525 4118 assistente

1587 4058 1624 4118 un
1657 4061 1834 4121 valoroso
1872 4061 1886 4121 e
1919 4064 2030 4124 bravo
2064 4067 2297 4127 ufficiale.....
2335 4064 2353 4124 E
2400 4067 2545 4127 avendo

554 4100 615 4160 del
647 4105 765 4165 padre
812 4103 854 4163 al
890 4105 1107 4165 Policlinico
1150 4106 1164 4166 e
1206 4106 1242 4166 fu
1284 4109 1429 4169 iscritto
1471 4106 1532 4166 nei

1585 4109 1614 4169 lo
1649 4109 1766 4169 stesso
1801 4109 1952 4169 critico,
1972 4114 2026 4174 più
2061 4114 2178 4174 tardi,
2193 4114 2286 4174 fatto
2316 4114 2443 4174 notare
2473 4117 2541 4177 allo

549 4147 683 4207 ranghi
715 4153 781 4213 dei
813 4151 952 4211 medici
984 4154 1144 4214 militari
1171 4156 1269 4216 della
1301 4156 1471 4216 riserva.
1492 4157 1507 4217 I

1585 4159 1757 4219 scrittore
1795 4159 1856 4219 che
1898 4162 2043 4222 oramai
2076 4167 2150 4227 egli
2184 4162 2272 4222 s'era
2320 4164 2468 4224 esposto
2511 4168 2524 4228 a

1962 4205 2071 4265 ersi

1804 4208 1860 4268 nn

2123 4210 2311 4270 cambiato
2354 4214 2385 4274 il
2407 4212 2485 4272 salu

2836 715 3255 775 L'ILUSTaloNt
3296 721 3307 781 l

2643 853 2703 913 che
2736 858 2904 918 diverse,
2938 861 3008 921 una
3050 864 3213 924 raccolta
3256 869 3298 929 di
3322 863 3335 923 «

2638 903 2753 963 trama
2788 907 2855 967 per
2889 909 2951 969 una
2991 912 3159 972 pellicola
3194 916 3337 976 parlat.

2690 951 2741 1011 Lo
2767 956 2974 1016 Schnitzler
3001 958 3057 1018 più
3089 962 3171 1022 noto
3203 965 3218 1025 è
3255 965 3316 1025 l'au

2642 1002 2703 1062 tol,
2730 1004 2894 1064 Liebelei,
2915 1007 2977 1067 del
3008 1010 3142 1070 Rilorno
3174 1012 3209 1072 di
3230 1016 3338 1076 Casa.

2638 1051 2805 1111 novelle,
2830 1055 2988 1115 infinite.
3017 1056 3064 1116 La
3099 1060 3242 1120 novella
3281 1065 3338 1125 er¬

2641 1100 2664 1160 il
2692 1100 2752 1160 suo
2781 1103 2940 1163 genere:
2964 1105 2992 1165 il
3020 1106 3085 1166 ben
3118 1112 3296 1172 costruito

2641 1149 2790 1209 riempie
2823 1152 2851 1212 le
2885 1152 2940 1212 tre
2964 1153 2973 1213 e
3006 1153 3034 1213 le
3067 1159 3329 1219 quattrocento

2643 1198 2778 1258 l’attirò
2812 1201 2904 1261 mai,
2923 1204 3024 1264 forse
3054 1207 3116 1267 non
3151 1208 3179 1268 lo
3204 1210 3333 1270 sentiv.

2648 1249 2935 1309 preconizzargli
2955 1254 3003 1314 già
3032 1255 3094 1315 ora
3123 1258 3214 1318 fama
3243 1260 3329 1320 duri

2639 1299 2917 1359 rispecchiando
2953 1302 2978 1362 il
3005 1303 3060 1363 più
3096 1305 3192 1365 della
3223 1309 3329 1369 sua«

2638 1344 2762 1404 riodo,
2789 1349 2998 1409 l'interesse
3044 1352 3108 1412 per
3149 1356 3283 1416 l'opera

2639 1395 2775 1455 diretta
2811 1398 3085 1458 dell'interesse
3111 1403 3171 1463 che
3197 1407 3263 1467 per
3289 1407 3308 1467 il

2634 1446 2797 1506 nutrito.
2821 1447 2956 1507 Anatol
2980 1447 2994 1507 è
3028 1451 3057 1511 la
3091 1455 3292 1515 commedia

2636 1494 2782 1554 scapolo
2806 1494 2975 1554 viennese
3004 1501 3263 1561 (personaggio
3287 1504 3320 1564 st

2636 1542 2722 1602 crisi
2740 1544 2975 1604 economica)
2993 1547 3058 1607 che
3084 1550 3145 1610 con
3171 1553 3305 1613 somma

2636 1591 2750 1651 donne
2788 1594 2957 1654 disposte
3000 1597 3013 1657 a
3060 1601 3312 1661 contemplare

2646 1643 2723 1703 pari
2761 1643 2981 1703 ottimismo,
3018 1646 3059 1706 un
3101 1649 3284 1709 gaudente

2638 1691 2663 1751 la
2700 1691 2819 1751 vigilia
2856 1694 2918 1754 del
2945 1697 3178 1757 matrimonio
3210 1700 3225 1760 è
3262 1699 3334 1759 gior

2633 1740 2801 1800 metterlo
2847 1744 2930 1804 oggi
2966 1745 2995 1805 in
3041 1747 3144 1807 scena
3189 1750 3327 1810 signisic

2634 1786 2648 1846 i
2673 1791 2788 1851 rischi
2812 1793 2879 1853 che
2909 1795 3077 1855 gravano
3111 1796 3203 1856 sulle
3232 1798 3333 1858 comn

2632 1838 2708 1898 tura
2755 1840 2819 1900 non
2861 1843 3010 1903 recente
3049 1843 3060 1903 e
3095 1846 3159 1906 non
3198 1849 3327 1909 ancora

2635 1888 2776 1948 antica.
2802 1894 3075 1954 Problematici
3107 1897 3217 1957 sono,
3239 1899 3334 1959 delle

2635 1938 2793 1998 teatrale
2825 1941 2888 2001 del
2915 1942 3096 2002 defunto,
3123 1947 3244 2007 Reigen
3287 1948 3318 2008 (P

2640 1989 2741 2049 chio)
2779 1989 2795 2049 e
2838 1991 2870 2051 Il
2908 1994 3078 2054 professor
3122 1995 3325 2055 Bernbardi,

2634 2037 2752 2097 hanno
2787 2040 2969 2100 ambienti
2995 2043 3127 2103 affatto
3162 2044 3339 2104 different

2682 2092 2828 2152 Reigen,
2843 2094 2964 2154 ch'era
2990 2094 3122 2154 pronto
3153 2096 3192 2156 da
3223 2097 3339 2157 tempe

2634 2141 2848 2201 presentato
2882 2141 2919 2201 ai
2943 2144 3241 2204 Kammerspiele
3265 2146 3316 2206 vie

2630 2189 2689 2249 nel
2719 2191 2827 2251 1920,
2852 2192 2925 2252 cioè
2965 2193 2979 2253 a
3024 2192 3102 2252 dire
3147 2196 3333 2256 nell’imme

2636 2238 2789 2298 guerra:
2813 2240 2841 2300 in
2878 2240 2994 2300 verità
3032 2243 3060 2303 in
3093 2244 3340 2304 nessun'altre

2629 2288 2742 2348 simile
2774 2291 3133 2351 rappresentazione
3166 2294 3329 2354 avrebbe

2630 2335 2706 2395 sere
2739 2338 2916 2398 tollerata
2958 2339 2975 2399 e
3017 2341 3080 2401 del
3113 2341 3212 2401 resto
3259 2343 3322 2403 anc

2701 2388 2897 2448 corrotta,
2932 2389 2944 2449 e
2986 2389 3279 2449 caratterizzata

2624 2437 2786 2497 teatrali
2815 2440 3102 2500 rivoluzionarie
3146 2443 3241 2503 sotto
3280 2442 3322 2502 l'a

2627 2488 2721 2548 come
2756 2488 2850 2548 sotto
2880 2489 2904 2549 il
2925 2488 3074 2548 politico
3109 2488 3118 2548 —
3169 2490 3198 2550 le
3223 2491 3322 2551 dieci

2623 2535 2754 2595 tarono
2782 2538 2891 2598 aspre
2919 2538 3147 2598 vivacissime
3175 2541 3325 2601 critiche

2625 2585 2771 2645 dicono,
2794 2586 2863 2646 non
2900 2586 3033 2646 voleva
3065 2588 3097 2648 la
3130 2591 3276 2651 recita:
3304 2592 3317 2652 e

2618 2634 2718 2694 dieci
2743 2634 2849 2694 scene
2883 2637 2969 2697 sono
3008 2637 3046 2697 di
3067 2637 3133 2697 una
3163 2637 3235 2697 tale
3269 2640 3331 2700 bri

2619 2683 2689 2743 tale
2718 2685 2896 2745 verismo,
2911 2685 2972 2745 nel
2992 2688 3217 2748 raffigurare
3246 2688 3335 2748 quar

2622 2732 2636 2792 è
2662 2734 2828 2794 ipocrisia
2863 2735 2883 2795 o
2918 2735 3084 2795 reazione
3114 2736 3321 2796 disgustosa

2618 2783 2687 2843 riti
2702 2783 2766 2843 non
2796 2783 3003 2843 deformati
3024 2785 3122 2845 dallo
3148 2786 3329 2846 scetticisn

2618 2831 2790 2891 debbono
2825 2834 2888 2894 per
2924 2834 3026 2894 forza
3052 2834 3268 2894 rigettarle.

2621 2882 2659 2942 di
2683 2882 2894 2942 trent'anni
2919 2883 3115 2943 addietro,
3140 2885 3269 2945 autore

2618 2929 2736 2989 messo
2771 2932 2839 2992 alla
2874 2932 2972 2992 testa
3007 2933 3070 2993 del
3096 2932 3238 2992 gruppo
3268 2931 3327 2991 eby

2622 2980 2686 3040 fico
2726 2980 2795 3040 nel
2826 2980 2934 3040 quale
2979 2980 3013 3040 si
3044 2980 3281 3040 classificano

2625 3028 2776 3088 Freud:
2797 3031 2832 3091 un
2863 3031 2923 3091 suo
2949 3031 3101 3091 critico,
3117 3031 3147 3091 il
3168 3031 3334 3091 Körner,

2620 3076 2770 3136 osserva
2803 3079 2868 3139 che
2902 3080 3123 3140 nell'ultima
3161 3082 3301 3142 decade

2617 3126 2736 3186 secolo
2771 3126 2806 3186 si
2826 3126 2969 3186 ebbero
3010 3128 3039 3188 in
3085 3129 3243 3189 Austria
3283 3129 3313 3189 la

2623 3174 2720 3234 suale
2762 3177 2803 3237 di
2835 3177 3067 3237 Schnitzler,
3093 3179 3124 3239 la
3166 3180 3320 3240 filosofia

2628 3225 2839 3285 Weininger
2871 3225 2886 3285 e
2923 3225 2953 3285 la
2985 3228 3150 3288 biologia
3181 3228 3331 3288 sessual

2612 3272 2758 3332 sempre
2789 3273 2804 3333 e
2835 3275 2876 3335 da
2901 3276 2967 3336 per
2993 3279 3115 3339 tutto,
3136 3279 3211 3339 egli
3227 3281 3328 3341 aggiu

2610 3322 2685 3382 sivo
2730 3323 2747 3383 o
2792 3323 2974 3383 esclusivo
3023 3326 3205 3386 interesse
3254 3326 3315 3386 per

2615 3371 2749 3431 erotici
2778 3373 2792 3433 e
2825 3374 2988 3434 sessuali
3007 3374 3020 3434 è
3044 3374 3146 3434 stato
3180 3376 3212 3436 la
3241 3374 3324 3434 cara

2613 3422 2726 3482 tempi
2752 3422 2781 3482 in
2816 3422 2880 3482 cui
2906 3425 2935 3485 la
2975 3425 3128 3485 politica
3173 3422 3232 3482 era
3272 3425 3325 3485 mo

2615 3470 2721 3530 feor
2764 3473 2971 3533 Bernbardi,
3006 3473 3160 3533 invece,
3199 3473 3324 3533 scritte

2612 3516 2683 3576 alla
2716 3520 2840 3580 vigilia
2871 3522 2969 3582 della
3001 3523 3161 3583 guerra,
3178 3523 3250 3583 fece
3276 3522 3312 3582 ru

2615 3567 2638 3627 in
2673 3565 2753 3625 esso
2788 3568 2826 3628 un
2865 3570 3004 3630 medico
3043 3574 3182 3634 ebreo,
3197 3571 3321 3631 nell'ir

2612 3617 2838 3677 l’ammalato
2863 3619 2989 3679 ignaro
3020 3622 3115 3682 della
3141 3622 3306 3682 probabi

2615 3664 2705 3724 disce
2750 3666 2763 3726 a
2809 3668 2849 3728 un
2891 3668 3017 3728 prete,
3040 3670 3225 3730 chiamato
3271 3670 3307 3730 da

2615 3715 2647 3775 di
2662 3715 2876 3775 accostarsi
2895 3718 2955 3778 per
2984 3720 3174 3780 impartire
3203 3719 3324 3779 l'estre

2661 3763 2759 3823 Esito
2793 3765 2834 3825 un
2873 3765 2961 3825 poco
2999 3767 3013 3827 a
3046 3770 3267 3830 rispondere

2616 3811 2670 3871 nel
2701 3813 2883 3873 Professor
2915 3818 3127 3878 Bernbardi,
3143 3816 3152 3876 e
3183 3816 3213 3876 in
3239 3817 3309 3877 altr

2611 3863 2817 3923 Schnitzler
2848 3864 2956 3924 abbia
2994 3867 3138 3927 sempre
3175 3867 3324 3927 benigné

2610 3912 2684 3972 tato
2720 3912 2750 3972 la
2786 3912 2901 3972 classe
2937 3915 3078 3975 media,
3098 3916 3198 3976 dalla
3234 3915 3299 3975 qua

2616 3959 2768 4019 veniva:
2785 3961 2811 4021 il
2828 3962 2958 4022 dottor
2986 3965 3176 4025 Fridolin,
3187 3965 3279 4025 della

2611 4007 2732 4067 marito
2771 4011 2883 4071 quasi
2907 4012 3038 4072 ottimo
3071 4013 3240 4073 travolto
3283 4013 3310 4073 in

2605 4059 2831 4119 avventure,
2867 4061 2982 4121 laścia
3032 4061 3200 4121 davvero
3250 4061 3307 4121 sos

2610 4108 2812 4168 Schnitzler
2843 4109 2953 4169 abbia
2990 4111 3116 4171 voluto
3152 4109 3293 4169 attribu

2611 4156 2671 4216 una
2706 4159 2837 4219 doppia
2883 4159 3040 4219 natura,
3066 4159 3105 4219 di
3136 4159 3196 4219 cui
3222 4158 3252 4218 la

2611 4201 2665 4261 sul
2696 4204 2802 4264 senso
2843 4207 2908 4267 del
2944 4207 3105 4267 dovere,
3130 4207 3251 4267 l'altra
