3344 4352
664 162 772 222 ae
835 143 1041 203 Ee

896 172 1171 232 v-Ausschnitte

367 315 498 375 Extroit
519 314 551 374 de

363 415 502 475 Adresse

1180 465 1259 525 193

373 512 451 572 Date

322 638 921 698 ABONNEMENTS:

2537 638 2601 698 69°
2631 640 2774 700 Année.
2810 639 2824 699 —
2884 640 3032 700 Numéro
3082 644 3126 704 46

327 667 357 727 bu
376 667 393 727 1“
418 667 442 727 de
461 667 546 727 chaque
568 667 620 727 mois
672 667 718 727 1AN
755 668 764 728 6
777 670 828 730 MOIS
850 670 859 730 3
868 670 920 730 MOIS

2542 682 2741 742 RÉDACTION
2766 682 2776 742 A
2798 681 3131 741 ADMINISTRATION!

1812 697 2304 757 RISIEMNE

330 697 422 757 France
441 697 466 757 et
479 697 594 757 Colonies
613 697 619 757 "
664 699 730 759 110.—
763 699 816 759 58.—
848 700 902 760 30.—

2926 710 3038 770 PARIS
3078 712 3130 772 (5*)

2544 715 2583 775 29,
2618 712 2670 772 Rue
2710 712 2852 772 Tronshet.

326 724 448 784 Etranger
467 727 542 787 (Tarif
553 727 635 787 réd.)..
669 727 736 787 140.—
770 727 826 787 75.—
856 727 911 787 40.—

326 754 446 814 Etranger
466 756 539 816 (Tarif
552 756 628 816 plein)
660 756 730 816 165.—
762 756 819 816 90.—
848 756 902 816 50.—

2541 758 2670 818 Véléphone
2684 758 2690 818 !
2707 756 2826 816 GUTENB.
2840 756 2916 816 48.59.
2930 756 3049 816 CENTRAL
3069 756 3128 816 24.60

1515 759 1614 819 S.A.R.L.
1626 759 1648 819 au
1667 759 1755 819 Capital
1767 759 1788 819 de
1804 759 1918 819 1.800.000

1096 776 1205 836 .

326 786 435 846 Registre
473 786 502 846 du
528 786 669 846 Commerce
698 786 762 846 Seine
794 786 919 846 235.5418

2541 789 2681 849 chèques
2712 786 2838 846 Postaux
2861 786 2986 846 NumérO
3010 786 3131 846 1269.00

1509 792 1665 852 bdomadaire
1685 789 1779 849 Illustré
1802 789 1875 849 fondé
1896 789 1925 849 on
1949 789 2002 849 1868

1984 831 1995 891 —

1346 1171 1875 1231 re

2042 1313 2105 1373 6

2414 1354 2638 1414 AA

552 1444 609 1504 ANS
636 1446 782 1506 quelques
809 1446 910 1506 jours,
928 1446 968 1506 les
995 1445 1145 1505 colonnes
1172 1446 1220 1506 des
1247 1443 1402 1503 journaux
1433 1443 1508 1503 vont
1531 1443 1614 1503 être,
1632 1443 1667 1503 de

1795 1442 1935 1502 enterrée
1966 1444 2128 1504 vivante...
2146 1445 2185 1505 On
2220 1446 2382 1506 exhumait
2409 1446 2439 1506 un
2475 1446 2624 1506 cercueil,
2642 1447 2677 1507 au
2708 1446 2901 1506 cimetière...
2923 1446 2962 1506 On
2993 1446 3032 1506 ne
3059 1446 3133 1506 l'ou¬

577 1491 739 1551 nouveau,
761 1491 851 1551 après
881 1491 915 1551 un
950 1491 1013 1551 long
1048 1491 1215 1551 chômage,
1237 1488 1382 1548 remplies
1408 1488 1464 1548 par
1494 1488 1536 1548 les
1563 1488 1673 1548 débats

1802 1488 1877 1548 vrait
1903 1490 1956 1550 pas
1983 1491 2052 1551 sous
2079 1491 2118 1551 les
2146 1491 2220 1551 yeux
2251 1491 2304 1551 des
2326 1491 2542 1551 spectateurs,
2555 1491 2634 1551 mais
2661 1492 2735 1552 dans
2762 1491 2824 1551 une
2851 1491 2934 1551 pièce
2960 1491 2973 1551 à
3004 1491 3070 1551 côté
3097 1491 3131 1551 du

572 1536 757 1596 politiques,
784 1536 824 1596 les
864 1536 1058 1596 discussions
1094 1536 1107 1596 à
1147 1536 1173 1596 la
1218 1533 1377 1593 Chambre
1413 1533 1443 1593 et
1484 1535 1669 1595 l'éloquence

1795 1533 1907 1593 bureau
1940 1536 1975 1596 du
2012 1536 2133 1596 gardien
2170 1536 2205 1596 du
2242 1536 2436 1596 cimetière...
2459 1537 2544 1597 Mais
2572 1536 2616 1596 les
2644 1536 2842 1596 spectateurs
2874 1536 3082 1596 entendaient
3109 1538 3136 1598 le

579 1580 862 1640 parlementaire...
888 1580 926 1640 Ce
957 1580 995 1640 ne
1026 1580 1094 1640 sera
1124 1580 1180 1640 pas
1210 1579 1274 1639 très
1309 1577 1429 1637 drôle...
1451 1578 1536 1638 Nous
1567 1579 1673 1639 avions

1797 1579 1878 1639 bruit
1906 1580 2032 1640 sinistre
2068 1580 2122 1640 des
2150 1580 2303 1640 planches
2335 1580 2416 1640 qu'on
2457 1583 2624 1643 arrachait
2656 1583 2669 1643 à
2702 1581 2728 1641 la
2761 1583 2855 1643 hâte,
2874 1580 2905 1640 et
2932 1580 2973 1640 ils
3000 1582 3135 1642 frisson¬

325 1624 423 1684 droit,
440 1625 521 1685 pour
548 1625 697 1685 terminer
723 1625 779 1685 nos
809 1625 975 1685 vacances,
997 1625 1010 1685 à
1040 1625 1100 1685 une
1130 1625 1258 1685 histoire
1289 1625 1490 1685 amusante...
1511 1625 1618 1685 Alors,
1640 1623 1669 1683 en

1792 1625 1937 1685 naient...
1956 1625 2023 1685 S'ils
2051 1625 2177 1685 avaient
2201 1625 2236 1685 pu
2269 1625 2413 1685 pénétrer
2437 1627 2518 1687 dans
2546 1627 2586 1687 les
2614 1625 2777 1685 coulisses,
2795 1626 2858 1686 leur
2886 1627 3008 1687 terreur
3036 1627 3140 1687 aurait

330 1670 502 1730 attendant
526 1670 581 1730 que
609 1670 632 1730 la
665 1670 785 1730 vedette
814 1670 873 1730 soit
897 1670 976 1730 prise
1004 1671 1059 1731 par
1083 1670 1124 1730 les
1148 1670 1296 1730 députés,
1320 1670 1352 1730 on
1380 1670 1417 1730 l’a
1446 1670 1566 1730 confiée
1594 1670 1673 1730 pour

1790 1670 1838 1730 été
1860 1670 1961 1730 moins
1983 1670 2137 1730 grande...
2151 1673 2190 1733 Ils
2212 1670 2362 1730 auraient
2380 1672 2498 1732 surpris
2521 1673 2573 1733 des
2596 1673 2798 1733 machinistes
2825 1673 2851 1733 en
2883 1673 2961 1733 train
2988 1673 3023 1733 de
3045 1675 3142 1735 man¬

327 1718 472 1778 quelques
499 1715 584 1775 jours
611 1715 623 1775 à
653 1716 687 1776 un
718 1717 927 1777 cambrioleur
954 1715 1142 1775 mondain...

1792 1719 1846 1779 ger
1874 1715 2137 1775 tranquillement
2164 1717 2218 1777 des
2246 1718 2355 1778 noix...
2373 1718 2450 1778 Car,
2468 1718 2549 1778 pour
2573 1718 2681 1778 imiter
2709 1718 2731 1778 le
2764 1718 2849 1778 bruit
2872 1718 2909 1778 du
2941 1719 3004 1779 bois
3032 1721 3085 1781 qui
3109 1719 3140 1779 se

357 1762 393 1822 Je
425 1761 488 1821 suis
516 1761 566 1821 sûr
598 1762 657 1822 que
689 1761 711 1821 le
744 1760 821 1820 récit
849 1761 903 1821 des
935 1761 1103 1821 aventures
1131 1762 1167 1822 de
1199 1760 1295 1820 Serge
1327 1759 1363 1819 de
1391 1759 1472 1819 Lenz
1505 1759 1672 1819 passionne

1788 1760 1886 1820 brise,
1906 1759 1935 1819 on
1960 1762 2101 1822 écrasait
2121 1762 2189 1822 tout
2215 1762 2405 1822 bonnement
2430 1762 2479 1822 des
2504 1762 2572 1822 noix
2597 1763 2680 1823 entre
2705 1763 2783 1823 deux
2808 1763 2974 1823 planches,
2989 1765 3018 1825 et
3033 1765 3067 1825 on
3097 1763 3141 1823 les

1792 1804 1962 1864 mangeait
1984 1807 2111 1867 après...

328 1807 481 1867 beaucoup
508 1807 578 1867 plus
600 1807 630 1867 de
658 1807 732 1867 gens
759 1807 811 1867 que
838 1807 886 1867 des
908 1807 1150 1867 commentaires
1177 1807 1225 1867 sur
1251 1807 1273 1867 la
1304 1807 1432 1867 tranche
1458 1804 1673 1864 incondition¬

330 1853 421 1913 nelle,
440 1853 470 1913 ou
501 1853 553 1913 que
580 1852 624 1912 les
647 1852 835 1912 perplexités
857 1852 893 1912 du
924 1853 1007 1913 parti
1029 1852 1346 1912 radical-socialiste,
1359 1852 1416 1912 qui
1435 1852 1469 1912 ne
1496 1851 1676 1911 manquent

1832 1851 1872 1911 Un
1904 1851 2027 1911 homme
2059 1852 2136 1912 dont
2162 1852 2187 1912 la
2214 1853 2296 1913 fille,
2317 1855 2399 1915 qu'on
2431 1852 2523 1912 avait
2544 1855 2616 1915 crue
2643 1855 2761 1915 morte,
2782 1855 2864 1915 avait
2891 1855 2936 1915 été
2963 1855 3040 1915 mise
3071 1856 3138 1916 trop

326 1899 501 1959 cependant
524 1900 578 1960 pas
597 1900 632 1960 de
655 1900 831 1960 comique...
845 1900 872 1960 Il
890 1898 930 1958 est
954 1897 1075 1957 curieux
1103 1898 1134 1958 de
1157 1898 1220 1958 voir
1243 1898 1251 1958 à
1274 1900 1351 1960 quel
1365 1897 1454 1957 point
1478 1897 1518 1957 les
1541 1897 1671 1957 exploits

1795 1896 1841 1956 tôt
1869 1894 1896 1954 en
1934 1897 2036 1957 bière,
2055 1897 2088 1957 et
2111 1897 2167 1957 qui
2195 1899 2236 1959 s'y
2265 1898 2344 1958 était
2372 1900 2539 1960 débattue,
2563 1900 2642 1960 dans
2670 1900 2725 1960 une
2758 1900 2869 1960 agonie
2898 1900 3149 1960 épouvantable,

1795 1941 1897 2001 avait,
1916 1941 1994 2001 pour
2023 1941 2125 2001 éviter
2153 1941 2176 2001 le
2209 1941 2316 2001 retour
2344 1944 2381 2004 de
2409 1944 2525 2004 pareils
2554 1944 2730 2004 accidents,
2749 1944 2874 2004 inventé
2907 1944 2944 2004 un
2978 1947 3139 2007 dispositif

330 1944 474 2004 d'Arsène
506 1944 602 2004 Lupin
638 1944 712 2004 sont
739 1944 880 2004 devenus
911 1943 1122 2003 populaires...

1795 1984 2002 2044 ingénieux...
2016 1986 2047 2046 Si
2070 1986 2093 2046 le
2116 1986 2192 2046 faux
2215 1986 2296 2046 mort
2319 1989 2427 2049 faisait
2450 1989 2472 2049 le
2496 1989 2640 2049 moindre
2663 1989 2866 2049 mouvement
2889 1989 2970 2049 dans
2993 1989 3042 2049 son
3070 1989 3137 2049 cer¬

364 1989 401 2049 Le
429 1989 861 2049 gentleman-cambrioleur,
880 1989 912 2049 dû
950 1989 959 2049 à
987 1989 1214 2049 l'imagination
1248 1987 1317 2047 d'un
1350 1986 1545 2046 romancier,
1568 1983 1670 2043 exerce

329 2034 388 2094 une
414 2034 572 2094 séduction
602 2034 786 2094 irrésistible
816 2034 867 2094 sur
897 2034 918 2094 le
949 2034 1085 2094 public...
1107 2034 1187 2094 C'est
1213 2032 1269 2092 que
1299 2031 1376 2091 nous
1402 2031 1538 2091 sommes
1568 2031 1679 2091 restés,

1795 2031 1892 2091 cueil,
1906 2031 1934 2091 il
1953 2031 2152 2091 déclenchait
2181 2031 2213 2091 un
2246 2032 2376 2092 ressort,
2395 2034 2459 2094 qui,
2479 2034 2744 2094 communiquant
2768 2034 2837 2094 avec
2865 2034 3060 2094 l'extérieur,
3075 2035 3139 2095 fai¬

1795 2076 1856 2136 sait
1881 2076 1981 2136 partir
2010 2076 2067 2136 une
2096 2076 2220 2136 fusée...
2235 2078 2339 2138 Ainsi,
2354 2079 2378 2139 si
2403 2079 2478 2139 dans
2508 2079 2531 2139 la
2560 2079 2646 2139 nuit,
2666 2081 2698 2141 on
2728 2080 2833 2140 voyait
2857 2079 2981 2139 s'élever
3010 2081 3139 2141 au-des¬

330 2081 364 2141 au
391 2079 487 2139 fond,
505 2080 558 2140 des
581 2079 813 2139 romantiques,
836 2080 866 2140 et
888 2081 945 2141 que
972 2079 993 2139 le
1021 2079 1227 2139 romantisme
1258 2079 1293 2139 ne
1324 2076 1460 2136 sachant
1483 2076 1553 2136 plus
1580 2076 1610 2136 où
1641 2076 1671 2136 se

1791 2123 1843 2183 sus
1867 2121 1900 2181 du
1925 2121 2101 2181 cimetière,
2115 2121 2172 2181 une
2197 2121 2282 2181 fusée
2302 2124 2444 2184 brillante
2469 2124 2497 2184 et
2517 2124 2707 2184 lumineuse,
2727 2126 2783 2186 cela
2808 2124 2979 2184 signifiait,
2994 2127 3051 2187 non
3080 2128 3137 2188 pas

328 2126 463 2186 réfugier
486 2127 567 2187 dans
590 2124 649 2184 une
672 2124 785 2184 société
813 2127 889 2187 régie
917 2125 970 2185 par
993 2124 1030 2184 de
1053 2124 1147 2184 dures
1170 2124 1242 2184 lois,
1261 2124 1287 2184 et
1315 2121 1446 2181 asservie
1474 2122 1510 2182 au
1537 2121 1672 2181 bureau¬

330 2170 492 2230 cratisme,
511 2169 548 2229 ne
572 2168 738 2228 rencontre
766 2171 835 2231 plus
864 2168 984 2228 l’esprit
1007 2168 1188 2228 d'aventure
1216 2168 1271 2228 que
1299 2168 1373 2228 chez
1401 2168 1443 2228 les
1471 2165 1628 2225 voleurs...
1647 2167 1674 2227 Il

1798 2167 1834 2227 un
1863 2165 2081 2225 anniversaire
2109 2168 2141 2228 de
2165 2168 2230 2228 fête
2254 2168 2430 2228 nationale,
2449 2168 2532 2228 mais
2556 2169 2593 2229 un
2626 2171 2718 2231 appel
2742 2168 2779 2228 au
2808 2168 2946 2228 secours,
2971 2169 3003 2229 un
3036 2171 3146 2231 S.O.S.

1791 2212 1879 2272 lancé
1904 2212 1962 2272 par
1982 2212 2016 2272 un
2046 2213 2197 2273 cadavre.
2213 2213 2310 2273 L'idée
2330 2213 2408 2273 était
2428 2213 2492 2273 trop
2522 2216 2595 2276 belle
2615 2216 2693 2276 pour
2713 2215 2830 2275 réussir
2845 2213 2855 2273 ;
2875 2215 2977 2275 aussi,
2987 2216 3050 2276 bien
3080 2217 3139 2277 que

330 2218 364 2278 ne
391 2216 487 2276 suffit
510 2216 579 2276 pas,
597 2216 663 2276 bien
694 2216 852 2276 entendu,
870 2215 904 2275 de
931 2215 1032 2275 voler,
1050 2216 1084 2276 de
1111 2213 1273 2273 crocheter
1300 2213 1357 2273 une
1383 2213 1488 2273 porte,
1511 2210 1541 2270 de
1568 2210 1673 2270 forcer

1795 2260 1844 2320 cet
1869 2258 2039 2318 inventeur
2070 2258 2114 2318 ait
2139 2258 2202 2318 pris
2232 2258 2265 2318 un
2300 2258 2423 2318 brevet,
2443 2258 2472 2318 ce
2502 2261 2634 2321 système
2669 2261 2717 2321 des
2742 2261 3060 2321 fusées-mortuaires
3090 2261 3134 2321 n'a

330 2261 362 2321 un
391 2261 613 2321 coffre-fort...
627 2261 711 2321 Non,
730 2261 752 2321 il
767 2261 841 2321 faut
860 2261 924 2321 bien
952 2261 1092 2321 d'autres
1115 2259 1263 2319 qualités,
1278 2260 1333 2320 qui
1357 2259 1389 2319 ne
1413 2258 1440 2318 se
1464 2258 1672 2318 rencontrent

1798 2305 1847 2365 pas
1875 2303 1906 2363 eu
1938 2303 1969 2363 de
1997 2303 2142 2363 succès...
2161 2303 2196 2363 Et
2224 2303 2256 2363 on
2288 2303 2301 2363 a
2329 2303 2473 2363 continué
2506 2304 2514 2364 à
2546 2303 2654 2363 laisser
2682 2306 2723 2366 les
2751 2306 2827 2366 gens
2855 2306 2972 2366 mourir
3000 2306 3058 2366 une
3086 2307 3140 2367 se¬

329 2311 382 2371 pas
409 2308 553 2368 toujours
576 2306 654 2366 dans
681 2306 703 2366 la
730 2306 888 2366 meilleure
915 2306 1029 2366 société
1047 2306 1059 2366 :
1078 2306 1112 2366 de
1139 2306 1323 2366 l’élégance,
1346 2306 1376 2366 de
1403 2303 1522 2363 bonnes
1549 2303 1671 2363 maniè¬

1796 2347 1893 2407 conde
1919 2347 1977 2407 fois
2002 2347 2079 2407 dans
2104 2348 2167 2408 leur
2193 2348 2358 2408 cercueil...
2374 2350 2422 2410 M.
2432 2350 2451 2410 is
2476 2350 2505 2410 si
2525 2350 2701 2410 Schnitzler
2726 2350 2813 2410 avait
2833 2350 2931 2410 connu
2961 2351 2985 2411 le
3010 2353 3097 2413 truc,
3117 2353 3141 2413 il

326 2353 388 2413 res,
411 2353 443 2413 un
475 2353 552 2413 beau
579 2353 669 2413 nom,
688 2353 723 2413 un
751 2352 905 2412 physique
933 2350 1150 2410 avantageux,
1173 2350 1204 2410 de
1237 2349 1399 2409 l'adresse,
1418 2350 1453 2410 du
1481 2349 1680 2409 sang-froid.

1801 2395 1927 2455 l'aurait
1948 2395 2111 2455 sûrement
2138 2394 2258 2454 préféré
2285 2393 2316 2453 au
2348 2395 2416 2455 coup
2448 2397 2485 2457 de
2506 2395 2653 2455 poignard
2685 2397 2759 2457 qu'il
2780 2398 2795 2458 a
2822 2398 2948 2458 exigé...
2964 2396 2990 2456 Il
3012 2395 3058 2455 est
3080 2398 3137 2458 des

325 2401 399 2461 l'art
423 2398 455 2458 de
483 2398 617 2458 plaire...
637 2398 696 2458 Car
720 2398 743 2458 il
762 2398 854 2458 s'agit
878 2396 975 2456 avant
1004 2397 1073 2457 tout
1096 2395 1128 2455 de
1152 2395 1282 2455 pouvoir
1310 2395 1384 2455 faire
1412 2392 1463 2452 des
1487 2393 1602 2453 dupes.

1797 2440 1897 2500 morts
1923 2439 1977 2499 qui
2003 2438 2063 2498 ont
2089 2438 2189 2498 besoin
2225 2438 2320 2498 d'être
2346 2440 2501 2500 rassurés.

357 2443 474 2503 Croyez
497 2443 565 2503 bien
592 2444 651 2504 que
674 2443 701 2503 si
724 2443 755 2503 on
788 2443 959 2503 réunissait
987 2442 1027 2502 les
1051 2440 1168 2500 grands
1191 2440 1308 2500 voleurs
1336 2440 1612 2500 internationaux,
1631 2440 1671 2500 les

322 2491 387 2551 rats
411 2489 531 2549 d'hôtel
550 2488 601 2548 qui
620 2488 754 2548 opèrent
774 2488 852 2548 dans
876 2488 917 2548 les
941 2488 1066 2548 palaces
1085 2488 1122 2548 de
1146 2485 1229 2545 luxe,
1248 2485 1275 2545 et
1299 2485 1326 2545 si
1345 2485 1377 2545 on
1406 2485 1470 2545 leur
1494 2485 1610 2545 offrait
1629 2485 1666 2545 un

328 2535 481 2595 banquet,
495 2535 531 2595 on
558 2534 666 2594 aurait
689 2533 711 2593 là
739 2532 928 2592 l'assemblée
960 2533 982 2593 la
1010 2533 1077 2593 plus
1105 2531 1343 2591 aristocratique
1371 2530 1452 2590 qu'on
1484 2530 1528 2590 ait
1556 2530 1668 2590 jamais

1972 2547 1982 2607 E
2015 2547 2128 2607 silence
2161 2546 2252 2606 est-il
2274 2547 2311 2607 un
2344 2548 2436 2608 motif
2463 2547 2500 2607 de
2528 2550 2652 2610 divorce
2668 2550 2684 2610 ?
2706 2550 2792 2610 Sans
2820 2550 2927 2610 doute,
2949 2553 2976 2613 la
3009 2553 3143 2613 femme,

324 2580 411 2640 vue...
431 2579 518 2639 Serge
542 2577 574 2637 de
598 2577 682 2637 Lenz
705 2577 719 2637 y
743 2577 840 2637 ferait
859 2577 956 2637 bonne
984 2578 1119 2638 figure...
1133 2576 1161 2636 Il
1180 2576 1226 2636 est
1250 2576 1282 2636 de
1305 2574 1403 2634 bonne
1427 2574 1566 2634 famille,
1580 2574 1682 2634 titré..

1994 2592 2046 2652 qui
2065 2592 2151 2652 vient
2175 2592 2208 2652 de
2238 2593 2342 2653 porter
2367 2593 2390 2653 la
2414 2595 2553 2655 question
2582 2595 2701 2655 devant
2726 2595 2758 2655 un
2788 2595 2945 2655 tribunal,
2960 2598 3141 2658 considère¬

324 2627 352 2687 Il
372 2625 433 2685 sait
457 2625 614 2685 s'habiller
634 2625 643 2685 ;
663 2625 686 2685 il
706 2627 738 2687 a,
753 2623 920 2683 paraît-il,
935 2625 967 2685 de
997 2624 1020 2684 la
1044 2622 1258 2682 conversation
1288 2622 1320 2682 et
1340 2619 1440 2679 même
1464 2619 1502 2679 de
1521 2619 1669 2679 l’esprit..

1992 2635 2080 2695 t-elle
2105 2637 2129 2697 le
2154 2637 2266 2697 silence
2291 2638 2409 2698 obstiné
2434 2640 2467 2700 de
2493 2640 2541 2700 son
2571 2640 2668 2700 mari,
2684 2640 2801 2700 comme
2826 2641 2884 2701 une
2909 2643 3012 2703 injure
3037 2643 3149 2703 grave,

1835 2646 1854 2706 L

357 2670 385 2730 Il
409 2671 557 2731 possède,
576 2670 677 2730 enfin,
696 2670 775 2730 cette
803 2671 919 2731 qualité
947 2667 1179 2727 indispensable
1207 2667 1286 2727 dans
1314 2667 1360 2727 son
1393 2666 1518 2726 métier,
1537 2665 1606 2725 l'art
1634 2664 1666 2724 de

1990 2682 2131 2742 puisqu'à
2158 2683 2268 2743 défaut
2295 2685 2416 2745 d'autre
2443 2685 2537 2745 grief,
2559 2688 2610 2748 elle
2643 2688 2679 2748 l'a
2706 2688 2832 2748 trouvée
2859 2688 3032 2748 suffisante
3059 2691 3137 2751 pour

325 2720 352 2780 se
375 2718 451 2778 faire
479 2717 578 2777 aimer
602 2715 651 2775 des
674 2715 841 2775 femmes...
860 2715 887 2775 Il
905 2715 968 2775 doit
991 2715 1004 2775 y
1028 2714 1113 2774 avoir
1137 2712 1172 2772 un
1200 2712 1254 2772 don
1286 2712 1363 2772 Juan
1390 2712 1472 2772 dans
1495 2712 1562 2772 tout
1585 2710 1675 2770 cam¬

1791 2724 1948 2784 réclamer
1973 2727 2001 2787 sa
2035 2727 2164 2787 liberté.

320 2764 456 2824 brioleur
483 2762 672 2822 mondain...
694 2759 773 2819 Sans
800 2759 909 2819 doute,
931 2760 971 2820 les
1002 2759 1147 2819 charmes
1174 2756 1301 2816 désuets
1332 2756 1367 2816 de
1394 2756 1420 2816 la
1451 2756 1600 2816 comtesse
1636 2753 1670 2813 de

1830 2777 1865 2837 Le
1895 2779 1965 2839 juge
1995 2780 2041 2840 n'a
2071 2782 2129 2842 pas
2154 2783 2300 2843 accueilli
2324 2784 2353 2844 sa
2383 2784 2576 2844 demande...
2595 2786 2623 2846 Il
2648 2786 2659 2846 a
2689 2786 2723 2846 eu
2753 2788 2835 2848 tort,
2853 2786 2929 2846 selon
2965 2787 3059 2847 nous,
3083 2789 3135 2849 car

330 2807 552 2867 Tessancourt,
571 2807 655 2867 ravie
683 2807 766 2867 qu'on
799 2804 919 2864 reparle
948 2804 1050 2864 d’elle,
1069 2804 1082 2864 à
1111 2804 1226 2864 propos
1250 2801 1282 2861 de
1310 2801 1421 2861 Serge,
1441 2801 1477 2861 ne
1506 2800 1668 2860 représen¬

1795 2820 1888 2880 est-il
1907 2825 1967 2885 rien
2000 2825 2032 2885 de
2061 2828 2130 2888 plus
2153 2828 2260 2888 grave,
2279 2831 2311 2891 de
2340 2831 2409 2891 plus
2433 2831 2590 2891 insultant
2614 2832 2693 2892 pour
2717 2831 2777 2891 une
2801 2831 2916 2891 femme
2945 2834 3000 2894 que
3029 2834 3065 2894 ne
3094 2834 3144 2894 ja¬

326 2853 393 2913 tent
416 2853 573 2913 peut-être
597 2852 655 2912 pas
678 2852 736 2912 une
759 2852 908 2912 conquête
935 2849 998 2909 bien
1026 2849 1210 2909 brillante...
1224 2849 1305 2909 Mais
1328 2846 1368 2906 les
1391 2846 1572 2906 fiançailles
1595 2846 1666 2906 avec

1796 2867 1872 2927 mais
1896 2870 2049 2930 répondre
2073 2873 2106 2933 un
2140 2873 2202 2933 mot
2227 2874 2284 2934 aux
2308 2876 2413 2936 scènes
2438 2876 2542 2936 qu'elle
2567 2876 2643 2936 fait,
2663 2879 2695 2939 de
2720 2879 2830 2939 garder
2854 2879 2906 2939 des
2931 2880 3017 2940 jours
3041 2879 3069 2939 et
3089 2879 3141 2939 des

322 2900 349 2960 la
376 2900 439 2960 fille
467 2900 502 2960 du
534 2897 701 2957 secrétaire
729 2897 764 2957 du
797 2897 1018 2957 Commissaire
1045 2894 1081 2954 de
1108 2894 1225 2954 Police,
1244 2893 1316 2953 sont
1348 2892 1402 2952 une
1434 2891 1587 2951 plaisante
1619 2889 1668 2949 in¬

1791 2916 1876 2976 jours
1899 2915 1926 2975 la
1953 2918 2071 2978 bouche
2094 2918 2175 2978 close
2202 2920 2320 2980 devant
2343 2922 2388 2982 ses
2411 2921 2578 2981 reproches
2606 2924 2637 2984 ou
2669 2924 2714 2984 ses
2737 2924 2968 2984 supplications
2986 2924 3031 2984 ?...
3054 2924 3139 2984 Alors

324 2946 486 3006 vention...
504 2944 545 3004 On
577 2944 672 3004 dirait
695 2941 754 3001 une
781 2941 944 3001 trouvaille
972 2938 1007 2998 de
1035 2938 1284 2998 vaudevilliste...
1303 2937 1384 2997 C'est
1407 2935 1434 2995 la
1461 2935 1534 2995 note
1561 2934 1674 2994 humo¬

1796 2959 1838 3019 les
1863 2961 2005 3021 disputes
2034 2962 2067 3022 ne
2096 2965 2234 3025 seraient
2263 2965 2330 3025 plus
2354 2965 2506 3025 possibles
2521 2968 2535 3028 ?
2564 2968 2649 3028 C'est
2674 2968 2697 3028 la
2731 2968 2812 3028 mort
2836 2968 2874 3028 du
2903 2968 3065 3028 mariage.

322 2992 448 3052 ristique
476 2989 507 3049 de
534 2989 719 3049 l'histoire...
738 2986 764 3046 Il
783 2986 918 3046 manque
941 2986 1144 3046 maintenant
1172 2983 1180 3043 à
1208 2983 1302 3043 Serge
1325 2983 1361 3043 de
1384 2982 1465 3042 Lenz
1488 2980 1546 3040 une
1570 2979 1668 3039 aven¬

1837 3013 1871 3073 On
1901 3016 2067 3076 comprend
2097 3016 2160 3076 très
2185 3017 2248 3077 bien
2278 3019 2356 3079 cette
2386 3021 2561 3081 vengeance
2586 3022 2654 3082 d'un
2684 3022 2767 3082 mari
2777 3022 2791 3082 ;
2812 3022 2836 3082 il
2856 3022 2889 3082 ne
2914 3022 3051 3082 pouvait
3071 3022 3139 3082 em¬

325 3037 392 3097 ture
416 3037 487 3097 plus
510 3034 655 3094 brillante
683 3031 755 3091 avec
778 3031 836 3091 une
869 3031 981 3091 actrice
1009 3031 1036 3091 en
1068 3031 1145 3091 vue,
1163 3028 1217 3088 une
1249 3028 1353 3088 star..
1371 3028 1512 3088 N'a-t-on
1544 3027 1602 3087 pas
1625 3025 1674 3085 dit

1795 3060 1898 3120 ployer
1926 3061 1961 3121 de
1985 3061 2129 3121 meilleur
2157 3064 2265 3124 moyen
2297 3064 2374 3124 pour
2397 3064 2528 3124 pousser
2556 3065 2583 3125 sa
2610 3067 2727 3127 femme
2760 3069 2768 3129 à
2800 3067 3045 3127 l'exagération,
3063 3070 3140 3130 pour

326 3086 402 3146 qu'il
421 3082 507 3142 avait
531 3082 564 3142 un
593 3080 664 3140 jour
693 3079 755 3139 volé
784 3078 855 3138 chez
884 3076 917 3136 un
951 3076 1065 3136 auteur
1089 3076 1122 3136 un
1156 3073 1332 3133 manuscrit
1356 3073 1446 3133 d'une
1476 3073 1575 3133 pièce,
1600 3073 1675 3133 qu'il

1792 3106 1945 3166 l'amener
1968 3106 1981 3166 à
2013 3106 2067 3166 des
2090 3109 2185 3169 crises
2213 3109 2244 3169 de
2272 3109 2343 3169 rage
2371 3112 2638 3172 épouvantables.
2656 3112 2764 3172 Quelle
2792 3115 2964 3175 admirable
2991 3113 3144 3173 tactique.

324 3127 430 3187 l'avait
454 3125 542 3185 porté
570 3124 644 3184 chez
673 3124 733 3184 une
761 3124 891 3184 artiste,
910 3121 937 3181 et
966 3121 1040 3181 qu'il
1064 3121 1165 3181 aurait
1194 3120 1295 3180 réussi
1319 3119 1333 3179 à
1362 3118 1389 3178 la
1413 3118 1496 3178 faire
1524 3118 1626 3178 jouer,
1650 3118 1672 3178 si

1794 3147 1859 3207 Une
1878 3150 1994 3210 femme
2018 3150 2096 3210 peut
2115 3152 2259 3212 toujours
2283 3153 2431 3213 répondre
2455 3155 2464 3215 à
2493 3156 2520 3216 la
2544 3156 2660 3216 colère,
2679 3156 2688 3216 à
2716 3156 2739 3216 la
2767 3157 2921 3217 violence,
2940 3159 2972 3219 au
3000 3159 3116 3219 mépris
3131 3161 3144 3221 ;

326 3174 361 3234 un
392 3171 585 3231 événement
612 3170 748 3230 fâcheux
780 3168 814 3228 ne
846 3166 955 3226 l’avait
986 3165 1043 3225 mis
1075 3165 1083 3225 à
1119 3165 1241 3225 l’ombre
1277 3163 1352 3223 pour
1379 3162 1510 3222 quelque
1541 3162 1677 3222 temps...

1794 3195 1888 3255 mais,
1902 3195 2010 3255 contre
2034 3195 2056 3255 le
2083 3196 2214 3256 silence,
2228 3198 2263 3258 un
2291 3198 2399 3258 silence
2427 3200 2480 3260 qui
2499 3201 2534 3261 ne
2562 3201 2589 3261 se
2612 3202 2693 3262 lasse
2716 3202 2846 3262 jamais,
2865 3204 2918 3264 elle
2942 3204 2991 3264 n'a
3014 3204 3135 3264 aucune

326 3221 340 3281 A
378 3219 492 3279 l’heure
521 3216 554 3276 où
588 3216 707 3276 j’écris,
727 3213 759 3273 on
789 3213 898 3273 ignore
927 3210 1036 3270 encore
1070 3210 1122 3270 s’il
1142 3209 1174 3269 va
1204 3208 1270 3268 être
1304 3210 1446 3270 retrouvé
1480 3207 1508 3267 et
1538 3207 1680 3267 arrêté...

1797 3241 1878 3301 arme
1897 3240 1910 3300 ;
1933 3241 2045 3301 songez
2073 3241 2150 3301 donc
2168 3243 2181 3303 :
2205 3243 2258 3303 elle
2286 3243 2394 3303 attend
2426 3246 2589 3306 l'occasion
2617 3246 2652 3306 de
2680 3246 2838 3306 discuter,
2852 3249 2888 3309 de
2916 3249 3060 3309 déverser
3088 3249 3141 3309 sur

328 3267 422 3327 Mais,
441 3264 463 3324 il
481 3264 526 3324 est
550 3261 612 3321 fort
635 3261 802 3321 dommage
825 3258 861 3318 de
884 3257 996 3317 penser
1020 3257 1110 3317 qu'un
1137 3255 1264 3315 homme
1291 3255 1404 3315 comme
1436 3254 1481 3314 lui
1499 3252 1530 3312 va
1563 3252 1670 3312 encore

1792 3285 1843 3345 son
1871 3287 1968 3347 époux
1997 3288 2029 3348 un
2062 3288 2182 3348 torrent
2206 3288 2243 3348 de
2267 3288 2387 3348 paroles
2406 3290 2415 3350 ;
2434 3290 2461 3350 le
2485 3291 2628 3351 moindre
2652 3291 2717 3351 mot
2741 3291 2787 3351 lui
2810 3294 3009 3354 permettrait
3033 3294 3065 3354 de
3089 3292 3139 3352 re¬

325 3312 432 3372 passer
458 3309 496 3369 de
523 3308 655 3368 longues
682 3306 802 3366 années
828 3304 862 3364 en
893 3303 1034 3363 prison...

1792 3331 1928 3391 prendre
1955 3332 1989 3392 de
2017 3332 2131 3392 l’élan,
2149 3332 2184 3392 de
2215 3332 2356 3392 nourrir,
2374 3335 2409 3395 de
2440 3336 2608 3396 prolonger
2639 3337 2665 3397 la
2697 3338 2828 3398 querelle
2860 3335 2894 3395 du
2926 3338 3058 3398 ménage
3094 3338 3146 3398 qui

357 3356 402 3416 On
438 3355 579 3415 pourrait
606 3350 737 3410 trouver
765 3350 801 3410 un
838 3348 982 3408 meilleur
1009 3347 1127 3407 emploi
1155 3344 1186 3404 de
1223 3345 1268 3405 ses
1300 3344 1449 3404 talents...
1472 3344 1503 3404 Il
1531 3341 1671 3401 pourrait

1794 3377 1929 3437 calmera
1962 3377 2008 3437 ses
2031 3377 2138 3437 nerfs,
2158 3380 2213 3440 qui
2237 3378 2282 3438 est
2311 3380 2543 3440 indispensable
2572 3380 2585 3440 à
2614 3380 2646 3440 sa
2679 3383 2757 3443 vie...
2781 3383 2860 3443 Mais
2888 3383 2948 3443 non
2972 3383 2981 3443 ;
3005 3383 3139 3443 l'adver¬

320 3402 417 3462 écrire
444 3401 486 3461 ses
512 3398 695 3458 mémoires,
708 3395 840 3455 débuter
866 3394 946 3454 dans
972 3392 1006 3452 un
1037 3392 1224 3452 music-hall
1246 3389 1365 3449 comme
1391 3389 1680 3449 prestidigitateur,

1795 3420 1873 3480 saire
1902 3422 1929 3482 se
1958 3423 2031 3483 tait,
2051 3422 2078 3482 il
2097 3423 2199 3483 refuse
2227 3423 2255 3483 le
2279 3425 2441 3485 combat...
2460 3425 2544 3485 C'est
2567 3425 2725 3485 peut-être
2754 3428 2818 3488 très
2842 3428 2907 3488 fort
2935 3428 2967 3488 de
3000 3431 3028 3491 sa
3061 3431 3149 3491 part,

322 3448 406 3508 faire
434 3446 466 3506 de
490 3446 517 3506 la
541 3443 726 3503 diplomatie
755 3440 768 3500 à
797 3440 824 3500 la
853 3440 889 3500 S.
908 3440 950 3500 D.
969 3440 1019 3500 N.,
1034 3439 1066 3499 ou
1099 3437 1210 3497 encore
1234 3437 1373 3497 s’établir
1397 3436 1587 3496 banquier...
1606 3436 1633 3496 Il
1652 3436 1666 3496 a

1795 3468 1875 3528 mais
1903 3467 1934 3527 ce
1962 3467 2039 3527 n’est
2066 3472 2120 3532 pas
2143 3470 2233 3530 jouer
2261 3470 2283 3530 la
2311 3470 2392 3530 règle
2420 3471 2451 3531 du
2484 3471 2573 3531 jeu...
2592 3472 2628 3532 La
2660 3473 2705 3533 vie
2728 3473 2741 3533 à
2774 3473 2850 3533 deux
2878 3473 3004 3533 devient
3027 3474 3140 3534 insup¬

323 3494 389 3554 déjà
418 3492 451 3552 un
485 3488 686 3548 coffre-fort,
705 3488 786 3548 celui
805 3486 881 3546 qu'il
896 3485 910 3545 a
939 3485 1039 3545 volé...
1054 3485 1092 3545 Et
1116 3484 1197 3544 puis,
1216 3482 1335 3542 comme
1355 3484 1407 3544 ça,
1427 3483 1450 3543 il
1470 3482 1503 3542 ne
1532 3482 1670 3542 change¬

1795 3515 1957 3575 portable,
1971 3515 2019 3575 s’il
2038 3515 2086 3575 n’y
2111 3516 2124 3576 a
2149 3515 2220 3575 plus
2244 3515 2349 3575 moyen
2378 3515 2411 3575 de
2436 3516 2464 3576 se
2493 3516 2684 3576 quereller...
2699 3518 2727 3578 Il
2742 3518 2756 3578 y
2785 3518 2799 3578 a
2823 3518 2885 3578 bien
2919 3518 2971 3578 des
2991 3518 3143 3578 ménages

323 3540 383 3600 rait
407 3538 463 3598 pas
487 3535 524 3595 de
548 3535 764 3595 profession...
784 3532 816 3592 ou
845 3531 872 3591 si
897 3530 948 3590 peu
972 3532 985 3592 !

1795 3559 1827 3619 où
1860 3559 1915 3619 des
1939 3559 2036 3619 époux
2069 3559 2096 3619 se
2129 3559 2281 3619 boudent,
2305 3559 2337 3619 et
2361 3559 2397 3619 ne
2426 3561 2620 3621 s'adressent
2649 3562 2718 3622 plus
2746 3562 2773 3622 la
2806 3562 2908 3622 parole
2941 3562 2973 3622 de
3006 3565 3135 3625 quelque

1795 3604 1937 3664 temps...
1952 3604 2030 3664 Mais
2055 3604 2104 3664 ces
2134 3607 2295 3667 bouderies
2320 3604 2354 3664 ne
2379 3605 2496 3665 durent
2521 3607 2594 3667 pas,
2615 3607 2643 3667 en
2678 3607 2820 3667 général,
2840 3607 2889 3667 car
2919 3610 2977 3670 l'un
3007 3610 3036 3670 et
3061 3610 3139 3670 l'au¬

502 3621 519 3681 E
542 3619 721 3679 romancier
750 3616 923 3676 autrichien
958 3615 1154 3675 Schnitzler,
1172 3616 1224 3676 qui
1248 3613 1333 3673 vient
1364 3613 1397 3673 de
1427 3610 1565 3670 mourir,
1583 3610 1680 3670 avait.

1792 3651 1836 3711 tre
1862 3649 2012 3709 finissent
2033 3651 2087 3711 par
2113 3651 2148 3711 ne
2173 3652 2238 3712 plus
2264 3652 2389 3712 pouvoir
2414 3652 2549 3712 endurer
2575 3652 2655 3712 cette
2681 3652 2836 3712 existence
2861 3655 2996 3715 muette,
3017 3655 3067 3715 qui
3093 3658 3137 3718 est

520 3664 682 3724 paraît-il,
702 3664 726 3724 la
756 3661 878 3721 terreur
908 3661 1001 3721 d'être
1031 3658 1154 3718 enterré
1179 3658 1291 3718 vivant
1307 3658 1316 3718 ;
1341 3658 1444 3718 aussi,
1464 3656 1596 3716 avait-il
1616 3653 1674 3713 de¬

1795 3697 1819 3757 le
1843 3697 1915 3757 plus
1944 3697 2030 3757 cruel
2050 3697 2102 3757 des
2131 3697 2304 3757 supplices.

523 3709 637 3769 mandé
673 3706 752 3766 dans
783 3707 836 3767 son
876 3706 1065 3766 testament,
1092 3705 1175 3765 qu'on
1215 3704 1263 3764 lui
1290 3706 1493 3766 transperçât
1528 3702 1554 3762 le
1586 3700 1673 3760 cœur

371 3748 635 3808 d'un
659 3752 734 3812 coup
758 3752 787 3812 de
818 3751 954 3811 poignard
985 3750 1075 3810 avant
1099 3750 1121 3810 la
1152 3750 1219 3810 mise
1243 3748 1272 3808 en
1296 3747 1417 3807 hière..
1433 3747 1515 3807 Cette
1531 3745 1652 3805 hantise

1835 3748 1917 3808 Vous
1943 3750 1983 3810 me
2010 3750 2097 3810 direz
2123 3750 2174 3810 que
2200 3750 2225 3810 la
2252 3750 2364 3810 femme
2391 3750 2467 3810 peut
2494 3753 2632 3813 toujours
2658 3752 2792 3812 prendre
2818 3753 2843 3813 la
2870 3753 2998 3813 parole,
3014 3754 3044 3814 et
3065 3755 3137 3815 cou¬

328 3798 358 3858 de
385 3798 411 3858 la
438 3798 521 3858 mort
543 3798 719 3858 apparente
745 3796 794 3856 est
821 3797 877 3857 une
904 3798 996 3858 chose
1023 3795 1106 3855 assez
1133 3795 1269 3855 curieuse
1301 3795 1375 3855 chez
1402 3792 1437 3852 un
1468 3792 1665 3852 intellectuel

1796 3795 1854 3855 vrir
1884 3795 1933 3855 son
1968 3795 2050 3855 mari
2075 3795 2242 3855 d'injures,
2267 3795 2335 3855 sans
2360 3794 2428 3854 être
2458 3797 2575 3857 jamais
2600 3797 2855 3857 interrompue...
2875 3798 2918 3858 Ne
2948 3798 3055 3858 croyez
3085 3802 3144 3862 pas

328 3844 407 3904 mais
426 3843 481 3903 elle
505 3843 551 3903 est
570 3840 658 3900 assez
677 3843 844 3903 fréquente
868 3843 946 3903 dans
970 3843 993 3903 le
1017 3843 1166 3903 peuple...
1180 3842 1207 3902 Il
1227 3840 1272 3900 est
1296 3838 1412 3898 certain
1440 3838 1496 3898 que
1524 3837 1607 3897 l'idée
1636 3835 1668 3895 de

1800 3840 1878 3900 cela.
1903 3840 1941 3900 On
1976 3840 2005 3900 se
2030 3840 2151 3900 fatigue
2181 3840 2239 3900 vite
2269 3840 2322 3900 des
2347 3840 2567 3900 monologues,
2587 3843 2704 3903 autant
2729 3843 2811 3903 dans
2841 3843 2880 3903 les
2910 3846 3056 3906 disputes
3081 3847 3139 3907 que

330 3890 356 3950 se
382 3888 523 3948 réveiller
550 3888 659 3948 vivant
686 3888 769 3948 entre
796 3888 839 3948 les
866 3888 976 3948 quatre
1003 3888 1157 3948 planches
1179 3887 1249 3947 d’un
1280 3885 1425 3945 cercueil,
1447 3882 1517 3942 doit
1540 3883 1671 3943 frapper

1795 3885 1874 3945 dans
1897 3885 1939 3945 les
1962 3885 2073 3945 scènes
2097 3885 2272 3945 d'amour...
2287 3885 2435 3945 Trompez
2463 3888 2546 3948 votre
2574 3888 2690 3948 femme
2713 3888 2741 3948 si
2764 3888 2838 3948 vous
2862 3889 2982 3949 voulez,
3001 3891 3139 3951 refusez¬

328 3935 503 3995 fortement
530 3933 574 3993 les
601 3932 865 3992 imaginations...
892 3932 953 3992 Que
984 3932 1143 3992 d’auteurs
1174 3932 1231 3992 ont
1262 3929 1310 3989 été
1341 3926 1473 3986 inspirés
1504 3926 1561 3986 par
1588 3925 1671 3985 cette

1793 3931 1837 3991 lui
1862 3929 1891 3989 de
1921 3929 2067 3989 l'argent,
2087 3929 2136 3989 des
2162 3929 2318 3989 toilettes,
2333 3931 2357 3991 le
2382 3929 2470 3989 droit
2491 3930 2524 3990 de
2554 3932 2681 3992 sortir...
2701 3932 2794 3992 Mais,
2814 3935 2991 3995 l'emmurer
3016 3936 3099 3996 dans
3124 3937 3143 3997 le

323 3982 494 4042 situation,
514 3980 700 4040 pathétique
725 3977 772 4037 s'il
796 3977 824 4037 en
854 3977 920 4037 fut,
935 3977 968 4037 ou
997 3977 1136 4037 comique
1165 3977 1193 4037 si
1213 3977 1269 4037 l’on
1304 3974 1442 4034 préfère,
1461 3971 1514 4031 car
1533 3971 1561 4031 il
1581 3971 1628 4031 n’y
1658 3969 1666 4029 a

1793 3974 1926 4034 silence,
1946 3976 2040 4036 quelle
2070 3976 2174 4036 injure
2203 3977 2275 4037 plus
2304 3977 2394 4037 grave
2423 3977 2556 4037 peut-on
2590 3980 2748 4040 imaginer
2763 3978 2776 4038 ?
2806 3980 2843 4040 La
2877 3980 2986 4040 parole
3016 3980 3063 4040 n'a
3092 3976 3139 4036 été

333 4030 387 4090 pas
412 4028 445 4088 de
470 4025 617 4085 situation
647 4025 794 4085 macabre
824 4023 907 4083 qu’on
938 4024 971 4084 ne
1001 4022 1104 4082 puisse
1134 4020 1261 4080 tourner
1286 4019 1355 4079 vers
1380 4018 1404 4078 le
1429 4016 1506 4076 rire.

1798 4022 1919 4082 donnée
1951 4022 1962 4082 à
1988 4022 2140 4082 l'homme
2165 4023 2219 4083 que
2245 4025 2324 4085 pour
2349 4025 2520 4085 permettre
2545 4025 2556 4085 à
2588 4025 2611 4085 la
2643 4025 2758 4085 femme
2790 4025 2820 4085 de
2845 4025 2973 4085 parler.

367 4073 410 4133 On
439 4073 449 4133 a
477 4073 543 4133 joué
572 4072 648 4132 dans
676 4072 698 4132 le
726 4070 847 4130 temps,
865 4069 897 4129 au
926 4064 1213 4124 Grand-Guigniol,
1230 4064 1262 4124 un
1290 4065 1373 4125 petit
1396 4067 1517 4127 drame,
1540 4063 1589 4123 sur
1612 4062 1672 4122 une

2953 4070 3107 4130 FAUBLAS.
