3392 4320
1440 294 1574 354 box
1647 294 1884 354 43/15

196 297 282 357 2.
342 300 935 360 Schnitzler's
995 297 1227 357 Death

447 740 1167 800 OBSERVER

540 798 563 858 I.
577 798 701 858 österr.
711 797 858 857 behördl.
872 793 1176 853 konzessioniertes

500 840 738 900 Unternehmen
766 836 812 896 für
836 834 1223 894 Zeitungs-Ausschnitte

550 898 704 958 WIEN,
727 899 775 959 I.,
804 897 1088 957 WOLLZEILE
1131 893 1180 953 11

2064 923 2147 983 5.N

2451 946 2588 1006 Wiener
2609 926 2776 986 Bausfrai

652 950 865 1010 TELEPHON
903 946 1073 1006 R-23-0-43

1517 960 1693 1020 Wiener
1725 960 1954 1020 Hausfrau

2948 963 3013 1023 III

855 1163 1192 1223 Arthur
1234 1163 1737 1223 Schnitzler
1793 1161 1940 1221 zum
2050 1161 2565 1221 Gedenken

1326 1276 1412 1336 gehen
1453 1275 1487 1335 sie
1516 1275 1631 1335 hinaus
1666 1273 1689 1333 in
1724 1273 1775 1333 den
1810 1276 1948 1336 Garten,
1978 1275 2034 1335 und
2064 1274 2144 1334 dann

2203 1273 2378 1333 Menschen.
2407 1275 2446 1335 Es
2475 1276 2605 1336 braucht
2628 1275 2673 1335 sich
2708 1276 2803 1336 keiner
2827 1276 2922 1336 darum
2962 1276 3024 1336 mit

477 1276 644 1336 raußen
672 1277 698 1337 in
732 1276 780 1336 der
808 1276 954 1336 Cottage,
971 1273 1046 1333 nahe
1069 1273 1101 1333 am
1139 1274 1279 1334 Türken¬

477 1321 741 1381 schanzpark,
778 1321 804 1381 in
852 1318 905 1378 der
948 1318 1281 1378 Sternwartestraße,

1327 1321 1400 1381 hört
1422 1318 1486 1378 man
1523 1318 1602 1378 einen
1635 1319 1777 1379 dumpfen
1810 1318 1921 1378 Knall.
1948 1320 1989 1380 Es
2016 1319 2053 1379 ist
2075 1320 2148 1380 alles

2209 1318 2327 1378 Ekrasit
2351 1318 2378 1378 in
2413 1318 2457 1378 die
2481 1319 2554 1379 Luft
2583 1321 2605 1381 zu
2640 1321 2804 1381 sprengen,
2827 1319 2900 1379 weil
2923 1319 2956 1379 er
2980 1320 3002 1380 im

2203 1360 2329 1420 Grunde
2361 1363 2456 1423 nichts
2488 1363 2593 1423 taugt.
2641 1363 2683 1423 Es
2715 1366 2783 1426 geht
2810 1363 2873 1423 auch
2905 1365 3015 1425 anders

451 1364 528 1424 steht
554 1364 605 1424 das
637 1363 770 1423 einsame
796 1363 900 1423 Haus,
921 1361 946 1421 in
978 1362 1029 1422 dem
1070 1363 1121 1423 der
1153 1363 1271 1423 Dichter

1330 1363 1409 1423 nicht
1436 1363 1557 1423 minder
1584 1363 1706 1423 tragisch
1744 1363 1786 1423 als
1818 1363 1865 1423 bei
1887 1363 1998 1423 Ibsen,
2019 1363 2093 1423 aber
2120 1363 2146 1423 es

1327 1404 1364 1464 ist
1408 1405 1456 1465 die
1500 1407 1651 1467 Tragödie
1695 1405 1754 1465 der
1798 1407 1997 1467 Oberfläche.
2052 1406 2148 1466 Reine

449 1408 588 1468 wohnte.
625 1407 686 1467 Bis
713 1407 779 1467 spät
800 1407 826 1467 in
852 1407 904 1467 den
935 1406 1043 1466 Herbst
1065 1407 1173 1467 konnte
1199 1407 1266 1467 man

2265 1404 2355 1464 nun,
2375 1406 2435 1466 und
2471 1407 2551 1467 wenn
2592 1407 2616 1467 es
2652 1407 2727 1467 schon
2763 1407 2913 1467 durchaus
2944 1408 3019 1468 nicht

2208 1446 2321 1506 anders
2353 1449 2435 1509 geht,
2456 1450 2533 1510 dann
2565 1449 2637 1509 geht
2663 1452 2725 1512 man
2762 1451 2834 1511 ohne
2865 1450 2927 1510 viel
2954 1450 3025 1510 Auf¬

1333 1449 1435 1509 Helden
1478 1449 1537 1509 und
1576 1452 1732 1512 Heiligen,
1765 1452 1845 1512 keine
1878 1450 2039 1510 Herrscher
2072 1448 2147 1508 oder

448 1452 518 1512 ihn,
540 1453 561 1513 in
594 1449 643 1509 sich
677 1452 763 1512 selbst
791 1451 867 1511 ganz
889 1452 1079 1512 versunken,
1107 1449 1129 1509 im
1173 1449 1270 1509 nahen

1331 1494 1482 1554 Lumpen,
1513 1494 1543 1554 es
1579 1494 1644 1554 sind
1681 1494 1786 1554 lauter
1823 1494 1908 1554 Leute
1949 1494 2009 1554 mit
2046 1494 2141 1554 ausge

2205 1491 2315 1551 hebens
2346 1494 2401 1554 ab.
2431 1494 2497 1554 Das
2528 1494 2593 1554 war
2619 1497 2800 1557 Schnitzlers
2831 1496 2911 1556 Zeit.
2942 1495 3027 1555 Diel¬

451 1496 533 1556 Park
559 1497 802 1557 dahinwandern
834 1495 936 1555 sehen,
958 1494 1066 1554 vorbei
1087 1494 1123 1554 am
1165 1494 1278 1554 Kainz¬

2206 1535 2294 1595 leicht
2324 1536 2442 1596 werden
2484 1536 2566 1596 seine
2602 1539 2731 1599 Stücke:
2774 1539 2850 1599 „Der
2892 1539 3021 1599 einsame

1334 1539 1504 1599 sprochenen
1541 1539 1644 1599 feinen
1681 1539 1867 1599 Manieren.
1904 1538 1965 1598 Sie
2002 1537 2147 1597 brauchen

449 1540 619 1600 Denkmal.
682 1541 841 1601 Vielleicht
873 1539 955 1599 blieb
992 1539 1028 1599 er
1065 1538 1095 1598 ab
1137 1537 1198 1597 und
1240 1537 1266 1597 zu

2209 1577 2278 1637 Weg

1331 1581 1405 1641 keine
1443 1582 1554 1642 Helden
1591 1582 1671 1642 sein,
1698 1582 1751 1642 das
1789 1581 1825 1641 ist
1858 1580 1906 1640 ihr
1938 1581 2150 1641 angenehmer

451 1584 543 1644 stehen
580 1584 636 1644 und
673 1584 771 1644 blickte
803 1583 849 1643 sich
885 1583 926 1643 ein
963 1582 1061 1642 wenig
1093 1581 1180 1641 müde
1211 1581 1278 1641 um.

2370 1581 2451 1641 „Das
2517 1581 2609 1641 weite
2669 1584 2794 1644 Land,
2850 1584 3028 1644 „Anatol",

1335 1622 1466 1682 Vorzug;
1500 1625 1538 1685 sie
1572 1625 1666 1685 haben
1711 1622 1777 1682 ihre
1816 1625 2070 1685 Beschäftigung,
2104 1625 2148 1685 die

2210 1625 2486 1685 „Zwischenspiel",
2545 1625 2717 1685 „Komödie
2776 1624 2827 1684 der
2880 1626 3023 1686 Worte",

447 1628 601 1688 Dahinten
649 1626 675 1686 im
724 1625 909 1685 Dunstkreis
952 1627 1005 1687 des
1043 1625 1180 1685 Herbstes
1229 1625 1270 1685 lag

2209 1667 2284 1727 „Dr.
2301 1667 2502 1727 Bernhardi"
2535 1670 2589 1730 und
2617 1669 2671 1729 alle
2694 1669 2742 1729 die
2764 1670 2856 1730 vielen
2889 1670 3014 1730 anderen

1331 1667 1411 1727 nicht
1428 1670 1541 1730 gerade
1563 1669 1676 1729 Arbeit
1698 1670 1719 1730 zu
1747 1670 1800 1730 sein
1833 1670 1973 1730 braucht;
1996 1669 2027 1729 sie
2050 1667 2141 1727 haben

447 1673 669 1733 ausgebreitet
699 1669 709 1729 —
766 1672 820 1732 sein
856 1672 962 1732 Wien.
1014 1669 1074 1729 Das
1105 1670 1211 1730 Wien,
1236 1667 1266 1727 an

2204 1709 2322 1769 einmal
2359 1710 2415 1770 vor
2452 1711 2535 1771 einer
2571 1713 2788 1773 sportgeübten
2830 1712 3026 1772 Gegenwart

1325 1712 1395 1772 ihre
1423 1714 1542 1774 Frauen
1580 1712 1650 1772 oder
1678 1715 1764 1775 süßen
1803 1712 1943 1772 Mädels,
1971 1713 2025 1773 mit
2053 1712 2144 1772 denen

448 1715 539 1775 dessen
572 1715 692 1775 Rultur
720 1715 768 1775 der
795 1718 893 1778 letzten
926 1716 958 1776 zo
991 1715 1084 1775 Jahre
1111 1715 1143 1775 er
1171 1715 1268 1775 keinen

2205 1754 2394 1814 verblassen.
2422 1754 2487 1814 Das
2520 1755 2596 1815 wird
2623 1757 2694 1817 aber
2722 1757 2753 1817 an
2787 1757 2835 1817 den
2868 1759 3014 1819 Menschen

1328 1758 1367 1818 sie
1391 1757 1540 1817 Schicksal
1564 1757 1690 1817 spielen.

449 1760 595 1820 geringen
633 1759 741 1819 Anteil
763 1758 862 1818 hatte.

2205 1799 2318 1859 liegen,
2341 1799 2421 1859 nicht
2449 1799 2481 1859 an
2514 1799 2698 1859 Schnitzler,
2720 1802 2790 1862 denn
2823 1801 2850 1861 im
2893 1802 3023 1862 Grunde

1376 1800 1434 1860 Der
1465 1801 1541 1861 Arzt
1571 1802 1736 1862 Schnitzler
1766 1799 1830 1859 läßt
1860 1799 1937 1859 viele
1967 1799 2061 1859 seiner
2091 1797 2149 1857 Ge¬

495 1802 559 1862 Der
584 1802 713 1862 Liebling
744 1802 796 1862 der
826 1802 1032 1862 Gesellschaft,
1051 1799 1103 1859 der
1133 1799 1274 1859 gewohnt

2204 1839 2242 1899 ist
2270 1839 2330 1899 doch
2365 1841 2431 1901 jede
2464 1840 2619 1900 wirkliche
2653 1843 2770 1903 Kultur
2804 1846 2925 1906 zeitlos.
2965 1845 3025 1905 Un¬

1332 1843 1435 1903 stalten
1471 1843 1603 1903 sterben.
1644 1843 1724 1903 Aber
1754 1843 1793 1903 sie
1823 1843 1938 1903 sterben
1979 1843 2053 1903 nicht
2088 1843 2145 1903 wie

449 1846 533 1906 war,
556 1843 582 1903 in
609 1843 661 1903 den
694 1844 816 1904 Salons
843 1843 895 1903 von
928 1844 1012 1904 Wien
1045 1843 1097 1903 das
1124 1843 1209 1903 Beste
1236 1843 1267 1903 an

2202 1882 2393 1942 vergänglich
2446 1884 2521 1944 aber
2569 1885 2685 1945 werden
2744 1888 2898 1948 bestimmt
2947 1888 3020 1948 diese

1327 1885 1374 1945 die
1401 1888 1501 1948 kleine
1534 1885 1655 1945 Hedwig
1687 1885 1713 1945 in
1746 1886 1798 1946 der
1836 1885 2047 1945 „Wildente,
2069 1886 2153 1946 nicht

449 1886 539 1946 Geist
569 1885 629 1945 und
670 1888 790 1948 Kultur
826 1886 861 1946 um
912 1888 961 1948 sich
997 1888 1203 1948 versammeit
1239 1887 1263 1947 zu

2206 1927 2350 1987 Novellen
2380 1928 2460 1988 sein,
2479 1928 2525 1988 die
2554 1929 2600 1989 zum
2647 1929 2751 1989 Besten
2787 1931 2931 1991 gehören,
2955 1933 3018 1993 was

1327 1928 1385 1988 wie
1417 1930 1517 1990 Eilert
1550 1930 1681 1990 Lövborg
1714 1930 1740 1990 in
1783 1930 1899 1990 „Hedda
1931 1930 2090 1990 Gabler",
2111 1928 2148 1988 sie

450 1930 558 1990 sehen,
590 1930 641 1990 der
683 1932 880 1992 Frauenarzt
922 1932 978 1992 und
1020 1933 1279 1993 Frauenkenner,

2205 1971 2233 2031 an
2273 1972 2426 2032 deutscher
2455 1972 2546 2032 Prosa
2580 1972 2739 2032 geschaffen
2773 1975 2897 2035 wurde.

1325 1975 1464 2035 sterben,
1485 1972 1557 2032 weil
1583 1972 1666 2032 ihnen
1702 1972 1753 2032 das
1785 1972 1872 2032 Leben
1904 1972 2059 2032 vielleicht
2080 1972 2147 2032 doch

455 1970 502 2030 der
529 1973 772 2033 Seelenchirurg
800 1975 852 2035 und
884 1978 990 2038 gütige
1017 1975 1170 2035 Versteher
1202 1975 1276 2035 aller

1323 2017 1403 2077 nicht
1438 2017 1539 2077 etwas
1575 2018 1650 2078 gab,
1676 2017 1741 2077 was
1782 2017 1964 2077 annähernd
2000 2015 2024 2075 im
2075 2016 2155 2076 Ver¬

2240 2015 2293 2075 Ist
2335 2015 2364 2075 er
2412 2016 2488 2076 denn
2536 2017 2672 2077 wirklich
2720 2018 2784 2078 tot,
2821 2019 2873 2079 der
2921 2019 3015 2079 greise

449 2017 655 2077 menschlichen
691 2019 892 2079 Schwächen,
923 2019 988 2079 war
1019 2018 1044 2078 in
1080 2018 1130 2078 den
1171 2019 1266 2079 letzten

2209 2056 2374 2116 Jüngling?
2411 2057 2475 2117 Hat
2499 2056 2534 2116 er
2565 2059 2611 2119 den
2647 2061 2706 2121 Tod
2736 2062 2812 2122 nicht
2843 2061 3014 2121 bezwingen

1327 2061 1445 2121 hältnis
1482 2061 1507 2121 zu
1549 2061 1600 2121 dem
1647 2061 1750 2121 stand,
1777 2059 1838 2119 was
1875 2058 1941 2118 man
1984 2061 2009 2121 zu
2051 2058 2148 2118 seiner

925 2061 979 2121 Die
1008 2061 1122 2121 einzige
1151 2061 1270 2121 Jochter

451 2061 563 2121 Jahren
595 2060 664 2120 sehr
691 2062 894 2122 vereinsamt.

2206 2103 2338 2163 können,
2368 2100 2431 2160 wie
2466 2100 2494 2160 er
2529 2101 2575 2161 ihn
2616 2106 2817 2166 tausendmal
2847 2106 2875 2166 in
2916 2108 3014 2168 seinen

1327 2106 1527 2166 Bestreitung
1554 2103 1775 2163 aufzubringen
1803 2103 1899 2163 hatte.
1922 2104 1991 2164 Eine
2014 2103 2148 2163 schlichte

449 2103 533 2163 hatte
571 2104 634 2164 mit
666 2106 751 2166 einem
804 2106 968 2166 tragischen
1012 2106 1132 2166 Freitod
1176 2105 1255 2165 ihrem

2204 2145 2330 2205 Werken
2360 2145 2590 2205 überwunden,
2615 2146 2660 2206 er,
2684 2148 2735 2208 der
2759 2148 2834 2208 stets
2864 2150 2932 2210 kühl
2962 2151 3013 2211 und

1329 2150 1470 2210 Einsicht.
1512 2148 1600 2208 Wozu
1642 2151 1730 2211 auch,
1754 2148 1783 2208 es
1819 2150 1872 2210 hat
1902 2148 1931 2208 ja
1967 2148 2031 2208 doch
2067 2148 2143 2208 alles

449 2148 541 2208 Leben
570 2149 610 2209 ein
639 2150 702 2210 Ziel
720 2151 835 2211 gesey.,
853 2151 893 2211 die
922 2153 997 2213 Frau
1021 2151 1107 2211 hatte
1130 2151 1170 2211 ihn
1205 2149 1274 2209 ver¬

2614 2190 2670 2250 klug
2697 2190 2766 2250 über
2793 2192 2875 2252 seinen
2908 2193 3022 2253 Schöp¬

442 2191 548 2251 lassen,
586 2192 644 2252 und
688 2192 740 2252 der
768 2192 852 2252 Sohn

2612 2231 2719 2291 fungen
2750 2234 2850 2294 stand?

449 2234 574 2294 Heinrich
600 2234 676 2294 war,
696 2236 741 2296 dem
777 2234 862 2294 Thea¬

447 2279 561 2339 terblut
592 2277 638 2337 des
670 2279 778 2339 Vaters
805 2279 861 2339 fol¬

2655 2276 2690 2336 Am
2728 2279 2868 2339 Dienstag
2893 2281 3021 2341 besuchte

1745 2312 2193 2372 undpranken

2607 2321 2640 2381 er
2658 2321 2725 2381 noch
2749 2321 2794 2381 das
2817 2323 2953 2383 Theater;
2971 2324 2999 2384 am

447 2324 543 2384 gend,
554 2323 614 2383 nach
635 2323 736 2383 Berlin
762 2326 792 2386 an
818 2325 858 2385 die

2608 2364 2760 2424 Mittwoch
2799 2368 2864 2428 ging
2903 2368 2929 2428 er
2963 2369 3016 2429 wie

447 2366 559 2426 Bühne
590 2367 753 2427 gegangen.
800 2369 855 2429 Den

2612 2411 2784 2471 gewöhnlich
2824 2409 2845 2469 im
2897 2412 3025 2472 Türken¬

449 2410 515 2470 Weg
541 2411 684 2471 hinunter
705 2414 786 2474 gehen
813 2412 863 2472 wir

1895 2403 2037 2463 senr
2071 2414 2447 2474 bekömmlich

2610 2455 2942 2515 schanzparkspazieren.
2954 2454 3022 2514 Viel¬

447 2455 504 2515 alle
526 2455 624 2515 allein,
641 2455 703 2515 sagt
719 2455 787 2515 Herr
808 2455 854 2515 von

2607 2496 2696 2556 leicht
2712 2497 2817 2557 machte
2838 2497 2864 2557 er
2886 2500 2938 2560 vor
2960 2500 3001 2560 dem

450 2496 539 2556 Salla
590 2500 618 2560 im
680 2500 853 2560 „Einsamen

2611 2542 2839 2602 Kainzdenkmal
2861 2544 2936 2604 halt,
2953 2545 3018 2605 weil

451 2540 557 2600 Weg".
584 2542 658 2602 War
680 2545 706 2605 es
728 2543 764 2603 ein
796 2545 854 2605 Weg

2612 2584 2656 2644 ihn
2690 2584 2741 2644 der
2763 2587 2971 2647 Totenschädel
2994 2590 3015 2650 in

453 2587 590 2647 hinunter
611 2587 657 2647 für
672 2587 723 2647 den
744 2590 866 2650 Dichter!

1800 2626 2199 2686 Thea

2613 2627 2661 2687 des
2678 2629 2782 2689 Mimen
2804 2632 2879 2692 Hand
2902 2632 3021 2692 irgend¬

494 2629 532 2689 Es
571 2632 604 2692 ist
633 2632 778 2692 eigentlich
806 2634 861 2694 fast

2611 2671 2667 2731 wie
2695 2673 2847 2733 berührte.
2870 2673 2903 2733 Er
2926 2676 3021 2736 blickte

451 2675 528 2735 nicht
571 2674 597 2734 zu
639 2676 764 2736 glauben
811 2676 857 2736 daß

1689 2715 2439 2775 MIICH-MARGARINE

2615 2716 2659 2776 zum
2704 2719 2859 2779 letztenmal
2889 2721 2938 2781 auf
2961 2721 3010 2781 sein

450 2719 609 2779 Schnitzler
648 2719 675 2779 im
731 2721 857 2781 nächsten

2611 2763 2746 2823 geliebtes
2795 2763 2871 2823 Wien
2915 2765 3023 2825 herab,

454 2764 544 2824 Jahre
579 2766 658 2826 schon
693 2765 790 2825 fiebzig
819 2765 864 2825 ge¬

1384 2784 2048 2844 weilleicht
2086 2790 2441 2850 verdaulich

2614 2805 2699 2865 dessen
2737 2806 2827 2866 echter
2855 2808 3020 2868 eingebore¬

448 2807 567 2867 worden
597 2808 692 2868 wäre.
722 2808 781 2868 Wir
807 2809 865 2869 ken¬

2610 2849 2663 2909 ner
2685 2849 2764 2909 Sohn
2791 2851 2817 2911 er
2849 2851 2912 2911 doch
2945 2852 3018 2912 war.

450 2852 503 2912 nen
523 2852 561 2912 ihn
586 2852 638 2912 alle
658 2852 720 2912 noch
736 2852 783 2912 mit
803 2854 846 2914 dem

2205 2896 2243 2956 Um
2288 2894 2321 2954 11
2343 2896 2404 2956 Uhr
2432 2897 2498 2957 fand
2527 2897 2570 2957 ihn
2599 2897 2642 2957 die
2671 2897 2870 2957 Sekretärin,
2893 2897 2936 2957 die
2959 2897 3014 2957 wie

1331 2899 1428 2959 keinen
1461 2900 1564 2960 Sinn,
1586 2900 1651 2960 sagt
1673 2898 1792 2958 jemand
1825 2897 1874 2957 bei
1896 2898 2064 2958 Schnitzler
2092 2897 2146 2957 und

450 2897 599 2957 schwarzen
631 2897 785 2957 Spitzbart
807 2900 858 2960 und
884 2897 930 2957 der
951 2900 1091 2960 samtenen
1117 2897 1189 2957 Locke
1205 2897 1272 2957 quer

2197 2939 2313 2999 immer
2349 2942 2398 3002 zum
2450 2942 2556 3002 Diktat
2587 2942 2733 3002 erschien,
2759 2942 2931 3002 bewußtlos
2967 2940 3002 3000 am

451 2940 520 3000 über
546 2940 591 3000 die
617 2942 723 3002 Stirn.
774 2944 900 3004 Samten
940 2942 1000 3002 war
1032 2942 1096 3002 doch
1127 2945 1268 3005 eigentlich

1327 2942 1398 3002 tritt
1425 2945 1673 3005 stillschweigend
1706 2942 1757 3002 ab.

2203 2986 2403 3046 Schreibtisch
2430 2984 2439 3044 —
2488 2985 2529 3045 ein
2556 2985 2634 3045 paar
2656 2987 2798 3047 Stunden
2825 2987 2924 3047 später
2951 2986 3014 3046 war

460 2987 534 3047 alles
577 2988 608 3048 an
657 2988 778 3048 Arthur
821 2990 1000 3050 Schnitzler,
1033 2989 1112 3049 seine
1155 2990 1276 3050 Augen,

1366 3029 1430 3089 Mit
1458 3029 1512 3089 der
1545 3030 1653 3090 milden
1698 3029 1779 3089 Hand
1813 3031 1894 3091 eines
1932 3029 2068 3089 Weisen,
2096 3029 2144 3089 der

2203 3029 2235 3089 er
2263 3030 2327 3090 tot.
2371 3030 2430 3090 Ein
2463 3030 2576 3090 milder
2603 3030 2679 3090 Tod,
2712 3030 2765 3090 wie
2793 3029 2825 3089 er
2852 3030 2900 3090 ihn
2939 3029 3014 3089 seine

455 3034 507 3094 sein
550 3032 650 3092 Haar,
678 3034 756 3094 seine
789 3035 920 3095 weißen,
948 3035 1138 3095 frauenhaft
1165 3034 1265 3094 zarten

1325 3072 1398 3132 stets
1441 3072 1541 3132 bereit
1579 3073 1631 3133 ist,
1663 3071 1715 3131 alle
1753 3073 1863 3133 Fehler
1901 3072 1926 3132 zu
1975 3073 2148 3133 verzeihen,

2209 3073 2310 3133 Helden
2344 3073 2457 3133 sterben
2497 3073 2570 3133 ließ,
2593 3073 2683 3133 hatte
2712 3074 2779 3134 auch
2808 3073 2853 3133 ihn
2893 3073 2926 3133 an
2961 3073 3016 3133 der

456 3076 577 3136 Hände,
605 3075 666 3135 sein
711 3078 938 3138 Klavierspiel,
967 3079 1022 3139 auf
1056 3077 1110 3137 das
1156 3076 1183 3136 er
1222 3077 1272 3137 sich

1323 3115 1410 3175 wenn
1442 3117 1472 3177 er
1499 3116 1545 3176 die
1566 3118 1798 3178 unerbittlichen
1835 3115 1995 3175 Schicksale
2021 3118 2140 3178 deshalb

2204 3118 2347 3178 welchen,
2369 3118 2481 3178 weißen
2513 3118 2598 3178 Hand
2619 3116 2821 3176 genommen.

447 3121 648 3181 meisterhaft
689 3124 849 3184 verstand.
916 3122 956 3182 In
1002 3121 1056 3181 den
1102 3121 1273 3181 neunziger

1324 3162 1395 3222 auch
1424 3162 1506 3222 nicht
1535 3163 1695 3223 abwenden
1735 3163 1828 3223 kann,
1851 3163 1983 3223 zeichnet
2006 3163 2039 3223 er
2067 3163 2144 3223 seine

2741 3169 2783 3229 5.
2801 3165 2845 3225 J.
2863 3163 2968 3223 Gigler

455 3163 566 3223 Jahren
603 3163 671 3223 war
704 3166 756 3226 sein
794 3166 852 3226 Typ
889 3166 942 3226 der
974 3165 1032 3225 Typ
1070 3167 1117 3227 des
1149 3166 1270 3226 schönen

1208 3208 1268 3268 Ein

458 3208 614 3268 Mannes,
651 3210 702 3270 des
744 3211 1151 3271 Frauenherzenbrechers.

446 3252 625 3312 prächtiger
668 3252 774 3312 Bart,
812 3254 875 3314 mit
918 3255 1087 3315 gepflegten
1146 3252 1267 3312 Händen

451 3295 587 3355 liebreich
623 3297 826 3357 gestreichelt,
846 3297 973 3357 gehörte
1004 3295 1095 3355 dazu,
1120 3294 1160 3354 ein
1197 3294 1277 3354 Bitck

455 3339 504 3399 von
540 3340 716 3400 heimlichen
747 3339 863 3399 Feuern
899 3339 1080 3399 erleuchtet,
1105 3338 1191 3398 Geist
1217 3338 1271 3398 und

460 3381 590 3441 Würde.
662 3383 757 3443 Wenn
803 3384 869 3444 man
915 3384 1081 3444 Schnitzler
1122 3381 1273 3441 natürlich

449 3428 523 3488 auch
571 3429 655 3489 nicht
698 3425 725 3485 in
773 3427 820 3487 die
868 3426 968 3486 Reihe
1012 3427 1106 3487 dieser
1155 3426 1270 3486 schönen

451 3469 591 3529 Männer
622 3470 723 3530 zählen
764 3471 844 3531 will,
865 3472 894 3532 so
925 3470 995 3530 war
1026 3468 1056 3528 er
1087 3469 1152 3529 doch
1188 3470 1273 3530 einer

451 3515 506 3575 der
547 3516 780 3576 bedeutendsten
832 3512 999 3572 Vertreter
1040 3515 1136 3575 dieser
1178 3513 1283 3573 Gene¬

456 3560 584 3620 ration.

493 3682 596 3742 Seine
627 3682 813 3742 Bedeutung
850 3682 896 3742 lag
933 3681 958 3741 in
995 3680 1051 3740 der
1083 3682 1268 3742 bestimmten

451 3726 770 3786 Menschengattung,
791 3727 831 3787 die
857 3726 891 3786 er
917 3726 973 3786 und
1004 3727 1105 3787 keiner
1136 3724 1191 3784 vor
1217 3725 1262 3785 ihm

450 3771 616 3831 geschaffen
657 3771 762 3831 hatte,
793 3769 848 3829 und
889 3769 914 3829 in
960 3767 1009 3827 der
1050 3769 1126 3829 Art,
1151 3769 1211 3829 wie
1247 3766 1277 3826 er

453 3814 535 3874 diese
572 3814 829 3874 Menschentypen
877 3813 928 3873 dem
986 3812 1135 3872 Schicksal
1172 3812 1285 3872 gegen¬

453 3859 660 3919 überstellte.

493 3910 555 3970 Der
587 3912 680 3972 große
711 3912 861 3972 nordische
893 3909 1137 3969 Frauenkenner
1163 3909 1277 3969 Henrik

458 3954 542 4014 Ibsen
575 3955 627 4015 hat
649 3953 723 4013 seine
750 3956 898 4016 Menschen
930 3952 961 4012 an
988 3954 1067 4014 ihren
1100 3954 1274 4014 Schicksalen

450 3999 683 4059 niederbrechen
723 3999 797 4059 oder
832 3998 876 4058 als
916 3996 1029 4056 Sieger
1065 3997 1272 4057 hervorgehen

458 4044 568 4104 lassen;
619 4044 654 4104 er
705 4044 775 4104 war
831 4043 1028 4103 unerbittlich
1084 4040 1144 4100 wie
1200 4040 1275 4100 alles

459 4085 635 4145 Nordische.
675 4086 747 4146 Auch
781 4086 946 4146 Schnitzler
974 4085 1046 4145 läßt
1075 4085 1151 4145 viele
1180 4085 1279 4145 seiner

454 4132 614 4192 Gestalten
640 4133 670 4193 an
700 4132 781 4192 ihrem
822 4131 967 4191 Schicksal
988 4130 1195 4190 untergehen,
1210 4128 1280 4188 aber

498 4180 676 4240 verzeiht
725 4180 808 4240 ihnen
857 4181 973 4241 vorber
