3392 4320
161 242 176 302 2

1404 237 1532 297 box
1605 239 1846 299 43/15

279 241 882 301 Schnitzler's
953 240 1190 300 Deatl

767 746 930 806 gegangen:
944 748 962 808 im
995 751 1081 811 „godt
1095 751 1245 811 classique"
1264 755 1405 815 verbindet
1419 759 1459 819 sich
1478 760 1514 820 die
1528 760 1628 820 jüngste
1647 763 1719 823 fran¬

1770 767 1919 827 Kleidung,
1938 769 1965 829 an
1992 769 2065 829 ihren
2092 771 2192 831 krausen
2220 771 2379 831 Einfällen,
2398 772 2456 832 auch
2484 772 2552 832 nicht
2575 778 2602 838 an
2629 778 2697 838 ihrem

768 789 868 849 zösische
883 791 1017 851 Moderne
1037 795 1089 855 mit
1104 795 1147 855 der
1167 798 1306 858 klassischen
1331 800 1450 860 Epoche;
1465 802 1484 862 im
1518 807 1705 867 Menschlichen

1765 810 1925 870 Verhältnis
1957 813 1979 873 zu
2011 813 2059 873 dem
2100 813 2198 873 ebenso
2225 816 2412 876 anziehenden
2444 816 2497 876 wie
2524 821 2711 881 bedeutenden

771 831 861 891 scheint
880 834 957 894 jener
976 840 1113 900 qualvolle
1131 843 1277 903 Zwiespalt
1296 846 1414 906 zwischen
1438 847 1505 907 Sein
1533 850 1583 910 und
1602 854 1720 914 Sollen,

1769 855 1984 915 Montgomery,
1994 858 2064 918 einem
2098 859 2248 919 Schotten.
2262 859 2318 919 Mit
2333 861 2412 921 diesem
2446 861 2520 921 reiste
2535 865 2567 925 sie
2586 867 2605 927 in
2624 867 2722 927 Agyp¬

765 876 811 936 der
835 878 881 938 das
909 879 1002 939 Wesen
1031 883 1077 943 des
1105 888 1235 948 deutschen
1269 894 1515 954 „Dynamismus"
1544 895 1562 955 in
1595 897 1711 957 Politik,

1764 897 1800 957 ten
1832 900 1882 960 und
1910 903 2128 963 Griechenland,
2152 904 2210 964 nach
2238 905 2320 965 zwölf
2343 906 2448 966 Jahren
2480 906 2589 966 bestand
2617 912 2644 972 er
2668 912 2717 972 auf

764 922 851 982 Kunst
870 924 918 984 und
936 927 1090 987 Wirtschaft
1108 931 1263 991 ausmacht,
1277 934 1298 994 in
1321 936 1396 996 einer
1414 938 1546 998 mittleren
1573 936 1582 996 —
1617 942 1714 1002 durch¬

1768 945 1817 1005 eine
1836 945 1945 1005 Heirat,
1954 947 2027 1007 deren
2050 948 2168 1008 strengste
2187 951 2419 1011 Geheimhaltung
2442 954 2469 1014 sie
2488 954 2523 1014 als
2542 956 2687 1016 Bedingun

766 967 815 1027 aus
834 969 902 1029 nicht
920 974 1138 1034 mittelmäßigen
1166 976 1174 1036 —
1216 979 1397 1039 menschlichen
1420 984 1706 1044 Gleichgewichtslage

1768 989 1860 1049 stellte.
1870 991 2024 1051 Zeitlebens
2043 992 2123 1052 sprach
2147 992 2169 1052 er
2184 994 2225 1054 von
2250 995 2394 1055 „Fräulein
2413 996 2511 1056 Ney",
2521 995 2548 1055 sie
2563 998 2609 1058 von
2628 1001 2698 1061 ihrem

758 1010 927 1070 aufgehoben
951 1016 1001 1076 und
1019 1018 1161 1078 beruhigt.
1180 1019 1188 1079 —
1226 1024 1294 1084 Dies
1313 1025 1340 1085 ist
1359 1025 1399 1085 die
1418 1027 1583 1087 Situation,
1597 1028 1633 1088 die
1657 1031 1702 1091 von

1770 1031 1863 1091 „besten
1892 1036 2041 1096 Freund".
2056 1037 2107 1097 Sie
2131 1040 2220 1100 wollte
2244 1040 2285 1100 als
2305 1043 2478 1103 Künstlerin,
2497 1043 2567 1103 nicht
2586 1046 2628 1106 als
2647 1045 2722 1105 Ehe¬

762 1058 822 1118 Otto
846 1061 983 1121 Grautoff
997 1061 1025 1121 an
1044 1063 1119 1123 einer
1133 1064 1218 1124 Reihe
1237 1065 1279 1125 von
1308 1070 1491 1130 französischen
1520 1073 1703 1133 Außerungen

1759 1074 1828 1134 weib
1851 1078 1966 1138 gelten.

768 1103 806 1163 zum
840 1104 960 1164 Thema:
975 1106 1089 1166 deutsche
1104 1110 1219 1170 Politik,
1229 1111 1344 1171 deutsche
1359 1115 1527 1175 Wirtschaft,
1537 1117 1575 1177 die
1590 1118 1709 1178 deutsche

1766 1121 1818 1181 Mit
1833 1124 1948 1184 anderen
1977 1126 2121 1186 Idealisten
2145 1127 2333 1187 beabsichtigte
2357 1130 2400 1190 das
2424 1130 2501 1190 Paar
2521 1132 2563 1192 sich
2588 1130 2606 1190 in
2631 1132 2712 1192 Süd¬

763 1148 826 1208 Frau
850 1148 918 1208 usw.
933 1150 987 1210 klug
1015 1154 1066 1214 und
1084 1154 1203 1214 geschickt
1222 1158 1424 1218 dokumentiert
1443 1160 1525 1220 wird.

1757 1165 1868 1225 amerika
1891 1169 2082 1229 anzusiedeln;
2100 1172 2126 1232 es
2145 1172 2202 1232 war
2225 1172 2260 1232 ein
2283 1175 2483 1235 Malarianest.
2497 1178 2577 1238 Dann
2604 1178 2706 1238 kauften

757 1191 816 1251 Dem
853 1193 1040 1253 vorliegenden
1064 1198 1146 1258 Band
1169 1199 1219 1259 soll
1233 1201 1292 1261 noch
1316 1202 1352 1262 ein
1376 1205 1540 1265 Gegenstück
1559 1207 1709 1267 „Deutsche

1761 1210 1790 1270 sie
1814 1210 1881 1270 Hals
1906 1210 1968 1270 über
1992 1213 2064 1273 Kopf
2088 1214 2160 1274 einen
2189 1216 2286 1276 großen
2315 1218 2411 1278 Besitz,
2430 1219 2478 1279 der
2498 1219 2531 1279 sie
2551 1222 2714 1282 wirtschaft¬

764 1235 831 1295 sehen
860 1238 1028 1298 Frankreich"
1054 1241 1159 1301 folgen.
1174 1243 1212 1303 In
1237 1245 1314 1305 einer
1333 1246 1410 1306 Zeit,
1425 1248 1449 1308 da
1473 1250 1627 1310 Frankreich
1656 1252 1704 1312 und

1760 1252 1802 1312 lich
1826 1255 1965 1315 zugrunde
1989 1258 2078 1318 richten
2106 1259 2199 1319 sollte.
2214 1261 2283 1321 Nach
2312 1261 2354 1321 dem
2392 1264 2601 1324 offenkundigen
2635 1267 2709 1327 Miß¬

753 1280 931 1340 Deutschland
962 1284 1011 1344 auf
1034 1288 1207 1348 Jahrzehnte
1238 1291 1385 1351 unrettbar
1408 1294 1594 1354 aufeinander
1622 1297 1710 1357 ange¬

1760 1298 1841 1358 erfolg
1871 1300 1961 1360 wollte
1986 1302 2019 1362 sie
2044 1301 2081 1361 sich
2111 1303 2182 1363 nicht
2207 1303 2225 1363 in
2250 1306 2437 1366 Deutschland
2456 1310 2566 1370 zeigen,
2581 1312 2614 1372 sie
2634 1312 2705 1372 lebte

757 1323 850 1383 wiesen
874 1327 944 1387 sind,
959 1327 1009 1387 sind
1033 1329 1141 1389 Bücher
1160 1330 1211 1390 wie
1235 1335 1314 1395 dieses
1338 1336 1586 1396 Frankreich=Buch
1610 1341 1708 1401 Grau¬

1757 1345 1899 1405 meistens,
1918 1347 1972 1407 fern
2000 1348 2046 1408 von
2074 1348 2142 1408 aller
2166 1351 2359 1411 künstlerischen
2387 1354 2538 1414 Anregung
2566 1357 2621 1417 und
2644 1356 2717 1416 För¬

758 1369 840 1429 toffs,
863 1370 908 1430 das
941 1372 981 1432 die
1005 1375 1201 1435 vorhandenen
1233 1380 1397 1440 Gegensätze
1425 1383 1520 1443 scharf,
1544 1384 1607 1444 aber
1635 1384 1703 1444 ohne

1761 1387 1875 1447 derung,
1894 1390 1912 1450 in
1940 1390 2045 1450 Texas,
2064 1392 2082 1452 in
2110 1395 2262 1455 dunkelster
2280 1395 2418 1455 Provinz.

754 1415 960 1475 entmutigende
983 1419 1271 1479 Hoffnungslosigkeit
1290 1425 1405 1485 sichtbar
1428 1425 1532 1485 werden
1561 1428 1634 1488 läßt,
1652 1428 1698 1488 von

1758 1431 1841 1491 Hinzu
1870 1434 1906 1494 kam
1949 1434 1986 1494 die
2005 1435 2102 1495 intime
2126 1439 2377 1499 Lebenstragödie.
2392 1441 2452 1501 Den
2480 1443 2615 1503 einzigen,
2634 1445 2708 1505 heiß¬

759 1461 861 1521 großer
876 1461 1055 1521 Wichtigkeit.

1753 1478 1881 1538 geliebten
1918 1479 2001 1539 Sohn
2038 1480 2157 1540 wurmte
2194 1482 2233 1542 die
2269 1485 2452 1545 zweideutige
2484 1488 2621 1548 Stellung
2657 1491 2706 1551 der

786 1517 1055 1577 Berlin=Zehlen

1762 1521 1878 1581 Mutter,
1893 1523 1944 1583 ihre
1963 1527 2169 1587 Exzentrizität,
2179 1527 2206 1587 er
2221 1527 2365 1587 entzweite
2380 1530 2417 1590 sich
2441 1530 2492 1590 mit
2506 1532 2557 1592 ihr,
2567 1533 2609 1593 nie
2623 1535 2702 1595 heilte

1758 1563 1804 1623 der
1823 1566 1930 1626 Bruch,
1949 1568 2014 1628 aber
2037 1569 2098 1629 auch
2122 1570 2182 1630 jetzt
2206 1572 2401 1632 verheimlichte
2430 1575 2462 1635 sie
2486 1575 2527 1635 die
2547 1575 2625 1635 Ehe!
2644 1581 2704 1641 Erst

1757 1607 1811 1667 kurz
1834 1609 1879 1669 vor
1898 1613 1970 1673 ihrem
2003 1615 2080 1675 Ende
2099 1616 2148 1676 hat
2172 1616 2203 1676 sie
2232 1617 2299 1677 diese
2327 1618 2404 1678 einer
2432 1620 2568 1680 Freundin
2605 1624 2705 1684 anver¬

1758 1652 1854 1712 traut.

754 1670 833 1730 Eli

1761 1701 1808 1761 Ihr
1828 1701 2034 1761 Künstlertum,
2048 1703 2092 1763 dem
2126 1703 2159 1763 sie
2178 1705 2245 1765 alles
2265 1706 2355 1766 opfern
2380 1707 2490 1767 wollte,
2505 1708 2547 1768 hat
2567 1709 2600 1769 sie
2620 1711 2701 1771 selber

1398 1752 1454 1812 R

1751 1744 1961 1804 unterbunden.
1980 1748 2049 1808 Zw.
2063 1748 2140 1808 fellos
2168 1749 2223 1809 war
2246 1751 2278 1811 sie
2301 1753 2507 1813 ungewöhnlich
2535 1755 2649 1815 begabt,
2663 1757 2695 1817 ich

1750 1788 1834 1848 weiß,
1853 1791 1895 1851 daß
1920 1791 2037 1851 Tschudi
2056 1792 2108 1852 viel
2127 1791 2173 1851 von
2197 1793 2273 1853 ihren
2306 1795 2409 1855 Talent
2429 1797 2508 1857 hielt,
2527 1801 2579 1861 und
2603 1802 2706 1862 ausge¬

990 1811 1143 1871 behördl.
1153 1808 1456 1868 konzessioniertes

1757 1831 1866 1891 prägtes
1894 1834 2121 1894 psychologisches
2149 1838 2490 1898 Einfühlungsvermögen
2527 1843 2622 1903 spricht
2650 1843 2699 1903 aus

965 1853 1014 1913 jen
1045 1852 1090 1912 für
1116 1849 1504 1909 Zeitungs-Ausschnitte

1748 1874 1814 1934 ihren
1846 1879 1997 1939 Bildnissen
2024 1879 2072 1939 von
2104 1882 2215 1942 Ludwig
2247 1882 2286 1942 1I.
2309 1883 2358 1943 und
2385 1883 2429 1943 dem
2474 1885 2519 1945 des
2541 1888 2696 1948 Bismarcks

954 1915 961 1975 4
1010 1918 1058 1978 I.,
1087 1909 1373 1969 WOLLZEILE
1416 1909 1464 1969 11

1646 1926 1697 1986 cht

1753 1921 1796 1981 der
1816 1922 1949 1982 heftigsten
1974 1925 2161 1985 Konfliktzeit.
2171 1927 2223 1987 Die
2243 1927 2324 1987 Büste
2344 1928 2430 1988 gefiel
2445 1931 2584 1991 Bismarck
2599 1933 2617 1993 so
2642 1936 2699 1996 gut,

936 1964 1145 2024 TELEPHON
1183 1960 1354 2020 R-23-0-43

1645 1974 1707 2034 en,
1742 1966 1790 2026 daß
1819 1964 1848 2024 er
1868 1966 1911 2026 sich
1936 1968 2085 2028 weigerte,
2100 1970 2216 2030 anderen
2245 1972 2269 2032 zu
2299 1972 2385 2032 sitzen,
2405 1974 2462 2034 doch
2487 1976 2598 2036 bringen
2628 1977 2700 2037 Bio¬

1751 2009 1900 2069 graphien,
1924 2011 2031 2071 meines
2064 2014 2198 2074 Wissens,
2223 2017 2343 2077 niemals
2376 2017 2418 2077 die
2446 2017 2563 2077 Neysche
2596 2021 2679 2081 Büste

1751 2055 2035 2115 begreiflicherweise;
2054 2056 2091 2116 die
2115 2056 2189 2116 Züge
2218 2060 2296 2120 haben
2329 2059 2385 2119 eine
2409 2064 2538 2124 geradezu
2567 2065 2692 2125 boshafte

1750 2097 1850 2157 Härte,
1864 2100 1914 2160 wie
1937 2098 1969 2158 sie
1988 2100 2065 2160 ihnen
2093 2103 2216 2163 damals,
2230 2104 2440 2164 Erinnerungen
2468 2108 2587 2168 zufolge,
2606 2112 2706 2172 anhaf¬

728 2106 955 2166 Ausschnitt
984 2106 1077 2166 aus:

1744 2142 1813 2202 tete,
1827 2142 1868 2202 die
1887 2144 1974 2204 später
1998 2145 2038 2205 der
2057 2146 2168 2206 ruhigen
2192 2148 2288 2208 Größe
2307 2148 2385 2208 wich.
2400 2151 2459 2211 Das
2478 2153 2634 2213 Standbild
2658 2155 2699 2215 des

1748 2187 1843 2247 jungen
1871 2188 1975 2248 Königs
1993 2190 2065 2250 zeigt
2080 2190 2247 2250 keineswegs
2266 2193 2306 2253 die
2325 2194 2374 2254 aus
2393 2196 2551 2256 zahlreichen
2575 2199 2688 2259 Bildern

1743 2231 1951 2291 wohlbekannte
1987 2232 2062 2292 ideal
2089 2234 2297 2294 verschwärmte
2334 2239 2506 2299 Schönheit,
2533 2240 2559 2300 es
2600 2243 2693 2303 deutet

1744 2273 1873 2333 hingegen
1953 2275 2083 2335 damals,
2100 2276 2146 2336 ebe
2167 2280 2343 2340 irgendeiner
2365 2281 2406 2341 die
2428 2283 2537 2343 Gefahr
2558 2284 2637 2344 ahnte
2663 2280 2675 2340 —

742 2316 852 2376 vom:

1735 2317 1790 2377 auf
1811 2316 1857 2376 den
1883 2319 2065 2379 kommenden
2091 2321 2263 2381 Wuynsinn.

1745 2361 1824 2421 Ruhm
1862 2363 1936 2423 hätte
1960 2363 1992 2423 sie
2016 2366 2147 2426 erreichen
2176 2369 2292 2429 können,
2312 2369 2410 2429 reiches
2434 2369 2517 2429 Glück
2537 2372 2630 2432 wurde
2654 2373 2695 2433 ihr

1741 2408 1855 2468 geboten
1885 2408 1894 2468 —
1933 2410 2096 2470 eigenwillig
2121 2412 2163 2472 hat
2183 2414 2313 2474 Elisabeth
2337 2416 2395 2476 Ney
2419 2417 2457 2477 ihr
2477 2417 2563 2477 Leben
2588 2420 2698 2480 vertan.

1776 2461 1897 2521 Berlin

2305 2467 2410 2527 Marie
2435 2470 2488 2530 von
2517 2473 2647 2533 Bunsen

1540 2724 1911 2784 Seenkblätter

1637 2805 1777 2865 XXXIX

1302 2888 1640 2948 Gedächtnisworte
1667 2894 1723 2954 für
1749 2897 1890 2957 Arthur
1917 2900 2120 2960 Schnitzler

1407 2972 1468 3032 Von
1499 2972 1598 3032 Franz
1617 2975 1703 3035 Nabl
1723 2975 1833 3035 (Baden
1865 2978 1913 3038 bei
1933 2980 2043 3040 Wien)

742 3056 789 3116 Er
814 3060 871 3120 war
900 3060 957 3120 eine
982 3064 1202 3124 Angelegenheit
1227 3064 1274 3124 von
1308 3066 1361 3126 uns
1386 3068 1467 3128 heute
1486 3069 1611 3129 Vierzige
1635 3068 1673 3128 bis

1730 3073 1758 3133 an
1791 3073 1833 3133 der
1862 3078 2065 3138 Kurzlebigkeit
2089 3079 2140 3139 und
2165 3084 2296 3144 geringen
2325 3085 2542 3145 Eindruckskraft
2566 3087 2613 3147 der
2637 3086 2688 3146 Er=

741 3106 994 3166 Sechzigjährigen.
1004 3107 1061 3167 Den
1085 3108 1226 3168 Jüngeren
1245 3112 1310 3172 wird
1330 3112 1367 3172 er,
1377 3115 1541 3175 wenigstens
1561 3115 1579 3175 in
1598 3115 1682 3175 seinen

1730 3119 1903 3179 scheinungen
1934 3120 1983 3180 aus
2006 3122 2054 3182 den
2081 3125 2174 3185 beiden
2206 3129 2289 3189 letzten
2317 3130 2507 3190 Jahrzehnten
2534 3130 2685 3190 gemessen.

730 3150 826 3210 weiter
847 3151 1073 3211 zurückliegenden
1099 3155 1321 3215 Hauptwerken,
1338 3157 1400 3217 kaum
1439 3157 1514 3217 mehr
1535 3160 1681 3220 bedeuten,

1743 3163 1789 3223 Die
1813 3166 2045 3226 Erstaufführung
2074 3169 2120 3229 der
2144 3172 2362 3232 Schnitzlerschen
2391 3175 2516 3235 Dramen
2549 3175 2600 3235 und
2629 3175 2684 3235 Ko=

735 3190 774 3250 als
797 3195 854 3255 eine
872 3196 1186 3256 literaturgeschichtliche
1208 3200 1349 3260 Tatsache.
1363 3201 1420 3261 Den
1447 3205 1553 3265 Alteren
1580 3205 1637 3265 war
1655 3206 1681 3266 er

1736 3208 1839 3268 mödien
1865 3211 1920 3271 war
1942 3211 2045 3271 damals
2067 3214 2114 3274 von
2140 3216 2182 3276 der
2200 3215 2311 3275 gleichen
2337 3218 2547 3278 ereignishaften
2569 3220 2685 3280 Bedeu¬

734 3238 875 3298 immerhin
906 3241 944 3301 ein
975 3242 1026 3302 mit
1048 3244 1253 3304 mißtrauischem
1297 3247 1460 3307 Unbehagen
1490 3250 1679 3310 beobachteter

1732 3251 1814 3311 tung,
1837 3252 1887 3312 wie
1915 3253 1956 3313 die
1979 3255 2033 3315 mit
2057 3258 2107 3318 fast
2131 3261 2341 3321 kalendarischer
2364 3261 2602 3321 Regelmäßigkeit
2625 3264 2684 3324 ein¬

736 3282 872 3342 Neuerer.
890 3282 954 3342 Wir
980 3284 1044 3344 aber
1070 3287 1159 3347 waren
1194 3288 1223 3348 vo
1275 3291 1515 3351 empfangsbereit
1541 3294 1562 3354 in
1592 3294 1669 3354 jenen

1732 3295 1882 3355 treffenden
1918 3300 2046 3360 Gerhart
2073 3306 2463 3366 Hauptmann=Premieren.
2490 3309 2685 3369 Ereignishaft

730 3327 848 3387 Jahren,
867 3330 889 3390 in
917 3330 998 3390 denen
1026 3330 1053 3390 er
1077 3331 1117 3391 die
1141 3331 1181 3391 sich
1209 3333 1291 3393 lange
1314 3336 1492 3396 hinziehende
1515 3336 1674 3396 Hochebene

1733 3339 1750 3399 im
1796 3342 1882 3402 besten
1910 3342 2023 3402 Sinne,
2042 3347 2060 3407 im
2101 3348 2174 3408 Sinn
2211 3350 2255 3410 der
2279 3351 2424 3411 gebildeten
2456 3352 2679 3412 Allgemeinheit.

734 3372 814 3432 seines
836 3373 983 3433 Schaffens
1006 3375 1125 3435 betreten
1153 3378 1241 3438 hatte.
1254 3378 1294 3438 Es
1317 3378 1374 3438 war
1397 3380 1459 3440 das,
1473 3383 1539 3443 trotz
1557 3384 1601 3444 des
1624 3381 1663 3441 ihm

1731 3382 1793 3442 Man
1820 3384 1891 3444 jagte
1913 3387 1979 3447 nicht
2002 3390 2046 3450 von
2073 3392 2236 3452 Entdeckung
2264 3393 2285 3453 zu
2308 3396 2489 3456 Entdeckung,
2508 3396 2565 3456 man
2592 3396 2676 3456 folgte

724 3414 768 3474 von
809 3418 1075 3478 Sachverständigen
1120 3420 1160 3480 bis
1200 3422 1249 3482 zum
1307 3423 1445 3483 Überdruß
1486 3426 1521 3486 v.
1539 3426 1668 3486 gekäuten

1731 3429 1898 3489 aufmerksam
1932 3432 1978 3492 der
1995 3435 2158 3495 natürlichen
2180 3438 2360 3498 Entwicklung
2386 3440 2427 3500 des
2449 3441 2604 3501 einzelnen,
2621 3441 2675 3501 man

729 3461 866 3521 „Anatol"
889 3461 942 3521 und
969 3462 1013 3522 der
1035 3464 1208 3524 „Liebelei",
1226 3464 1266 3524 die
1288 3466 1407 3526 Spanne
1435 3469 1483 3529 von
1510 3470 1576 3530 1898
1603 3470 1669 3530 etwa

1731 3473 1839 3533 wußte,
1854 3476 1894 3536 daß
1918 3476 1949 3536 sie
1968 3478 2027 3538 Feit
2041 3479 2181 3539 brauchte,
2196 3480 2245 3540 und
2264 3482 2323 3542 man
2346 3482 2441 3542 gönnte
2460 3482 2500 3542 ihr
2514 3484 2555 3544 die
2569 3485 2646 3545 Zeit.

735 3503 766 3563 bis
789 3505 871 3565 1910.
885 3505 944 3565 Vom
981 3508 1113 3568 „Grünen
1136 3509 1264 3569 Kakadu"
1287 3510 1314 3570 an
1337 3512 1387 3572 also
1410 3512 1451 3572 bis
1469 3514 1514 3574 zum
1552 3515 1670 3575 „Weiten

1726 3516 1788 3576 Beim
1820 3518 1891 3578 Tode
1909 3521 2069 3581 Schnitziers
2083 3524 2159 3584 hörte
2177 3525 2235 3585 man
2253 3527 2369 3587 wieder,
2378 3527 2431 3587 was
2450 3527 2516 3587 schon
2534 3527 2556 3587 zu
2579 3527 2659 3587 seinem

733 3551 842 3611 Land“.
860 3551 923 3611 Eine
947 3554 1101 3614 erstaunlich
1124 3557 1205 3617 weite
1224 3557 1365 3617 Spanne,
1384 3558 1401 3618 in
1429 3560 1501 3620 ihrer
1520 3560 1678 3620 Intensität

1732 3563 1872 3623 sechzigsten
1896 3567 2064 3627 Geburtstag
2088 3569 2168 3629 wenig
2187 3572 2379 3632 rücksichtsvoll
2398 3574 2440 3634 für
2454 3573 2496 3633 den
2516 3575 2670 3635 Gefeierten

1598 3629 1609 3689 «
1650 3630 1720 3690 176

2220 3948 2291 4008 8a
