3248 4384
211 360 298 420 2.

364 365 838 425 Schnitzler

213 580 694 640 BSEVE

195 642 307 702 österr.
322 637 471 697 behördl.
485 623 779 683 konzessioniertes

188 685 347 745 nehmen
376 679 423 739 für
447 666 837 726 Zeitungs-Ausschnitte

192 748 308 808 VIEN,
337 744 384 804 I.,
413 731 696 791 WOLLZEILE
745 723 785 783 11

264 792 477 852 TELEPHON
514 779 686 839 R-23-0-43

705 874 816 934 BD

195 935 298 995 hnitt
317 930 411 990 aus:

464 1005 547 1065 25

330 1249 486 1309 .

409 1772 880 1832 BR

1471 366 1596 426 box
1683 370 1864 430 43/5

909 361 946 421 s
1014 369 1251 429 Deatl

1464 597 1535 657 .
1566 599 1643 659 20.
1667 599 1684 659 T
1709 599 1864 659 kover
1907 608 2031 668 1931.

2716 624 2916 684 XXXVI.
2953 631 3197 691 Jahrgang

1236 723 1272 783 M

1887 859 2488 919 iavaeee

1091 945 1167 1005 A

3015 971 3104 1031 n

1302 1518 1984 1578 Fllustrierte

2120 1534 3035 1594 Wochenschrift

1724 1584 1762 1644 für
1780 1586 1920 1646 Oesterreich
1938 1589 2047 1649 viertelj.
2058 1590 2082 1650 ö.
2090 1590 2118 1650 S.
2125 1590 2188 1650 6.—,
2202 1592 2308 1652 einzelne
2326 1595 2459 1655 Nummern
2481 1596 2505 1656 ö.
2516 1596 2540 1656 g.
2551 1596 2590 1656 50.
2608 1598 2657 1658 Für
2675 1599 2833 1659 Deutschland
2851 1602 2959 1662 viertelj.
2970 1602 2981 1662 M
3002 1602 3030 1662 3•

1209 1602 1704 1662 Bezugsbedingungen:
1728 1615 1831 1675 einzelne
1849 1617 1981 1677 Nummern
1999 1618 2021 1678 30
2039 1619 2171 1679 Pfennige.
2189 1622 2234 1682 Für
2258 1623 2355 1683 Ungarn
2379 1626 2488 1686 viertelj.
2500 1628 2580 1688 Pengo
2598 1626 2661 1686 4:80,
2673 1629 2776 1689 einzelne
2794 1631 2926 1691 Nummern
2944 1632 2966 1692 40
2984 1632 3059 1692 Filler

1200 1643 1252 1703 Fur
1277 1641 1312 1701 die
1334 1641 1566 1701 Tschechoslowakei
1591 1644 1703 1704 viertelj.
1725 1644 1774 1704 Kč.
1788 1645 1869 1705 27•60,
1891 1648 1996 1708 einzelne
2021 1650 2158 1710 Nummern
2190 1652 2243 1712 Kč.
2261 1654 2324 1714 2•30.
2342 1657 2394 1717 Für
2416 1656 2592 1716 Jugoslawien
2624 1658 2732 1718 viertelj.
2754 1659 2835 1719 Dinar
2860 1660 2884 1720 60
2899 1661 2937 1721 —,
2962 1663 3067 1723 einzelne

1204 1671 1341 1731 Nummern
1366 1671 1446 1731 Dinar
1468 1675 1528 1735 5•—.
1549 1674 1602 1734 Für
1624 1674 1697 1734 Poler
1726 1674 1839 1734 viertelj.
1857 1677 1920 1737 zloty
1941 1677 2008 1737 8•40,
2030 1682 2139 1742 einzelne
2157 1683 2294 1743 Nummern
2316 1686 2403 1746 grosze
2425 1687 2463 1747 70.
2485 1694 2537 1754 Für
2556 1689 2651 1749 Italien
2676 1689 2785 1749 viertelj.
2799 1688 2852 1748 Lire
2874 1687 2898 1747 24
2909 1689 2947 1749 —,
2962 1692 3067 1752 einzelne

1201 1701 1341 1761 Nummern
1375 1700 1426 1760 Lire
1453 1698 1515 1758 2•—.
1535 1702 1587 1762 Fur
1616 1704 1757 1764 Rumanien
1790 1706 1900 1766 viertelj.
1920 1707 1963 1767 Lei
1986 1709 2077 1769 152•—,
2097 1713 2201 1773 einzelne
2228 1713 2365 1773 Nummern
2398 1713 2437 1773 Lei
2457 1712 2476 1772 16
2493 1712 2531 1772 —.
2555 1713 2603 1773 Fur
2623 1715 2669 1775 das
2698 1717 2799 1777 sonstige
2823 1718 2937 1778 Ausland
2957 1721 3067 1781 viertelj.

1274 1731 1413 1791 Schweizer
1432 1732 1530 1792 Francs
1549 1732 1614 1792 6.
1629 1735 1760 1795 Redaktion
1786 1736 1833 1796 und
1855 1739 1943 1799 Admin
1961 1741 2082 1801 stration:
2097 1742 2180 1802 Wien,
2195 1744 2250 1804 III.,
2265 1745 2421 1805 Rüdengasse
2444 1745 2480 1805 11.
2495 1747 2644 1807 Telephon:
2659 1748 2783 1808 U-13-5-30
2805 1750 2842 1810 bis
2864 1751 2999 1811 U-13-5-32.
