3392 4320
137 284 254 344 2.
314 294 902 354 Schnitzler's
962 288 1196 348 Death

1424 289 1553 349 box
1628 294 1815 354 42/9

951 1357 1034 1417 R

309 1365 849 1425 DOBSERV

394 1428 421 1488 l.
436 1422 555 1482 österr.
565 1419 716 1479 behördl.
730 1413 1033 1473 konzessioniertes

345 1469 586 1529 Unternehmen
620 1461 667 1521 für
691 1455 1085 1515 Zeitungs-Ausschnitte

402 1524 559 1584 WIEN,
581 1526 631 1586 I.,
661 1518 948 1578 WOLLZEILE
999 1514 1041 1574 11

509 1573 730 1633 TELEPHON
769 1566 941 1626 R-23-0-43

1022 1723 1109 1783 Prag

306 1724 530 1784 Ausschnitt
554 1719 648 1779 aus:

702 1807 725 1867 J

807 1897 840 1957 2
874 1897 929 1957 3.
954 1903 1076 1963 OKT.
1099 1906 1165 1966 193

1148 1998 1317 2058 ielshaft.
1342 1999 1402 2059 Den
1428 2002 1645 2062 Duerschnitt
1659 2005 1742 2065 durch
1756 2005 1803 2065 sie
1817 2005 1913 2065 führt
1939 2010 2229 2070 Schnitz=sondern
2255 2014 2326 2074 mit
2352 2016 2399 2076 der
2437 2017 2558 2077 Slepsis
2596 2019 2643 2079 des
2669 2021 2813 2081 Juden,
2839 2022 2922 2082 nicht
2948 2022 3008 2082 mit

375 2037 578 2097 Arthur
625 2054 919 2114 Schnitzler.

1137 2037 1187 2097 ler
1219 2037 1270 2097 da,
1296 2039 1342 2099 wo
1378 2041 1424 2101 sich
1460 2043 1511 2103 die
1543 2043 1670 2103 Sphäre
1702 2045 1753 2105 des
1789 2048 1881 2108 Adels
1918 2050 1979 2110 mit
2005 2052 2056 2112 der
2093 2055 2144 2115 der
2175 2058 2406 2118 Sorglosigkeit
2437 2058 2488 2118 des
2524 2062 2847 2122 Heurigen=Poeten,
2879 2067 3007 2127 sondern

1133 2079 1191 2139 des
1219 2084 1412 2144 patrizischen
1467 2084 1601 2144 Wiener
1644 2090 1865 2150 Bürgertums
1914 2094 2064 2154 berührt.
2092 2097 2150 2157 mit
2178 2097 2231 2157 der
2259 2099 2463 2159 dichterischen
2501 2103 2635 2163 Ahnung
2679 2104 2732 2164 des
2776 2108 3017 2168 Unterganges,

265 2095 344 2155 Mit
365 2103 503 2163 Arthür
537 2108 729 2168 Schnitzler,
776 2111 875 2171 dessen
929 2116 1107 2176 plötzliches
1134 2123 1313 2183 Schnitzler
1347 2127 1405 2187 hat
1439 2128 1485 2188 als
1526 2130 1611 2190 Jude
1646 2131 1711 2191 und
1745 2136 1831 2196 Arzt
1858 2136 1917 2196 das
1951 2138 2056 2198 nötige
2090 2140 2163 2200 aber
2197 2140 2275 2200 ohne
2309 2142 2461 2202 wirkliche
2495 2147 2660 2207 Rebellion
2701 2150 2832 2210 bewegt.
2860 2152 2945 2212 Auch
2979 2151 3012 2211 er

177 2144 306 2204 Ableben
339 2148 452 2208 gestern
485 2149 641 2209 gemeldet
663 2153 787 2213 wurde,
804 2155 873 2215 geht
895 2157 938 2217 ein
971 2159 1095 2219 Tichter
1123 2165 1209 2225 Maß
1247 2168 1376 2228 Skepsis
1404 2172 1555 2232 besessen,
1582 2174 1620 2234 um
1685 2176 1765 2236 diese
1815 2178 2052 2238 österreichische
2086 2182 2144 2242 ließ
2183 2184 2231 2244 sich
2269 2187 2371 2247 tragen
2415 2187 2469 2247 von
2507 2187 2560 2247 den
2599 2189 2717 2249 sanften
2756 2193 2874 2253 Wellen
2918 2193 3009 2253 dieses

174 2186 294 2246 dahin,
318 2189 415 2249 dessen
456 2193 703 2253 Persönlichkeit
749 2198 812 2258 und
865 2199 963 2259 Werk
1015 2202 1101 2262 einen
1136 2207 1227 2267 Welt
1263 2213 1342 2273 nicht
1372 2214 1509 2274 kritiklos
1550 2218 1804 2278 hinzunehmen.
1833 2220 1873 2280 Er
1908 2221 1988 2281 sieht
2018 2223 2057 2283 sie
2092 2225 2351 2285 Bürgerlebens,
2369 2227 2415 2287 die
2444 2227 2467 2287 im
2508 2230 2691 2290 Rhythmus
2721 2234 2772 2294 der
2795 2237 3002 2297 Straußschen

167 2229 350 2289 lebendigen
392 2231 524 2291 Beweis
556 2235 652 2295 dafür
684 2237 801 2297 bilden,
827 2241 883 2301 daß
919 2243 965 2303 die
997 2243 1088 2303 Eigen

1135 2252 1201 2312 mit
1222 2252 1273 2312 den
1305 2255 1412 2315 Augen
1444 2258 1495 2318 des
1521 2260 1793 2320 unbestechlichen,
1815 2262 1886 2322 aber
1912 2264 2061 2324 nachsich¬

2091 2267 2209 2327 Walzer
2241 2269 2308 2329 eine
2340 2270 2427 2330 Welt
2459 2270 2484 2330 in
2521 2273 2572 2333 den
2609 2275 2671 2335 Tod
2708 2275 2857 2335 wiegten.

172 2270 228 2330 art
249 2273 455 2333 dichterischen
492 2279 662 2339 Schaffens
693 2280 713 2340 in
750 2284 956 2344 wesentlichen
992 2288 1105 2348 Punk=
1127 2292 1214 2352 tigen
1256 2299 1430 2359 Kritikers.
1457 2300 1503 2360 Er
1539 2302 1616 2362 liebt
1648 2303 1699 2363 die
1730 2306 1915 2366 Gestalten,
1947 2309 1993 2369 die
2024 2309 2055 2369 en

2167 2309 2247 2369 Was
2280 2312 2453 2372 Schnitzler
2492 2314 2556 2374 mit
2595 2319 2892 2379 unnachahmlicher
2925 2321 3011 2381 Mei¬

170 2315 221 2375 ten
264 2315 324 2375 von
367 2318 494 2378 außen,
527 2321 583 2381 von
631 2321 682 2381 der
725 2329 1002 2389 Landwirtschaft,
1036 2330 1087 2390 den

1134 2339 1314 2399 ironisiert,
1335 2342 1365 2402 er
1396 2342 1471 2402 kann
1502 2343 1582 2403 ohne
1608 2343 1658 2403 die
1684 2348 1784 2408 Welt,
1805 2351 1895 2411 deren
1931 2351 2061 2411 Schwä¬

2088 2354 2243 2414 sterschaft
2268 2357 2431 2417 verstand,
2461 2357 2527 2417 war
2559 2359 2606 2419 die
2637 2363 2872 2423 psychologische
2908 2366 3010 2426 Zeich¬

167 2360 357 2420 nationalen
410 2363 477 2423 und
529 2366 658 2426 sozialen
710 2368 824 2428 Milien
861 2372 912 2432 her
938 2372 1103 2432 bestimmt
1125 2377 1197 2437 chen
1233 2381 1264 2441 er
1290 2385 1440 2445 aufdeckt,
1462 2387 1544 2447 nicht
1586 2388 1699 2448 leben,
1741 2390 1792 2450 die
1839 2393 1916 2453 Luft
1963 2394 2056 2454 dieses

2088 2396 2168 2456 nung
2201 2397 2418 2457 menschlicher
2446 2402 2640 2462 Charaktere
2684 2404 2765 2464 ohne
2814 2406 2879 2466 alle
2928 2408 3009 2468 Auf¬

176 2402 274 2462 wird.
299 2402 475 2462 Schnitzler
505 2405 573 2465 war
603 2411 848 2471 Oesterreicher,
873 2415 941 2475 aber
972 2416 1005 2476 er
1035 2417 1103 2477 war

1135 2426 1345 2486 Oesterreichs
1372 2427 1428 2487 und
1455 2429 1547 2489 dieses
1573 2430 1660 2490 Wien
1692 2434 1820 2494 braucht
1841 2436 1908 2496 auch
1934 2437 1965 2497 er
1986 2436 2037 2496 zum
2084 2440 2321 2500 dringlichkeit,
2337 2440 2398 2500 mit
2419 2442 2470 2502 den
2502 2443 2625 2503 feinsten
2662 2447 2894 2507 Pinselstrichen
2930 2450 3007 2510 eines

168 2443 238 2503 auch
280 2448 372 2508 Jude
408 2447 474 2507 und
510 2449 602 2509 Arzt.
633 2452 730 2512 Keine
766 2454 868 2514 seiner
904 2459 1103 2519 Dichtungen

1130 2467 1270 2527 Atmen.
1314 2472 1367 2532 Im
1434 2474 1708 2534 „Professor
1758 2478 2039 2538 Bernhardi

2084 2479 2309 2539 nonchalanten
2345 2485 2505 2545 Dialogs,
2531 2486 2581 2546 der
2612 2488 2727 2548 immer
2757 2491 2908 2551 geistreich
2943 2493 3003 2553 und

175 2485 212 2545 ist
241 2489 361 2549 anders
390 2491 466 2551 denn
505 2492 565 2552 aus
594 2494 648 2554 dem
693 2499 1001 2559 Zusammenwirken
1040 2504 1100 2564 die=
1123 2510 1205 2570 läßt
1233 2512 1260 2572 er
1294 2512 1376 2572 einen
1415 2515 1585 2575 aufrechten
1625 2517 1751 2577 Mann,
1779 2520 1806 2580 zu
1840 2520 1889 2580 dem
1939 2522 1971 2582 er
1999 2523 2048 2583 sich
2082 2524 2153 2584 doch
2176 2524 2319 2584 niemals
2341 2525 2412 2585 tief,
2435 2527 2545 2587 immer
2573 2529 2594 2589 in
2628 2533 2842 2593 haarscharfer
2865 2531 3008 2591 Charak¬

176 2530 218 2590 ser
245 2533 600 2593 Hauptcharakteristika
628 2539 680 2599 der
702 2545 946 2605 Persönlichkeit
967 2547 1105 2607 Schnitz¬

1131 2551 1160 2611 in
1200 2554 1297 2614 seiner
1333 2554 1519 2614 Gesinnung
1559 2560 1716 2620 natürlich
1751 2563 1898 2623 bekennt,
1923 2565 1962 2625 an
2002 2566 2050 2626 der

2082 2566 2192 2626 teristik
2223 2567 2283 2627 und
2319 2569 2385 2629 doch
2415 2572 2556 2632 niemals
2592 2571 2662 2631 laut
2693 2574 2754 2634 und
2784 2575 2860 2635 grob
2896 2578 3006 2638 dahin¬

173 2575 238 2635 lers
272 2573 299 2633 zu
338 2578 480 2638 erklären

1124 2596 1382 2656 österreichischen
1424 2601 1598 2661 Zuständen
1640 2605 1782 2665 scheitern
1825 2605 1882 2665 und
1919 2606 1945 2666 in
1983 2607 2035 2667 dem
2083 2607 2167 2667 floß.
2189 2610 2293 2670 Seine
2326 2612 2467 2672 Dramen
2505 2614 2567 2674 und
2605 2615 2825 2675 Erzählungen
2863 2619 2994 2679 fesselten

265 2627 337 2687 Das
365 2628 443 2688 erste
472 2630 578 2690 Werk,
601 2632 661 2692 mit
685 2634 734 2694 dem
779 2634 812 2694 er
841 2637 891 2697 sich
919 2637 1008 2697 einen
1043 2639 1086 2699 Na

1127 2638 1440 2698 liebenswürdigen,
1466 2643 1681 2703 verzeihenden
1728 2647 1862 2707 Hofrat,
1899 2649 1949 2709 der
1991 2649 2052 2709 alle
2084 2651 2181 2711 darum
2238 2652 2304 2712 auch
2346 2652 2423 2712 den,
2454 2653 2505 2713 der
2542 2656 2623 2716 nicht
2660 2657 2711 2717 bei
2742 2659 2793 2719 der
2830 2661 2999 2721 ironischen

171 2667 235 2727 men
275 2670 378 2730 macht
409 2673 606 2733 („Anatol“)
632 2675 666 2735 ist
691 2676 720 2736 zu
756 2676 884 2736 Anfang
919 2681 968 2741 der
1003 2682 1082 2742 neun

1123 2682 1382 2742 Schweinereien
1416 2683 1517 2743 zugibt
1541 2686 1598 2746 und
1628 2691 1815 2751 verurteilt,
1830 2691 1868 2751 sie
1887 2691 1964 2751 aber
1983 2692 2060 2752 den¬

2082 2694 2288 2754 Betrachtung
2325 2695 2376 2755 des
2408 2700 2667 2760 österreichischen
2704 2702 2823 2762 Lebens
2859 2704 2921 2764 und
2958 2704 3004 2764 bei

163 2716 248 2776 ziger
279 2713 384 2773 Jahre
410 2715 616 2775 entstanden.
642 2717 707 2777 Mit
728 2720 783 2780 den
813 2723 974 2783 folgenden
1010 2725 1095 2785 trägt
1132 2724 1202 2784 noch
1233 2725 1313 2785 nicht
1333 2727 1509 2787 bekämpfen
1545 2729 1616 2789 will
1636 2732 1696 2792 und
1727 2733 1782 2793 von
1813 2735 1893 2795 jedem
1939 2735 2039 2795 Kamp

2080 2733 2132 2793 der
2159 2736 2286 2796 Skepsis
2318 2736 2376 2796 vor
2403 2742 2689 2802 Seelenkonflikten
2726 2746 2932 2806 stehenblieb,
2954 2747 3001 2807 der

171 2754 200 2814 es
236 2754 285 2814 den
325 2757 478 2817 Stempel
503 2759 592 2819 jenes
623 2763 875 2823 österreichischen
916 2769 1093 2829 Naturalis

1128 2768 1243 2828 abrät,
1268 2767 1323 2827 hat
1350 2770 1525 2830 Schnitzler
1556 2771 1606 2831 den
1647 2775 1762 2835 Typus
1798 2775 1848 2835 des
1884 2778 2054 2838 francisko¬

2080 2779 2259 2839 verneinte,
2281 2779 2322 2839 wo
2349 2784 2518 2844 Schnitzler
2540 2785 2603 2845 nur
2624 2787 2766 2847 lächelte.
2783 2790 2888 2850 Dieser
2909 2788 3004 2848 Dich¬

172 2797 265 2857 mus,
292 2799 343 2859 der
375 2801 442 2861 hier
479 2802 531 2862 bei
557 2804 728 2864 Schnitzler
760 2808 823 2868 wie
854 2808 906 2868 bei
932 2810 1072 2870 Herman

1128 2811 1366 2871 josephinischen
1404 2814 1615 2874 Oesterreichs
1653 2820 1838 2880 gezeichnet,
1865 2820 1944 2880 ohne
1977 2820 2050 2880 über

2080 2820 2127 2880 ter
2154 2823 2233 2883 steht
2260 2823 2323 2883 doch
2356 2826 2424 2886 hoch
2478 2827 2562 2887 über
2611 2829 2710 2889 seinem
2780 2832 2997 2892 Zeitgenossen

162 2838 258 2898 Bahr
293 2842 341 2902 die
371 2841 511 2901 Formen
556 2843 608 2903 des
657 2848 807 2908 radikalen
856 2852 1098 2912 norddeutscher

1124 2849 1180 2909 ihn
1211 2852 1262 2912 den
1314 2853 1396 2913 Stab
1448 2855 1478 2915 zu
1530 2857 1678 2917 brechen.
1694 2861 1884 2921 Schnitzlers
1915 2862 2043 2922 Jugend
2075 2863 2223 2923 Bahr,
2244 2867 2403 2927 turmhoch
2434 2867 2511 2927 über
2547 2868 2598 2928 dem
2660 2873 3004 2933 Literatengeschmeiß,

172 2885 430 2945 Naturalismus
466 2888 622 2948 abschleift
648 2889 708 2949 und
739 2891 794 2951 aus
825 2892 876 2952 der
901 2896 1078 2956 Kunstform

1129 2896 1203 2956 fällt
1236 2894 1263 2954 in
1301 2896 1349 2956 die
1376 2899 1462 2959 Zeit,
1484 2897 1521 2957 da
1560 2900 1586 2960 in
1624 2903 1813 2963 Oesterreich
1846 2903 1899 2963 das
1937 2905 2050 2965 Regie=
2083 2904 2136 2964 das
2164 2906 2212 2966 sich
2239 2908 2260 2968 im
2304 2909 2444 2969 Sumpfe
2471 2909 2519 2969 der
2542 2913 2670 2973 Wiener
2692 2915 2799 2975 Presse
2822 2915 2993 2975 wohlfühlt

172 2927 232 2987 mit
258 2926 313 2986 der
339 2927 455 2987 Berlin
491 2930 536 2990 die
567 2932 693 2992 sozialen
730 2936 932 2996 Gegensätze,
953 2940 998 3000 die
1029 2940 1079 3000 ern

1123 2939 1359 2999 rungsprinzip
1405 2942 1566 3002 Taaffes,
1612 2944 1667 3004 das
1723 2948 1980 3008 Fortwursteln,
2006 2949 2050 3009 alt

2077 2950 2131 3010 das
2162 2951 2242 3011 ohne
2273 2951 2453 3011 Bedenken,
2479 2956 2615 3016 Zweifel
2640 2956 2700 3016 und
2736 2958 2836 3018 Spott
2862 2958 2906 3018 die
2937 2959 3002 3019 alt¬

170 2969 232 3029 sten
271 2970 515 3030 Zeitprobleme
554 2975 582 3035 zu
625 2975 759 3035 zeichnen
803 2981 1018 3041 unternahm,
1052 2982 1095 3042 ein

1127 2981 1240 3041 höchste
1270 2984 1427 3044 Weisheit
1452 2987 1619 3047 angesehen
1659 2987 1717 3047 und
1752 2988 1806 3048 von
1841 2989 1889 3049 dem
1939 2991 2032 3051 libera

2073 2993 2310 3053 österreichische
2343 2997 2622 3057 Luderwirtschaft
2649 2999 2754 3059 bejaht
2781 3000 2833 3060 hat
2861 3000 2918 3060 und
2956 3002 2997 3062 die

176 3013 291 3073 Mittel
317 3016 609 3076 liebenswürdiger
645 3020 760 3080 Kopien
796 3023 846 3083 des
882 3024 1093 3084 bürgerlicher

1124 3023 1173 3083 len
1209 3025 1394 3085 Bürgertum
1450 3027 1515 3087 mit
1555 3031 1761 3091 Resignation
1797 3033 2043 3093 hingenommen
2078 3035 2163 3095 neue
2199 3037 2314 3097 wieder
2345 3038 2470 3098 bejaht,
2501 3041 2530 3101 er
2566 3040 2605 3100 ist
2636 3039 2696 3099 mit
2731 3042 2817 3102 einem
2867 3044 3002 3104 Subjekt

171 3054 290 3114 Lebens
329 3055 468 3115 machte:
497 3058 545 3118 die
579 3059 751 3119 Probleme
785 3064 881 3124 dieser
920 3067 1092 3127 Komödien

1127 3064 1255 3124 wurde.
1275 3067 1461 3127 Schnitzler,
1481 3070 1530 3130 der
1560 3070 1604 3130 bis
1634 3073 1683 3133 zur
1708 3074 2032 3134 Jahrhundertwend

2073 3077 2137 3137 wie
2163 3079 2329 3139 Salten
2370 3079 2450 3139 nicht
2475 3080 2505 3140 im
2547 3084 2768 3144 entferntesten
2803 3086 2833 3146 zu
2869 3085 3004 3145 verglei¬

164 3097 228 3157 und
258 3100 526 3160 Tragikomödien
561 3103 620 3163 sind
670 3105 764 3165 Liebe
809 3108 883 3168 oder
929 3112 1101 3172 deutlichen

1128 3109 1333 3169 Militärarzt
1366 3111 1455 3171 war,
1482 3112 1597 3172 kannte
1635 3117 1703 3177 sehr
1735 3118 1798 3178 gut
1830 3119 1872 3179 die
1909 3118 2035 3178 Mänge

2072 3119 2165 3179 chen,
2185 3121 2258 3181 aber
2283 3121 2311 3181 er
2337 3121 2414 3181 steht
2459 3123 2522 3183 und
2572 3127 2650 3187 wird
2699 3127 2762 3187 mit
2807 3129 2997 3189 wachsender

167 3139 259 3199 noch,
285 3143 347 3203 wie
378 3144 553 3204 Schnitzler
590 3145 677 3205 selbst
703 3147 739 3207 es
775 3150 899 3210 einmal
926 3152 956 3212 im
1008 3153 1095 3213 Titel
1122 3150 1224 3210 dieses
1251 3154 1415 3214 Systems,
1437 3156 1519 3216 seine
1566 3158 1725 3218 Beamten
1782 3158 1844 3218 und
1896 3161 2050 3221 Ofsiziere

2072 3163 2215 3223 Distanz
2236 3163 2283 3223 der
2310 3166 2384 3226 Zeit
2406 3166 2522 3226 immer
2544 3169 2633 3229 tiefer
2660 3169 2750 3229 stehen
2783 3170 2808 3230 im
2851 3172 2994 3232 Schatten

165 3186 271 3246 nennt
303 3187 573 3247 „Liebelei",
594 3190 649 3250 das
680 3192 777 3252 Spiel
803 3193 854 3253 der
885 3196 1093 3256 Geschlechter

1123 3195 1186 3255 sind
1228 3195 1375 3255 Abbilder
1413 3196 1465 3256 der
1503 3202 1824 3262 charakterschwachen
1867 3204 2051 3264 Menschen,
2073 3205 2130 3265 des
2163 3208 2278 3268 großen
2321 3207 2526 3267 Verneiners
2569 3214 2822 3274 österreichischen
2870 3214 2995 3274 Wesens

167 3226 221 3286 der
251 3231 467 3291 „Reigen"
502 3229 555 3289 von
590 3233 693 3293 Mann
728 3235 786 3295 und
816 3237 899 3297 Frau
934 3236 993 3296 und
1023 3238 1081 3298 wie

1121 3238 1174 3298 die
1201 3238 1258 3298 das
1291 3239 1401 3299 System
1460 3241 1570 3301 Franz
1618 3245 1760 3305 Josephs
1814 3247 2030 3307 ermöglichten

2072 3247 2160 3307 Karl
2189 3250 2365 3310 Kraus.

171 3270 223 3330 der
262 3270 367 3330 Mann
410 3273 472 3333 und
511 3273 621 3333 Frau,
650 3276 707 3336 wie
741 3276 788 3336 ihn
832 3278 884 3338 der
918 3279 999 3339 Arzt
1029 3281 1090 3341 und

1120 3280 1198 3340 aber
1228 3281 1296 3341 auch
1326 3280 1355 3340 er
1380 3284 1438 3344 hat
1463 3282 1507 3342 sich
1537 3285 1590 3345 nie
1615 3285 1644 3345 zu
1674 3285 1762 3345 mehr
1792 3287 1836 3347 als
1866 3286 1894 3346 zu
1924 3291 2046 3351 Ironie

2163 3291 2350 3351 Schnitzlers
2401 3292 2565 3352 Dichtung
2617 3296 2718 3356 bleibt
2759 3300 3001 3360 Zeitdokument

168 3314 299 3374 Dichter
330 3315 355 3375 in
391 3315 441 3375 dem
492 3317 517 3377 so
548 3320 725 3380 benannten
761 3322 882 3382 Zyklus
923 3324 979 3384 von
1025 3324 1090 3384 zehr

1122 3321 1186 3381 und
1224 3321 1250 3381 im
1299 3323 1434 3383 Grunde
1467 3326 1537 3386 doch
1570 3329 1790 3389 verzeihendem
1839 3330 1947 3390 Spott
1974 3332 2049 3392 auf=
2082 3333 2141 3393 und
2174 3333 2249 3393 wird
2282 3333 2303 3393 im
2352 3336 2540 3396 Repertoire
2568 3339 2616 3399 der
2644 3339 2778 3399 Theater
2811 3342 2875 3402 noch
2908 3343 2999 3403 lange

172 3357 295 3417 Szenen
331 3360 454 3420 gesehen
501 3360 573 3420 hat.
620 3364 722 3424 Durch
774 3366 841 3426 alle
893 3367 1087 3427 Dichtungen
1124 3366 1263 3426 gerafft.
1284 3369 1433 3429 Zwischen
1485 3369 1541 3429 den
1582 3370 1685 3430 beiden
1721 3374 1845 3434 polaren
1881 3375 2040 3435 Maximen

2074 3375 2122 3435 ein
2166 3378 2267 3438 Menu
2312 3378 2365 3438 für
2404 3381 2647 3441 Feinschmecker
2685 3381 2804 3441 bieten.
2837 3382 2918 3442 Was
2956 3383 2993 3443 sie

167 3401 378 3461 Schnitzlers,
398 3405 466 3465 noch
501 3405 589 3465 durch
624 3406 677 3466 sein
713 3408 815 3468 zuleyzt
841 3408 899 3468 auf
924 3410 973 3470 die
998 3409 1096 3469 Bret=
1116 3409 1179 3469 des
1214 3410 1346 3470 Wiener
1381 3412 1519 3472 Lebens,
1549 3414 1607 3474 daß
1642 3417 1744 3477 etwas
1785 3417 1931 3477 gescheh'n
1971 3418 2020 3478 mu

2069 3417 2159 3477 einer
2184 3420 2385 3480 kommenden
2419 3423 2491 3483 Zeit
2511 3423 2611 3483 außer
2636 3424 2688 3484 der
2712 3426 2933 3486 Reminiszenz
2957 3429 2990 3489 an

163 3447 213 3507 ter
244 3447 411 3507 gelangtes
452 3447 547 3507 Stück
583 3450 649 3510 „Im
705 3452 801 3512 Spiel
837 3452 888 3512 der
924 3453 1080 3513 Sommer

1120 3453 1186 3513 und
1215 3453 1282 3513 man
1316 3453 1364 3513 nix
1393 3455 1512 3515 machen
1546 3456 1641 3516 kann,
1661 3458 1718 3518 hat
1738 3458 1785 3518 sich
1815 3459 1881 3519 auch
1910 3461 2034 3521 Schnitz

2071 3461 2119 3521 die
2152 3464 2416 3524 Vergangenheit
2444 3467 2530 3527 geben
2568 3469 2665 3529 wird,
2693 3470 2747 3530 das
2780 3470 2887 3530 dürfte
2920 3470 2995 3530 nicht

169 3488 266 3548 lüfte"
305 3491 386 3551 weht
413 3492 462 3552 der
495 3494 570 3554 Atem
615 3494 668 3554 der
696 3497 1000 3557 altösterreichischen
1033 3496 1098 3556 Ge¬

1122 3500 1188 3560 ler,
1216 3500 1293 3560 nicht
1327 3500 1387 3560 mit
1415 3501 1465 3561 der
1499 3502 1769 3562 Selbstsicherheit
1798 3506 1852 3566 des
1886 3506 2029 3566 Wieners

2074 3504 2145 3564 eben
2179 3508 2240 3568 viel
2262 3509 2345 3569 sein.

2846 3516 2893 3576 E.
2907 3520 2955 3580 F.
