3392 4320
161 246 239 306 12

1451 231 1576 291 box
1655 231 1890 291 43/26

358 252 938 312 Schuitzlers
1008 250 1240 310 Death

260 650 1063 710 OBSERVERe

340 700 370 760 I.
388 700 504 760 österr.
518 704 670 764 behördl.
688 711 978 771 konzessioniertes

303 743 533 803 Unternehmen
565 745 609 805 für
632 751 1006 811 Zeitungs-Ausschnitte

352 798 502 858 WIEN,
523 804 568 864 I.,
589 810 879 870 WOLLZEILE
919 813 964 873 11

440 855 661 915 TELEPHON
694 861 872 921 R-23-0-43

238 995 465 1055 Ausschnitt
494 995 556 1055 aus

262 1082 487 1142 Kleines
541 1088 884 1148 Volksblatt,

936 1092 1006 1152 10

1317 1115 2039 1175 OBSERVER

1405 1166 1428 1226 I.
1447 1168 1566 1228 österr.
1585 1169 1732 1229 behördl.
1751 1172 2040 1232 konzessioniertes

458 1201 815 1261 23.10.1931.

1373 1207 1604 1267 Unternehmen
1633 1209 1679 1269 für
1704 1210 2072 1270 Zeitungs-Ausschnitte

239 1219 344 1279 vom:

1399 1246 1764 1306 ...

1041 1309 1118 1369 13.10
1152 1306 1210 1366 Uhr
1237 1305 1295 1365 eine
1322 1302 1406 1362 Feier
1439 1300 1484 1360 für
1505 1298 1622 1358 Arthur
1642 1293 1949 1353 SchnitzlerstC
1989 1275 2027 1335 11

1045 1348 1265 1408 veranstalten.
1304 1341 1366 1401 Dr.
1395 1339 1486 1399 Ernst
1520 1336 1682 1396 Lothar
1716 1333 1792 1393 wird
1827 1330 1874 1390 die
1899 1324 1936 1384 43

323 1348 524 1408 Arthur
571 1342 874 1402 Schnitzlers

1044 1387 1230 1447 Gedenkrede
1263 1381 1384 1441 halten,
1408 1381 1459 1441 der
1488 1378 1552 1438 eine
1585 1377 1781 1437 Aufführung
1814 1370 1869 1430 von

1279 1422 1451 1482 einaktigem
1520 1416 1618 1476 Spiel
1667 1413 1696 1473 in
1756 1411 1868 1471 Versen

448 1421 755 1481 Testament.

1053 1425 1230 1485 chnitzlers

1320 1461 1411 1521 unter
1458 1457 1507 1517 der
1554 1452 1768 1512 Spielleitung
1819 1449 1869 1509 von

1052 1467 1251 1527 „Paracelsus

219 1486 283 1546 Die
313 1488 431 1548 irdische
471 1481 559 1541 Hülle
599 1481 663 1541 Dr.
688 1480 806 1540 Arthur
841 1476 1018 1536 Schnitzlers

1280 1500 1506 1560 Nüchtern,
1543 1497 1641 1557 folgt.
1688 1494 1765 1554 Auch
1817 1490 1873 1550 das

186 1527 262 1587 wird
291 1527 377 1587 heute
406 1522 530 1582 Freitag
559 1520 597 1580 um
641 1518 707 1578 ½12
741 1517 803 1577 Uhr
833 1515 1014 1575 vormittags
1048 1506 1115 1566 Dr.
1153 1503 1239 1563 Hans

190 1563 239 1623 vom
281 1563 493 1623 Trauerhause
516 1563 543 1623 in
570 1560 619 1620 der
647 1556 941 1616 Sternwartestraße
969 1552 1023 1612 auf
1051 1545 1177 1605 Wiener
1200 1540 1548 1600 Symphonieorchester,
1567 1534 1652 1594 unter
1680 1533 1725 1593 der
1753 1533 1879 1593 Leitung

186 1602 241 1662 den
276 1604 546 1664 Zentralfriedhof
588 1597 635 1657 (1.
657 1599 740 1659 Tor)
782 1596 919 1656 gebracht
962 1589 1017 1649 und
1046 1587 1183 1647 Oswald
1218 1583 1446 1643 Kabastas,
1475 1577 1551 1637 wird
1593 1574 1627 1634 an
1669 1573 1765 1633 dieser
1793 1573 1883 1633 Feier

1051 1624 1244 1684 mitwirken.

191 1641 244 1701 auf
272 1643 320 1703 dem
363 1640 693 1700 israelitischen
737 1636 888 1696 Friedhof
921 1631 1023 1691 beige¬

193 1681 271 1741 setzt.

1319 1688 1419 1748 Vom:

235 1720 269 1780 Im
316 1718 449 1778 Nachlaß
491 1718 537 1778 des
573 1715 717 1775 Dichters
753 1712 845 1772 haben
886 1712 933 1772 sich
968 1707 1025 1767 fol¬

1578 1706 1678 1766 23.
1694 1721 1822 1781 OKT.
1837 1735 1937 1795 1927

189 1760 286 1820 gende

386 1796 573 1856 letztwillige
599 1792 823 1852 Verfügungen

189 1843 422 1903 vorgefunden,
457 1841 506 1901 die
552 1839 606 1899 für
651 1839 700 1899 die
740 1837 889 1897 skeptische
939 1831 1037 1891 Welt¬

1317 1855 1390 1915 Das
1411 1854 1583 1914 Testament
1604 1855 1717 1915 Arthux
1744 1857 1937 1917 Schnitzlers.
1951 1855 2017 1915 Aus
2038 1852 2123 1912 Wie

192 1883 377 1943 anschauung
408 1885 458 1945 des
488 1879 704 1939 israelitischen
740 1878 875 1938 Dichters
906 1873 1011 1933 bezeich

1238 1893 1294 1953 22.
1315 1891 1377 1951 ds.,
1398 1891 1469 1951 wird
1501 1892 1650 1952 berichtet:
1676 1891 1768 1951 Heute
1795 1892 1830 1952 ist
1857 1892 1903 1952 der
1929 1891 2016 1951 Sohn
2048 1891 2166 1951 Arthur

189 1924 269 1984 nend
300 1921 389 1981 sind:

1246 1932 1434 1992 Schnitzlers,
1462 1932 1594 1992 Heinrich
1627 1931 1806 1991 Schnitzler,
1830 1931 1881 1991 der
1915 1931 1938 1991 in
1981 1930 2084 1990 Berlin
2122 1929 2168 1989 als

276 1969 395 2029 „Wien,
419 1967 464 2027 29.
483 1966 579 2026 April
603 1963 688 2023 1912.

1242 1971 1448 2031 Schauspieler
1483 1969 1535 2029 und
1569 1971 1723 2031 Regisseur
1757 1971 1828 2031 tätig
1863 1970 1910 2030 ist,
1930 1969 1954 2029 in
1993 1969 2069 2029 Wien
2108 1965 2170 2025 ein¬

1241 2010 1404 2070 getrossen.
1423 2008 1459 2068 Um
1502 2008 1543 2068 die
1567 2008 1762 2068 Mittagszeit
1781 2008 1883 2068 wurde
1906 2008 1929 2068 im
1972 2008 2083 2068 Beisein
2116 2007 2157 2067 des

273 2017 538 2077 Bestimmungen,
557 2012 599 2072 die
623 2013 659 2073 ich
688 2011 753 2071 nach
781 2010 893 2070 meinem
931 2004 996 2064 Ab¬

1241 2047 1377 2107 Bruders
1408 2048 1456 2108 des
1492 2046 1703 2106 Verstorbenen
1752 2047 1805 2107 und
1849 2048 1946 2108 beider
1978 2046 2079 2106 Söhne
2114 2045 2162 2105 das

231 2056 314 2116 leben
349 2056 373 2116 zu
403 2052 530 2112 erfüllen
561 2051 658 2111 bitte:
679 2048 894 2108 Herzstich,
914 2043 993 2103 keine

1242 2087 1415 2147 Testament
1435 2085 1575 2145 eröffnet.
1594 2085 1637 2145 Es
1661 2085 1777 2145 enthält
1802 2085 1862 2145 eine
1887 2085 1980 2145 Reihe
2005 2085 2051 2145 von
2084 2085 2173 2145 sami¬

238 2095 376 2155 Kränze!
402 2094 500 2154 Keine
530 2088 653 2148 Parte!
678 2088 752 2148 Auch
787 2085 811 2145 in
852 2084 901 2144 der
931 2082 999 2142 Zei¬

1231 2124 1333 2184 liären
1362 2124 1576 2184 Verfügungen
1609 2124 1660 2184 und
1688 2124 1898 2184 Verfügungen
1931 2123 2000 2183 über
2024 2124 2070 2184 den
2099 2120 2168 2180 lite¬

233 2136 302 2196 tung
337 2133 431 2193 nicht!
456 2130 634 2190 Begräbnis
664 2125 763 2185 letzter
793 2124 907 2184 Klasse.
927 2121 995 2181 Das

1237 2166 1375 2226 rarischen
1414 2165 1561 2225 Nachlaß,
1600 2163 1643 2223 die
1686 2163 1710 2223 in
1748 2163 1829 2223 ihren
1868 2163 2063 2223 Einzelheiten
2107 2161 2164 2221 erst

228 2173 308 2233 durch
341 2172 516 2232 Befolgung
550 2169 643 2229 dieser
672 2163 918 2223 Bestimmungen
956 2157 998 2217 er¬

1236 2204 1334 2264 später
1358 2202 1572 2262 veröffentlicht
1596 2202 1703 2262 werden
1737 2203 1839 2263 sollen.
1858 2202 1909 2262 Ein
1938 2202 2040 2262 Absatz
2055 2200 2166 2260 behan¬

238 2213 359 2273 übrigte
387 2210 462 2270 Geld
495 2208 532 2268 ist
556 2203 809 2263 Spitalszwecken
847 2199 1001 2259 zuzuwen¬

1232 2240 1298 2300 delt
1318 2241 1528 2301 Verfügungen
1558 2240 1648 2300 wegen
1673 2240 1720 2300 des
1745 2240 2084 2300 Leichenbegängnisses.
2104 2240 2147 2300 Im

233 2252 307 2312 den.
360 2249 457 2309 Keine
519 2243 645 2303 Reden!
697 2241 996 2301 Vermeidung

1235 2282 1363 2342 Nachlaß
1402 2280 1502 2340 wurde
1546 2279 1588 2339 ein
1637 2279 1818 2339 Schreiben,
1852 2277 1909 2337 vom
1967 2279 2058 2339 April
2092 2275 2158 2335 1912

234 2288 596 2348 allenrituellen
622 2280 892 2340 Beiwerkes.
908 2276 1004 2336 (Ins=

1231 2318 1361 2378 datiert,
1385 2318 1548 2378 gefunden,
1571 2318 1664 2378 worin
1702 2319 1748 2379 der
1782 2318 1898 2378 Dichter
1926 2317 1977 2377 für
2010 2316 2056 2376 den
2094 2315 2163 2375 Fall

233 2329 397 2389 besondere
435 2323 693 2383 Leichenwächter
736 2320 825 2380 usw.)
863 2315 999 2375 Keine

1237 2359 1328 2419 seines
1357 2357 1506 2417 Ablebens
1535 2357 1747 2417 Verfügungen
1781 2357 1877 2417 trifft.
1892 2356 1988 2416 Darin
2022 2354 2103 2414 heißt
2128 2355 2171 2415 es,

241 2367 406 2427 Trauer
438 2366 593 2426 tragen
636 2360 699 2420 nach
737 2357 859 2417 meinem
908 2354 1003 2414 Tode,

1231 2396 1287 2456 daß
1325 2397 1356 2457 an
1394 2398 1487 2458 seiner
1520 2395 1612 2455 Leiche
1655 2396 1696 2456 ein
1743 2394 1882 2454 Herzstich
1920 2393 2152 2453 vorgenommen

625 2399 747 2459 Arthur
773 2397 962 2457 Schnitzler.“

236 2409 360 2469 absolut
386 2405 485 2465 keine.

1224 2434 1368 2494 werden,
1387 2434 1438 2494 das
1467 2433 1751 2493 Leichenbegängnis
1779 2431 1872 2491 letzter
1896 2433 1993 2493 Klasse
2017 2431 2068 2491 sein
2106 2430 2156 2490 und

238 2461 648 2521 Schnitzler=Gedenkfeier
678 2458 736 2518 bei
760 2453 869 2513 Radio
899 2449 1014 2509 Wien.

1237 2470 1284 2530 das
1313 2473 1462 2533 erübrigte
1491 2474 1563 2534 Geld
1587 2473 1832 2533 Spitalszwecken
1866 2470 2024 2530 zugeführt
2044 2470 2154 2530 werden

243 2518 408 2578 Sonntag,
444 2513 490 2573 25.
521 2511 561 2571 d.,
597 2509 674 2569 wird
721 2508 821 2568 Nadio
857 2506 939 2566 Wien
987 2500 1028 2560 um

1232 2512 1298 2572 soll.
1328 2513 1370 2573 Er
1399 2512 1548 2572 verbietet
1577 2510 1634 2570 jede
1668 2511 1802 2571 rituellen
1845 2511 2151 2571 Nebensächlichkeiten

1232 2551 1283 2611 und
1316 2552 1387 2612 auch
1420 2551 1462 2611 die
1491 2551 1768 2611 Veröffentlichung
1801 2551 1857 2611 von
1891 2551 2008 2611 Parten
2047 2548 2069 2608 in
2108 2548 2154 2608 den

1234 2591 1374 2651 Blättern
1434 2590 1533 2650 ferner
1579 2590 1692 2650 Kränze
1742 2589 1796 2649 und
1847 2588 2046 2648 Leichenreden
2101 2586 2155 2646 und

1228 2630 1376 2690 wünscht,
1394 2630 1447 2690 daß
1478 2630 1614 2690 niemand
1638 2629 1703 2689 nach
1733 2629 1780 2689 ihm
1817 2626 1935 2686 Trauer
1959 2626 2041 2686 trage

1386 2712 2098 2772 OBSERVER

1466 2781 1494 2841 I.
1513 2781 1631 2841 österr.
1646 2784 1797 2844 behördl.
1817 2787 2105 2847 konzessioniertes

1440 2822 1664 2882 Unternehmen
1692 2824 1738 2884 für
1762 2828 2126 2888 Zeitungs-Ausschnitte

1484 2880 1630 2940 WIEN,
1651 2885 1692 2945 I.,
1720 2888 2005 2948 WOLLZEILE
2047 2891 2088 2951 11

1570 2935 1788 2995 TELEPHON
1822 2939 1996 2999 R-23-0-43

236 3006 461 3066 Ausschnitt
488 3008 573 3068 aus:

1364 3077 1592 3137 Ausschnitt
1616 3076 1680 3136 aus

405 3086 558 3146 LAGER
584 3093 770 3153 TAGEAT

1596 3160 1718 3220 Pester
1737 3166 1911 3226 Lioye,e

946 3230 975 3290 3

237 3232 348 3292 vom:

639 3249 701 3309 22
756 3242 809 3302 OK

1368 3303 1481 3363 vom:

1665 3333 1749 3393 23.
1778 3336 1901 3396 OKT.
1921 3339 2015 3399 1937

268 3376 443 3436 Schnihlers
486 3375 636 3435 Nachlaß.
679 3372 812 3432 Mien.
855 3372 921 3432 Das
973 3366 1139 3426 Testament

228 3414 715 3474 Jernchht
767 3411 885 3471 neben,
920 3411 998 3471 einer
1050 3408 1140 3468 Reihe

225 3457 395 3517 samiliärer
427 3454 664 3514 Bestimmungen
701 3452 768 3512 auch
799 3447 1005 3507 Verfügungen
1043 3447 1125 3507 bezüg

226 3494 273 3554 lich
307 3494 355 3554 des
389 3492 580 3552 kiterarischen
614 3491 796 3551 Nacklasses.
835 3488 897 3548 Zum
945 3485 1136 3545 literarischen

1293 3533 1390 3593 Arlur
1419 3526 1623 3586 Schnitzlers
1652 3518 1764 3578 letzter
1793 3513 1905 3573 Wille,
1927 3509 2024 3569 Arlur
2054 3503 2236 3563 Schnitzler
2265 3495 2327 3555 hat

224 3533 514 3593 Nachlaßverwalter
566 3530 729 3590 bestimmte
766 3529 815 3589 der
857 3526 1048 3586 Verstorbene
1090 3520 1139 3580 den

1206 3581 1265 3641 wie
1295 3581 1358 3641 aus
1383 3568 1682 3628 Wienberichtet
1712 3560 1809 3620 wird,
1834 3555 1863 3615 In
1898 3553 2006 3613 seinem
2055 3547 2168 3607 leizten
2207 3542 2319 3602 Willer

224 3575 442 3635 Dramaturgen
479 3569 524 3629 der
557 3569 840 3629 Reinhaodtbühnen
877 3566 936 3626 Dr.
959 3566 1064 3626 Horch.
1088 3560 1128 3620 Jm

1206 3624 1359 3684 folgende
1392 3612 1617 3672 Verfügungen
1649 3603 1830 3663 getroffen:
1853 3595 2042 3655 Herzstich.
2066 3590 2165 3650 Keine
2192 3585 2314 3645 Kränze

221 3614 349 3674 Nachlaß
403 3609 531 3669 befindet
581 3608 629 3668 sich
669 3607 718 3667 ein
758 3606 934 3666 Schauspiel
974 3602 1048 3662 „Zug
1093 3598 1141 3658 der

1213 3665 1298 3725 keine
1326 3659 1439 3719 Parte,
1462 3655 1544 3715 auch
1576 3651 1603 3711 in
1635 3650 1689 3710 der
1717 3644 1849 3704 Zeitung
1881 3638 1989 3698 nicht.
2013 3632 2190 3692 Begräbnis
2217 3627 2330 3687 letzter

221 3648 398 3708 Schatten“.
418 3648 566 3708 Außerdem
610 3647 686 3707 wei,
710 3647 791 3707 man,
811 3644 863 3704 daß
893 3641 1046 3701 Schnitzler
1075 3640 1137 3700 noch

214 3688 254 3748 san
286 3688 367 3748 einem
408 3685 517 3745 Roman
550 3687 704 3747 arbeitete,
722 3682 772 3742 der
799 3683 885 3743 jedoch
913 3679 1076 3739 Fragment
1099 3674 1144 3734 ge¬

1211 3706 1341 3766 Klassc.
1369 3701 1441 3761 Das
1473 3696 1573 3756 durch
1614 3688 1795 3748 Befolgung
1836 3680 1940 3740 dieser
1981 3675 2244 3735 Bestimmungen
2285 3665 2316 3725 er

224 3725 334 3785 blieben
387 3724 445 3784 sein
498 3724 613 3784 dürfte.
667 3721 840 3781 Zahlreiche
888 3718 1138 3778 Aufzeichnungen

1206 3748 1333 3808 übrigte
1365 3741 1443 3801 Geld
1480 3737 1525 3797 ist
1553 3731 1831 3791 Spitalszwecken
1868 3718 2115 3778 zuzuwenden.
2143 3714 2239 3774 Keine
2276 3708 2316 3768 Re

223 3765 336 3825 werden
368 3764 413 3824 sich
441 3763 468 3823 zu
500 3761 577 3821 einer
605 3761 858 3821 Autobiographie
886 3757 1140 3817 zusammenfügen

1208 3792 1289 3852 den.
1317 3783 1534 3843 Vermeidung
1567 3777 1648 3837 allen
1684 3772 1829 3832 rituellen
1871 3764 2051 3824 Beiwerks,
2080 3760 2174 3820 Keine
2206 3755 2333 3815 Trauer

224 3804 329 3864 lassen.
378 3801 468 3861 Seine
502 3801 593 3861 letzten
637 3800 828 3860 literarischen
872 3796 1006 3856 Arbeiten
1045 3794 1140 3854 galten

1217 3837 1326 3897 tragen
1360 3831 1438 3891 nach
1478 3821 1602 3881 meinem
1648 3816 1739 3876 Tod.
1760 3812 1896 3872 absolut
1923 3808 2033 3868 keine,

226 3843 273 3903 der
303 3841 494 3901 Umdichtung
524 3841 615 3901 seines
649 3841 725 3901 „Ruf
754 3839 802 3899 des
831 3836 975 3896 Lebens".
1009 3834 1052 3894 Er
1086 3832 1148 3892 war

224 3877 289 3937 schon
323 3881 417 3941 mitten
450 3879 473 3939 im
516 3877 605 3937 letzten
634 3878 700 3938 Akt.
719 3878 789 3938 Auch
828 3874 875 3934 nit
899 3872 1139 3932 Tonfilmplänen

224 3921 288 3981 trug
317 3921 344 3981 er
373 3921 437 3981 sich,
457 3919 526 3979 ohne
555 3918 596 3978 ein
624 3918 801 3978 bestimmtes
830 3915 918 3975 Sujet
946 3912 969 3972 im
1007 3912 1085 3972 Auge
1114 3909 1137 3969 zu

225 3958 332 4018 haben.
374 3957 451 4017 Eine
482 3960 616 4020 Zeitlang
653 3955 704 4015 hat
730 3954 760 4014 er
792 3954 807 4014 d
838 3954 884 4014 ran
926 3949 1054 4009 gedacht,
1091 3945 1137 4005 den

233 3998 359 4058 „Jungen
398 3996 580 4056 Medardus"
608 3995 635 4055 zu
669 3993 845 4053 versilmen,
868 3992 906 4052 ein
939 3990 1071 4050 Projekt,
1094 3986 1143 4046 das

234 4038 278 4098 von
316 4038 397 4098 Josef
421 4035 615 4095 Schildkrant
638 4035 780 4095 angrregt
803 4033 884 4093 war.

2249 869 2960 929 OBSERVER

2338 918 2363 978 I.
2377 923 2497 983 österr.
2510 924 2656 984 behördl.
2669 927 2965 987 konzessioniertes

2289 963 2524 1023 Unternehmen
2556 966 2604 1026 für
2627 969 3014 1029 Zeitungs-Ausschnitte

2338 1020 2489 1080 WIEN,
2516 1028 2561 1088 I.,
2588 1028 2872 1088 WOLLZEILE
2919 1029 2964 1089 11

2432 1073 2656 1133 TELEPHON
2688 1079 2865 1139 R-23-0-43

2217 1264 2434 1324 AUSSCHNTT
2454 1264 2539 1324 VOM.

2639 1297 2724 1357 23.
2751 1297 2837 1357 OKT.
2855 1300 2966 1360 1931

2196 1500 2562 1560 Berliner
2634 1498 3142 1558 Morgenpost

2280 1658 2442 1718 Akthur
2476 1654 2736 1714 Schnitz'ers
2759 1648 2867 1708 letzte
2901 1643 3106 1703 Wünsche

2332 1727 2397 1787 Der
2422 1727 2499 1787 Sohn
2530 1727 2697 1787 Schnitzlers
2722 1724 2787 1784 teilt
2806 1724 2854 1784 die
2872 1721 3022 1781 folgenden
3047 1718 3118 1778 letzt¬

2277 1775 2409 1835 willigen
2446 1772 2651 1832 Verfügungen
2689 1769 2758 1829 mit,
2779 1767 2821 1827 die
2853 1765 2895 1825 sich
2927 1765 2948 1825 im
2991 1763 3117 1823 Nachlaf

2279 1819 2367 1879 seines
2399 1813 2507 1873 Vaters
2534 1813 2715 1873 vorgefunde
2763 1809 2871 1869 haben.
2914 1805 2965 1865 Sie
2992 1805 3048 1865 sind
3080 1805 3105 1865 am

2286 1860 2334 1920 29,
2362 1858 2454 1918 April
2487 1858 2541 1918 191
2595 1857 2866 1917 niedergeschrieben
2910 1851 3023 1911 worden
3067 1848 3121 1908 und

2279 1904 2380 1964 lauten
2417 1900 2566 1960 wörth:

2343 1951 2618 2011 „Bestimmungen,
2636 1948 2680 2008 die
2698 1946 2736 2006 ich
2760 1945 2821 2005 nach
2844 1943 2950 2003 meinem
2990 1939 3114 1999 Ableben

2284 2006 2311 2066 zu
2350 2002 2471 2062 erfüllen
2522 1999 2615 2059 bitte.
2654 1997 2814 2057 Herzstich!
2859 1990 2952 2050 Keine
2992 1989 3124 2049 Kränzel

2282 2049 2377 2109 Keine
2404 2044 2662 2104 Todesanzeigen!
2700 2043 2773 2103 Auch
2805 2042 2831 2102 in
2874 2039 2921 2099 den
2959 2037 3116 2097 Zeitungen

2287 2097 2374 2157 nicht!
2403 2095 2580 2155 Begräbnig
2603 2091 2696 2151 letzter
2724 2091 2834 2151 Klasse!
2863 2086 2929 2146 Das
2957 2085 3045 2145 durch
3073 2081 3128 2141 Be¬

2289 2146 2407 2206 folgung
2435 2143 2527 2203 dieser
2549 2142 2787 2202 Bestimmungen
2815 2134 2965 2194 erübrigte
2994 2133 3069 2193 Geld
3096 2133 3128 2193 ist

2287 2194 2508 2254 Spitalzwecken
2540 2190 2752 2250 zuzuwenden.
2788 2187 2881 2247 Keine
2907 2181 3026 2241 Roden!
3057 2178 3129 2238 Ver¬

2287 2240 2426 2300 meidung
2458 2240 2524 2300 allen
2561 2237 2695 2297 rituellen
2733 2233 2877 2293 Beiwerks
2909 2228 3131 2288 (insbesondere

2292 2290 2529 2350 Leichenwächter
2557 2285 2654 2345 usw.).
2681 2285 2773 2345 Keine
2795 2282 2908 2342 Trauer
2937 2282 3033 2342 tragen
3066 2279 3125 2339 nach

2295 2339 2403 2399 meinem
2442 2339 2535 2399 Tode,
2557 2335 2677 2395 absolut
2699 2331 2791 2391 keine!

2585 2381 2758 2441 Arthur
2788 2376 3098 2436 Schnitzler."

2357 2486 2391 2546 In
2426 2482 2543 2542 Arthur
2571 2481 2743 2541 Schnitzlers
2772 2476 2895 2536 Nachlaß
2931 2474 3061 2534 befindet
3090 2473 3137 2533 sich

2298 2527 2339 2587 ein
2370 2527 2540 2587 Schauspiel
2567 2526 2643 2586 „Zug
2670 2523 2716 2583 der
2743 2523 2917 2583 Schatten",
2939 2519 2990 2579 von
3022 2518 3068 2578 dem
3109 2518 3135 2578 es

2300 2572 2361 2632 noch
2383 2572 2460 2632 nicht
2477 2570 2616 2630 feststeht,
2632 2569 2658 2629 ob
2684 2568 2710 2628 es
2736 2566 2881 2626 vollendet
2903 2562 2949 2622 ist;
2975 2563 3074 2623 ferner
3095 2558 3136 2618 ein

2300 2616 2354 2676 fast
2380 2614 2536 2674 beendeter
2567 2611 2702 2671 Roman,
2739 2608 2788 2668 der
2829 2607 2854 2667 in
2900 2604 3131 2664 Theaterkreisen

2305 2658 2402 2718 spielt.
2439 2657 2500 2717 Das
2537 2654 2692 2714 wichtigste
2724 2652 2827 2712 Werk,
2853 2648 2904 2708 das
2941 2647 2992 2707 der
3023 2646 3142 2706 Dichter

2303 2700 2487 2760 hinterlassen
2520 2700 2588 2760 hat,
2610 2697 2641 2757 ist
2668 2696 2737 2756 aber
2764 2694 2816 2754 sein
2843 2692 3007 2752 Tagebuch,
3034 2689 3081 2749 das
3113 2688 3139 2748 er

2303 2745 2483 2805 regelmäßig
2509 2741 2560 2801 seit
2587 2739 2658 2799 1895
2685 2739 2802 2799 geführt
2824 2737 2890 2797 hat;
2922 2735 2988 2795 nach
3014 2733 3143 2793 Schnitz¬

2304 2788 2368 2848 lers
2398 2787 2520 2847 Wunsch
2550 2784 2608 2844 soll
2631 2784 2659 2844 es
2696 2782 2840 2842 vorläufig
2878 2781 2942 2841 noch
2972 2778 3051 2838 nicht
3081 2775 3145 2835 ver¬

2296 2829 2465 2889 öffentlicht
2492 2826 2631 2886 werden.
2647 2826 2656 2886 —

2361 2873 2434 2933 Noch
2456 2872 2546 2932 bevor
2568 2870 2610 2930 die
2632 2867 2870 2927 Todesnachricht
2893 2864 3019 2924 eintraf,
3031 2862 3141 2922 wurden

2305 2918 2354 2978 von
2390 2918 2460 2978 zwei
2486 2915 2626 2975 Berliner
2652 2910 2793 2970 Theatern
2829 2908 3055 2968 Aufführungen
3090 2906 3135 2966 von

2303 2959 2597 3019 Schnitzler=Werken
2639 2954 2835 3014 vorbereitet:
2871 2950 2917 3010 die
2954 2949 3145 3009 Volksbühne

2306 3005 2394 3065 plant
2419 3002 2458 3062 die
2483 2999 2669 3059 Darstellung
2694 2999 2738 3059 des
2768 2996 2900 3056 „Grünen
2930 2993 3072 3053 Kakadu"
3092 2993 3146 3053 mit

2307 3046 2422 3106 Rudolf
2447 3045 2563 3105 Forster
2589 3044 2614 3104 in
2644 3044 2694 3104 der
2720 3041 2911 3101 Hauptrolle;
2932 3038 2982 3098 das
3013 3035 3148 3095 Schiller¬

2309 3091 2435 3151 Theater
2475 3088 2540 3148 will
2574 3088 2630 3148 den
2669 3088 2779 3148 „Gang
2807 3085 2862 3145 zum
2907 3082 3039 3142 Weiher"
3084 3081 3150 3141 auf¬

2310 3136 2437 3196 führen.
