3344 4352
316 118 378 178 ee
401 121 428 181 ee
452 124 552 184 mue.

410 165 462 225 Als
495 168 553 228 wir
585 170 627 230 die
659 174 1004 234 Schreckensnachricht
1036 177 1232 237 empfingen,
1259 177 1290 237 da
1328 177 1434 237 stockte

315 213 374 273 uns
408 213 462 273 der
492 215 599 275 Atem,
624 216 673 276 als
708 216 859 276 befänden
899 219 952 279 wir
987 219 1040 279 uns
1080 220 1104 280 in
1144 221 1222 281 einem
1267 223 1428 283 luftleeren

317 259 440 319 Raum.
461 260 553 320 Jeder
579 262 717 322 Lebende
744 264 810 324 muß
847 264 964 324 einmal
985 267 1036 327 der
1063 267 1165 327 Natur
1191 267 1288 327 seinen
1320 270 1432 330 Tribut

312 306 497 366 entrichten,
518 306 575 366 das
607 309 704 369 wissen
741 309 813 369 wir,
840 312 896 372 und
927 312 1051 372 dennoch
1088 315 1149 375 will
1181 315 1248 375 man
1280 315 1325 375 sich
1362 315 1439 375 nicht

313 353 519 413 eingestehen,
546 354 598 414 daß
634 354 686 414 der
712 356 826 416 Vater,
852 356 903 416 der
930 358 1054 418 Bruder
1091 359 1199 419 sterben
1237 359 1370 419 werden.
1397 359 1438 419 So

313 398 402 458 haben
438 398 493 458 wir
519 399 629 459 immer
654 401 704 461 den
735 401 906 461 Gedanken
936 404 991 464 von
1022 404 1081 464 uns
1112 407 1353 467 weggeschoben,
1373 408 1428 468 daß

313 443 379 503 auch
411 445 534 505 Arthur
565 447 730 507 Schnitzler
761 448 880 508 einmal
906 449 988 509 nicht
1014 449 1101 509 unter
1133 451 1183 511 uns
1220 452 1271 512 sein
1308 454 1441 514 könnte.

313 488 410 548 Seine
447 491 550 551 Größe
592 493 694 553 wurde
730 494 787 554 nur
824 494 911 554 durch
952 497 1030 557 seine
1061 497 1313 557 Bescheidenheit
1345 499 1437 559 über¬

311 536 411 596 boten.
454 538 549 598 Schon
603 539 629 599 in
677 539 793 599 jungen
842 542 963 602 Jahren
1012 542 1080 602 war
1123 543 1154 603 er
1197 545 1346 605 Meister,
1383 542 1436 602 der

320 583 472 643 spielerisch
501 583 547 643 die
576 584 791 644 schwierigsten
820 586 984 646 Probleme
1013 589 1205 649 bewältigte.
1228 589 1274 649 Er
1297 592 1438 652 brauchte

310 628 392 688 nicht
423 628 484 688 erst
516 628 546 688 zu
588 630 711 690 lernen,
742 633 772 693 er
804 634 870 694 war
907 634 958 694 der
994 635 1138 695 geborene
1175 637 1318 697 Könner.
1350 637 1426 697 Sein

309 676 506 736 universeller
541 675 631 735 Geist
659 678 801 738 umfaßte
841 679 897 739 alle
932 682 1090 742 Epochen,
1113 682 1220 742 schritt
1249 682 1339 742 durch
1379 685 1435 745 alle

310 721 593 781 Himmelsstriche.
619 723 665 783 Er
701 724 768 784 war
805 726 912 786 daheim
959 727 990 787 in
1027 727 1083 787 der
1114 730 1335 790 wunderlichen
1377 728 1438 788 Ge¬

308 767 514 827 lehrtenstube
558 767 611 827 des
655 768 866 828 Paracelsus,
905 771 931 831 in
981 771 1034 831 der
1073 774 1338 834 Artistenschenke
1382 774 1435 834 der

308 813 483 873 Jakobiner
519 813 545 873 in
581 813 632 873 den
674 816 921 876 Prunkräumen
958 819 1014 879 von
1051 820 1262 880 Schönbrunn
1304 821 1360 881 und
1397 820 1422 880 in

305 858 353 918 den
387 858 613 918 Dachstübchen
663 861 716 921 der
755 861 878 921 kleinen
922 864 1051 924 Wiener
1085 867 1290 927 Midinetten.
1328 867 1425 927 Jedes

308 906 457 966 Ereignis
493 906 625 966 drängte
661 906 706 966 ihn
753 909 804 969 zur
834 911 1041 971 Gestaltung.
1071 912 1116 972 Er
1146 912 1273 972 schürfte
1308 913 1336 973 in
1372 914 1423 974 den

308 953 534 1013 verborgensten
568 953 667 1013 Tiefen
696 953 745 1013 der
767 956 878 1016 Seele,
895 956 960 1016 auch
989 957 1032 1017 die
1055 958 1226 1018 geheimsten
1260 960 1425 1020 Regungen

308 998 426 1058 wurden
464 998 507 1058 ihm
551 999 707 1059 offenbar,
729 1001 789 1061 und
822 1001 886 1061 was
914 1003 940 1063 er
968 1004 1140 1064 gefunden,
1157 1004 1292 1064 schenkte
1314 1007 1346 1067 er
1368 1006 1427 1066 uns

308 1043 399 1103 heiter
426 1046 561 1106 lächelnd
594 1046 615 1106 in
648 1046 728 1106 einem
773 1049 961 1109 glänzenden
994 1051 1112 1111 Apercu
1145 1051 1209 1111 oder
1238 1051 1296 1111 mit
1318 1052 1431 1112 ernster

303 1092 406 1152 Miene
436 1091 464 1151 in
493 1094 746 1154 philosophischer
775 1097 999 1157 Betrachtung.
1023 1097 1103 1157 Aber
1133 1097 1178 1157 die
1202 1099 1426 1159 Angelpunkte

309 1136 397 1196 seines
436 1139 602 1199 Schaffens
641 1142 740 1202 waren
780 1142 823 1202 die
857 1143 989 1203 Erotik,
1018 1142 1062 1202 die
1096 1142 1150 1202 das
1184 1145 1278 1205 Leben
1317 1145 1344 1205 in
1384 1145 1427 1205 die

305 1183 386 1243 Welt
409 1185 495 1245 ruft,
523 1185 582 1245 und
615 1185 663 1245 der
697 1186 778 1246 Tod,
805 1186 859 1246 der
887 1186 946 1246 das
979 1189 1071 1249 Leben
1110 1189 1250 1249 beendet.
1278 1191 1343 1251 Mit
1371 1192 1419 1252 den

298 1231 451 1291 Quadern
496 1231 545 1291 des
590 1231 744 1291 deutschen
789 1234 959 1294 Satzbaues
1004 1235 1168 1295 jonglierte
1208 1234 1240 1294 er
1279 1236 1334 1296 wie
1379 1237 1417 1297 ein

307 1278 474 1338 geschickter
505 1279 613 1339 Artist
644 1279 697 1339 mit
734 1279 848 1339 leichten
891 1282 1113 1342 Federbällen.
1137 1282 1209 1342 Der
1240 1285 1426 1345 zauberische

306 1324 572 1384 Sprachkünstler
601 1327 635 1387 ist
664 1327 737 1387 ganz
766 1328 833 1388 still
857 1328 1037 1388 geworden,
1061 1327 1112 1387 sein
1146 1330 1270 1390 Mund,
1294 1330 1338 1390 der
1367 1330 1423 1390 uns

301 1369 368 1429 noch
403 1370 499 1430 vieles
533 1371 618 1431 hätte
653 1372 737 1432 sagen
777 1372 918 1432 können,
948 1374 987 1434 ist
1016 1374 1213 1434 verstummt.
1237 1375 1304 1435 Der
1339 1376 1429 1436 große

306 1416 394 1476 Geist
424 1417 459 1477 ist
489 1417 659 1477 erloschen,
690 1419 736 1479 die
766 1419 883 1479 Feckel
913 1419 954 1479 ist
984 1422 1219 1482 ausgebrannt.
1250 1422 1302 1482 Ein
1344 1422 1425 1482 Licht

300 1464 438 1524 weniger
472 1464 505 1524 in
546 1464 638 1524 diesen
686 1467 791 1527 Zeiten
832 1467 885 1527 der
925 1467 1124 1527 Finsternis,
1151 1470 1243 1530 durch
1285 1468 1330 1528 die
1371 1470 1423 1530 wir

305 1512 453 1572 ängstlich
479 1512 616 1572 tappen.

306 1571 382 1631 Ein
417 1571 611 1631 Nachruf
646 1574 688 1634 in
731 1574 807 1634 der
833 1577 1130 1637 Gesellschaft
1156 1577 1223 1637 der
1249 1580 1426 1640 Aerzte.

402 1633 440 1693 Zu
473 1631 593 1691 Beginn
632 1632 689 1692 der
728 1631 868 1691 gestrigen
907 1633 1034 1693 Sitzung
1067 1633 1118 1693 der
1144 1635 1335 1695 Gesellschaft
1374 1636 1425 1696 der

295 1675 407 1735 Aerzte
431 1676 452 1736 in
481 1676 565 1736 Wien
600 1676 673 1736 hielt
696 1678 904 1738 Sektionsrat
927 1679 994 1739 Dr.
1012 1679 1186 1739 Müller
1209 1682 1259 1742 vom
1300 1682 1423 1742 Volks¬

297 1721 569 1781 gesundheitsamt
609 1722 688 1782 einen
728 1724 870 1784 Nachruf
916 1724 972 1784 auf
1007 1726 1131 1786 Arthur
1160 1731 1431 1791 Schnitzler.

295 1765 341 1825 Er
370 1765 416 1825 hob
451 1765 480 1825 in
516 1768 613 1828 seiner
644 1768 730 1828 Rede
759 1768 887 1828 hervor,
910 1771 962 1831 daß
998 1771 1049 1831 bei
1073 1771 1241 1831 Schnitzler
1270 1772 1322 1832 der
1352 1774 1426 1834 Arzt

299 1811 346 1871 den
382 1811 505 1871 Dichter
535 1813 593 1873 und
623 1815 675 1875 der
700 1816 828 1876 Dichter
859 1816 905 1876 den
941 1819 1017 1879 Arzt
1041 1819 1193 1879 gefördert
1224 1819 1294 1879 hat.
1312 1821 1411 1881 Wenn

298 1856 365 1916 auch
399 1859 517 1919 Arthur
546 1861 715 1921 Schnitzler
744 1861 771 1921 in
806 1861 901 1921 seinen
936 1864 1070 1924 späteren
1110 1864 1336 1924 Lebensjahren
1370 1868 1420 1928 der

295 1906 456 1966 ärztlichen
485 1906 681 1966 Betätigung
717 1909 855 1969 entrückt
878 1909 964 1969 war,
994 1913 1022 1973 so
1058 1912 1115 1972 hat
1150 1912 1201 1972 der
1231 1912 1305 1972 Arzt
1340 1915 1421 1975 seine

296 1951 485 2011 dichterische
521 1953 692 2013 Tätigkeit
728 1953 799 2013 aufs
841 1955 940 2015 tiefste
977 1957 1165 2017 beeinflußt.
1195 1957 1265 2017 Mit
1302 1961 1425 2021 Arthur

296 1996 461 2056 Schnitzler
493 1998 621 2058 verliert
647 2001 720 2061 auch
752 2001 800 2061 die
832 2003 960 2063 Wiener
992 2004 1195 2064 Aerzteschaft
1227 2005 1306 2065 eines
1337 2010 1423 2070 ihrer

298 2046 525 2106 bedeutendsten
558 2046 758 2106 Mitglieder.

338 2107 914 2167 Schnitzler-Gedenkfeier
947 2113 1019 2173 bei
1054 2115 1199 2175 Radio
1240 2118 1393 2178 Wien.

376 2162 510 2222 Sonntag
536 2163 602 2223 wird
629 2162 720 2222 Radio
745 2164 824 2224 Wien
850 2165 886 2225 um
924 2167 936 2227 1
961 2168 1022 2228 Uhr
1047 2168 1071 2228 10
1102 2168 1231 2228 Minuten
1263 2171 1317 2231 eine
1343 2172 1422 2232 Feier

291 2210 500 2270 veranstalten,
525 2210 566 2270 die
597 2210 638 2270 dem
687 2210 837 2270 Gedenken
874 2213 987 2273 Arthur
1018 2216 1269 2276 Schnitzlers
1300 2218 1420 2278 geweiht

289 2255 339 2315 ist.
363 2255 424 2315 Dr.
453 2255 543 2315 Ernst
571 2255 729 2315 Lothar
764 2258 831 2318 wird
865 2258 904 2318 die
933 2261 1114 2321 Gedenkrede
1143 2261 1255 2321 halten,
1284 2263 1328 2323 der
1362 2264 1418 2324 eine

294 2303 479 2363 Aufführung
510 2303 559 2363 von
589 2303 758 2363 Schnitzlers
789 2306 945 2366 einaktigem
988 2308 1072 2368 Spiel
1097 2308 1120 2368 in
1151 2309 1247 2369 Versen
1278 2312 1428 2372 „Para¬

284 2349 445 2409 celsus"
486 2347 566 2407 unter
601 2349 647 2409 der
682 2351 877 2411 Spielleitung
913 2353 964 2413 von
999 2353 1062 2413 Dr.
1092 2353 1172 2413 Hans
1207 2356 1414 2416 Nüchtern

290 2395 375 2455 folgt.
400 2394 473 2454 Auch
498 2394 546 2454 das
572 2397 743 2457 Wiener
768 2401 1241 2461 Symphonieorchester
1266 2403 1345 2463 unter
1377 2404 1419 2464 der

292 2442 406 2502 Leitung
438 2442 552 2502 Oswald
579 2445 783 2505 Kabastas
809 2446 879 2506 wird
905 2446 936 2506 an
969 2446 1052 2506 dieser
1078 2447 1160 2507 Feier
1180 2449 1358 2509 mitwirken.

369 2547 881 2607 Beileidskundgebung
927 2551 1008 2611 des
1045 2554 1322 2614 preußischen

644 2609 1072 2669 Kultusministers.

487 2659 679 2719 Telegramm
734 2661 866 2721 unseres
900 2661 1233 2721 Korrespondenten.

995 2715 1161 2775 Berlin,
1180 2715 1232 2775 23.
1251 2718 1387 2778 Oktober.

386 2760 456 2820 Wie
483 2762 528 2822 der
561 2765 729 2825 „Amtliche
756 2767 931 2827 preußische
951 2767 1172 2827 Pressedienst"
1205 2768 1347 2828 mitteilt,
1367 2769 1419 2829 hat

290 2808 341 2868 der
371 2810 543 2870 preußische
572 2812 837 2872 Kultusminister
867 2813 1068 2873 Grimme
1097 2816 1143 2876 an
1178 2817 1252 2877 den
1288 2818 1408 2878 Sohn

288 2858 470 2918 Arthur
502 2861 777 2921 Schnitzlers
816 2862 866 2922 das
904 2863 1048 2923 folgende
1080 2864 1425 2924 Beileidstele¬

293 2906 440 2966 gramm
502 2906 674 2966 gerichtet:
718 2907 908 2967 „Anläßlich
951 2908 1006 2968 des
1050 2909 1271 2969 Hinscheidens
1315 2912 1412 2972 Ihres

289 2950 407 3010 Vaters
453 2950 570 3010 spreche
611 2952 655 3012 ich
701 2955 802 3015 Ihnen
853 2956 1033 3016 aufrichtige
1079 2956 1299 3016 Anteilnahme
1344 2956 1417 3016 aus.

290 3000 468 3060 Arthur
494 2999 733 3059 Schnitzler
759 3001 832 3061 wird
864 3002 1097 3062 fortleben
1130 3001 1196 3061 als
1228 3004 1431 3064 Dichter,

293 3044 338 3104 der
368 3048 390 3108 in
425 3047 471 3107 der
500 3048 823 3108 Liebenswürdigkeit
847 3049 938 3109 seines
974 3049 1054 3109 Stils
1084 3049 1302 3109 unübertroffen
1338 3052 1418 3112 einer

295 3094 471 3154 sorgloseren
514 3094 572 3154 und
608 3094 672 3154 doch
714 3096 790 3156 ihrer
826 3096 1103 3156 Fragwürdigkeit
1139 3099 1291 3159 bewußten
1333 3097 1415 3157 Welt

291 3141 347 3201 mit
392 3141 478 3201 tiefer
523 3144 774 3204 psychologischer
818 3143 1019 3203 Erkenntnis
1063 3141 1220 3201 Ausdruck
1271 3144 1395 3204 verlieh.

416 3234 674 3294 Schnitzlers
717 3235 992 3295 italienische
1026 3237 1301 3297 Gemeinde.

1049 3288 1155 3348 Rom,
1177 3291 1225 3351 23.
1247 3291 1380 3351 Ohtober.

385 3335 444 3395 Die
469 3335 667 3395 italienischen
692 3337 818 3397 Blätter
842 3338 968 3398 widmen
993 3338 1113 3398 Arthur
1132 3341 1408 3401 Schnitzlers

290 3382 384 3442 Leben
449 3383 507 3443 und
562 3383 696 3443 Werken
756 3386 1086 3446 ausführliche
1140 3386 1222 3446 und
1276 3386 1416 3446 wohl¬

287 3429 602 3489 informierte
637 3431 869 3491 Aufsätze,
898 3431 948 3491 die
982 3431 1090 3491 immer
1130 3431 1236 3491 wieder
1271 3434 1423 3494 betonen,

293 3470 346 3530 daß
394 3473 440 3533 der
470 3474 700 3534 österreichische
731 3476 854 3536 Dichter
885 3477 949 3537 auch
986 3479 1020 3539 in
1051 3479 1245 3539 Italien
1287 3479 1416 3539 seine

293 3518 418 3578 treue
442 3514 853 3574 Gemeindehatt.

340 3559 454 3619 (Jene,
481 3556 531 3616 die
564 3554 627 3614 man
666 3552 749 3612 nicht
781 3544 978 3604 bewerkte.)
1017 3541 1062 3601 Es
1095 3540 1126 3600 ist
1152 3535 1253 3595 gestern
1286 3532 1362 3592 recht

243 3607 356 3667 peinlich
381 3607 567 3667 aufgefallen,
586 3600 627 3660 daß
652 3598 694 3658 die
713 3596 862 3656 offiziellen
887 3591 977 3651 Kreise
996 3588 1026 3648 es
1044 3586 1092 3646 für
1110 3583 1183 3643 total
1201 3580 1363 3640 überflüssig

242 3655 377 3715 gefunden
412 3652 520 3712 haben,
543 3649 605 3709 ihre
634 3646 804 3706 Teilnahme
833 3640 980 3700 anläßlich
1015 3634 1054 3694 des
1088 3629 1292 3689 Hinscheidens
1321 3625 1366 3685 des

244 3703 481 3763 repräsentativen
525 3694 757 3754 österreichischen
796 3687 930 3747 Dichters
958 3681 1114 3741 irgendwie
1142 3678 1168 3738 zu
1206 3674 1368 3734 bekunden,

242 3748 298 3808 Bei
326 3747 371 3807 dem
417 3744 693 3804 Leichenbegängnis
722 3736 841 3796 Arthur
864 3730 1038 3790 Schnitzlers
1067 3725 1129 3785 war
1158 3723 1203 3783 das
1237 3720 1366 3780 ofsizielle

250 3795 414 3855 Oesterreich
449 3793 470 3853 so
504 3791 559 3851 gut
587 3788 637 3848 wie
665 3784 720 3844 gar
748 3782 825 3842 nicht
853 3779 1014 3839 vertreten.
1036 3773 1179 3833 Während
1214 3769 1268 3829 aus
1302 3765 1373 3825 aller

254 3844 355 3904 Herren
384 3839 513 3899 Lündern
541 3835 648 3895 beredte
672 3830 823 3890 Zeugnisse
846 3827 930 3887 dafür
959 3822 1122 3882 eintreffen,
1140 3818 1190 3878 baß
1219 3816 1263 3876 das
1292 3812 1370 3872 Aus¬

247 3890 310 3950 land
337 3888 384 3948 den
422 3885 554 3945 Verlust,
582 3883 623 3943 den
661 3879 709 3939 das
741 3874 974 3934 internationale
1002 3867 1161 3927 Schrifttum
1209 3864 1288 3924 durch
1320 3860 1367 3920 das

254 3935 434 3995 Hinscheiden
469 3930 575 3990 Arthur
604 3924 778 3984 Schnitzlers
807 3920 914 3980 erlitten
943 3917 1011 3977 hat,
1028 3915 1140 3975 vollauf
1169 3912 1191 3972 zu
1226 3909 1367 3969 würdigen

257 3982 339 4042 weiß,
364 3980 440 4040 hällt
458 3980 504 4040 sich
535 3976 581 4036 das
606 3971 735 4031 amtliche
759 3968 929 4028 Oesterreich
960 3964 983 4024 in
1007 3962 1059 4022 das
1084 3959 1171 4019 tiefste
1196 3955 1378 4015 Schweigen.

255 4031 314 4091 Die
339 4025 530 4085 Mißachtung
561 4021 602 4081 des
633 4019 741 4079 Geistes
777 4016 807 4076 ist
832 4012 1065 4072 augenscheinlich
1096 4007 1143 4067 von
1180 4004 1221 4064 der
1252 4000 1372 4060 Staats¬

260 4078 318 4138 form
362 4073 561 4133 unabhängeg.
583 4067 637 4127 Sie
659 4067 696 4127 ist
718 4065 771 4125 aus
799 4061 916 4121 unserer
939 4058 1154 4118 monarchischen
1187 4049 1375 4109 Vergangen¬

272 4122 323 4182 heit
346 4118 478 4178 glücklich
516 4118 545 4178 in
591 4114 634 4174 die
672 4112 915 4172 republikanische
938 4107 1115 4167 Gegenwart
1145 4099 1381 4159 hinübergerettet

265 4165 400 4225 ngden.

2289 906 2610 966 ERVER

1891 924 2147 984 OBS

1982 980 2008 1040 I.
2022 977 2141 1037 österr.
2151 974 2300 1034 behördl.
2315 968 2615 1028 konzessioniertes

1935 1019 2174 1079 Unternehmen
2201 1016 2250 1076 für
2277 1009 2663 1069 Zeitungs-Ausschnitte

1989 1078 2140 1138 WIEN,
2169 1078 2216 1138 I.,
2245 1071 2533 1131 WOLLZEILE
2583 1067 2623 1127 11

2092 1127 2312 1187 TELEPHON
2346 1121 2523 1181 R-23-0-43

1898 1273 2118 1333 Ausschnitt
2143 1270 2235 1330 aus:

2051 1421 2179 1481 AEDES
2207 1398 2361 1458 VIEAEE
2389 1370 2595 1430 FASAAATI

1906 1500 2007 1560 vom:

2291 1505 2311 1565 2
2343 1503 2394 1563 4.
2416 1503 2467 1563 OK

2053 1594 2220 1654 Artur
2247 1588 2569 1648 Schnitzler.

1935 1670 2007 1730 Die
2041 1667 2273 1727 Trauerfeier
2307 1664 2366 1724 der
2400 1658 2679 1718 „Concordia“.

1812 1731 1880 1791 Das
1915 1729 2093 1789 Präsidium
2156 1727 2211 1787 des
2259 1721 2513 1781 Journalisten-
2549 1716 2610 1776 und
2645 1712 2891 1772 Schriftsteller¬

1716 1780 1861 1840 vereines
1889 1774 2117 1834 „Concordia“
2144 1770 2323 1830 vereinigte
2346 1771 2394 1831 sich
2421 1766 2535 1826 gestern
2573 1765 2600 1825 zu
2639 1761 2725 1821 einer
2753 1757 2898 1817 Trauer¬

1721 1828 1828 1888 sitzung
1883 1826 1936 1886 für
1991 1822 2051 1882 sein
2087 1818 2346 1878 Ehrenmitglied
2383 1813 2490 1873 Artur
2522 1811 2786 1871 Schnitzler.
2823 1804 2894 1864 Bei

1722 1875 1818 1935 diesem
1859 1872 1965 1932 Anlaß
2000 1870 2084 1930 sagte
2113 1865 2283 1925 Präsident
2312 1861 2543 1921 Lipschütz:

1819 1922 1894 1982 „Als
1933 1918 1996 1978 wir
2029 1915 2079 1975 die
2118 1910 2456 1970 Schreckensnachricht
2489 1906 2693 1966 empfingen,
2725 1900 2757 1960 da
2789 1900 2890 1960 stockte

1719 1969 1783 2029 uns
1816 1967 1869 2027 der
1902 1965 2015 2025 Atem,
2059 1962 2107 2022 als
2140 1959 2290 2019 befänden
2334 1956 2393 2016 wir
2421 1953 2485 2013 uns
2518 1953 2544 2013 in
2588 1950 2674 2010 einem
2718 1946 2890 2006 luftleeren

1722 2016 1846 2076 Raum.
1880 2011 1986 2071 Jeder
2015 2009 2155 2069 Lebende
2184 2007 2251 2067 muß
2286 2004 2403 2064 einmal
2426 2001 2482 2061 der
2505 2000 2617 2060 Natur
2646 1998 2741 2058 seinen
2776 1993 2893 2053 Tribut

1722 2061 1912 2121 entrichten,
1936 2058 1993 2118 das
2028 2058 2125 2118 wissen
2166 2055 2247 2115 wir,
2270 2051 2333 2111 und
2363 2051 2495 2111 dennoch
2530 2046 2599 2106 will
2628 2046 2697 2106 man
2738 2044 2783 2104 sich
2819 2040 2899 2100 nicht

1725 2109 1928 2169 eingestehen,
1952 2105 2003 2165 daß
2039 2105 2096 2165 der
2120 2103 2242 2163 Vater,
2266 2098 2317 2158 der
2347 2097 2480 2157 Bruder
2510 2094 2626 2154 sterben
2661 2090 2806 2150 werden.
2847 2085 2898 2145 So

1728 2156 1823 2216 haben
1858 2153 1913 2213 wir
1942 2152 2060 2212 immer
2088 2150 2138 2210 den
2178 2147 2342 2207 Gedanken
2376 2143 2432 2203 von
2472 2141 2533 2201 uns
2562 2138 2814 2198 weggeschoben,
2837 2133 2893 2193 daß

1722 2204 1795 2264 auch
1824 2201 1930 2261 Artur
1965 2200 2139 2260 Schnitzler
2191 2195 2314 2255 einmal
2343 2191 2427 2251 nicht
2456 2186 2551 2246 unter
2586 2185 2647 2245 uns
2682 2183 2738 2243 sein
2772 2180 2907 2240 könnte.

1727 2251 1828 2311 Seine
1852 2251 1964 2311 Größe
1987 2248 2099 2308 wurde
2122 2245 2184 2305 nur
2213 2243 2297 2303 durch
2331 2240 2409 2300 seine
2433 2233 2691 2293 Bescheidenheit
2715 2228 2906 2288 überboten.

1730 2297 1772 2357 Er
1804 2297 1864 2357 hat
1890 2296 1938 2356 sich
1976 2294 2018 2354 ein
2061 2290 2368 2350 Leichenbegängnis
2406 2285 2510 2345 letzter
2542 2281 2646 2341 Klasse
2677 2278 2811 2338 bestellt,
2855 2275 2903 2335 die

1728 2347 1812 2407 Welt
1848 2346 1902 2406 hat
1938 2344 1991 2404 ihm
2046 2341 2087 2401 ein
2137 2337 2448 2397 Leichenbegängnis
2484 2331 2580 2391 erster
2617 2330 2724 2390 Klasse
2761 2324 2910 2384 bereitet.

1725 2394 2005 2454 Herzergreifende
2034 2390 2177 2450 Artikel,
2200 2384 2398 2444 Feuilletons
2432 2380 2492 2440 und
2525 2378 2663 2438 Essays,
2686 2371 2906 2431 wundervolle

1729 2438 2063 2498 Betäubungsmittel
2092 2434 2144 2494 für
2174 2434 2225 2494 den
2260 2431 2352 2491 ersten
2393 2426 2601 2486 Augenblick,
2625 2422 2711 2482 deren
2746 2418 2901 2478 Wirkung

1735 2488 1804 2548 aber
1827 2488 1989 2548 verpuffen
2024 2483 2093 2543 muß
2123 2482 2296 2542 angesichts
2325 2476 2377 2536 der
2401 2471 2632 2531 schmerzvollen
2667 2467 2829 2527 Tatsache,
2847 2464 2904 2524 daß

1732 2535 1784 2595 der
1820 2532 1973 2592 herrliche
2004 2531 2133 2591 Mensch
2169 2527 2239 2587 fort
2269 2526 2322 2586 ist,
2364 2523 2416 2583 der
2452 2521 2547 2581 unser
2583 2516 2676 2576 Stolz
2712 2515 2777 2575 und
2813 2512 2906 2572 unsre

1738 2579 1861 2639 Freude
1896 2580 1985 2640 war,
2008 2579 2064 2639 den
2110 2574 2172 2634 wir
2206 2571 2375 2631 aufrichtig
2415 2567 2545 2627 verehrt
2579 2562 2646 2622 und
2686 2562 2753 2622 heiß
2793 2559 2911 2619 geliebt

1735 2628 1849 2688 haben.
1890 2625 1999 2685 Artur
2035 2622 2207 2682 Schnitzler
2237 2619 2305 2679 war
2335 2617 2496 2677 eigentlich
2531 2611 2645 2671 immer
2675 2609 2732 2669 da,
2750 2609 2819 2669 auch
2854 2604 2905 2664 für

1736 2677 1814 2737 uns,
1838 2675 1893 2735 für
1922 2673 1973 2733 die
2002 2670 2170 2730 Aelteren.
2211 2667 2306 2727 Denn
2340 2664 2424 2724 schon
2459 2662 2486 2722 in
2521 2660 2638 2720 jungen
2679 2655 2831 2715 Jahren,
2871 2652 2904 2712 da

1735 2724 1838 2784 andre
1867 2720 1935 2780 noch
1971 2720 1999 2780 im
2040 2718 2183 2778 Kampfe
2212 2715 2263 2775 der
2293 2712 2436 2772 Materie
2465 2709 2586 2769 liegen,
2609 2705 2672 2765 war
2707 2703 2735 2763 er
2765 2700 2919 2760 Meister,

1733 2773 1786 2833 der
1835 2766 2008 2826 spielerisch
2063 2765 2117 2825 die
2148 2762 2364 2822 schwierigsten
2407 2754 2581 2814 Probleme
2618 2747 2816 2807 bewältigte.
2865 2743 2912 2803 Er

1735 2816 1883 2876 brauchte
1916 2813 1993 2873 nicht
2027 2813 2087 2873 erst
2115 2813 2148 2873 zu
2187 2810 2319 2870 lernen,
2341 2806 2374 2866 er
2408 2804 2473 2864 war
2507 2801 2556 2861 der
2590 2797 2733 2857 geborne
2766 2792 2915 2852 Könner.

1737 2867 1810 2927 Sein
1844 2864 2046 2924 universeller
2075 2861 2165 2921 Geist
2183 2858 2328 2918 umfaßte
2352 2855 2407 2915 alle
2436 2851 2594 2911 Epochen,
2611 2847 2718 2907 schritt
2741 2844 2830 2904 durch
2859 2840 2915 2900 alle

1740 2911 2019 2971 Himmelsstriche.
2067 2906 2114 2966 Er
2152 2904 2220 2964 war
2252 2902 2363 2962 daheim
2416 2900 2442 2960 in
2485 2896 2537 2956 der
2575 2891 2801 2951 wunderlichen
2849 2887 2912 2947 Ge¬

1740 2956 1954 3016 lehrtenstube
1984 2953 2034 3013 des
2068 2950 2266 3010 Paracelsus
2300 2948 2362 3008 und
2396 2946 2424 3006 in
2465 2942 2515 3002 der
2544 2938 2815 2998 Artistenschenke
2860 2931 2916 2991 der

1738 3005 1937 3065 Jakobiner,
1965 3004 1992 3064 in
2032 3000 2086 3060 den
2126 2998 2381 3058 Prunkräumen
2420 2991 2475 3051 von
2520 2987 2742 3047 Schönbrunn
2781 2982 2842 3042 und
2881 2978 2908 3038 in

1741 3052 1805 3112 der.
1830 3050 2053 3110 Dachstübchen
2089 3046 2200 3106 kleiner
2230 3044 2359 3104 Wiener
2389 3037 2589 3097 Midinetts.
2625 3034 2725 3094 Jedes
2755 3030 2913 3090 Ereignis

1737 3103 1872 3163 brängte
1901 3100 1946 3160 ihn
1986 3100 2036 3160 zur
2065 3097 2273 3157 Gestaltung.
2296 3092 2341 3152 Er
2369 3091 2499 3151 schürfte
2527 3087 2549 3147 in
2584 3085 2640 3145 den
2674 3082 2911 3142 verborgensten

1739 3147 1843 3207 Tiefen
1877 3143 1931 3203 der
1959 3142 2069 3202 Seele,
2092 3141 2157 3201 auch
2191 3138 2234 3198 die
2263 3135 2444 3195 geheimsten
2477 3132 2653 3192 Regungen
2687 3126 2813 3186 wurden
2852 3124 2896 3184 ihm

1741 3195 1909 3255 offenbar,
1927 3191 1983 3251 und
2018 3189 2079 3249 was
2108 3189 2136 3249 er
2165 3184 2340 3244 gefunden,
2357 3180 2487 3240 schenkte
2510 3177 2543 3237 er
2567 3175 2628 3235 uns
2657 3174 2753 3234 heiter
2782 3169 2911 3229 lächelnd

1743 3245 1770 3305 in
1808 3242 1894 3302 einem
1943 3239 2137 3299 glänzenden
2175 3232 2299 3292 Apereu
2359 3228 2433 3288 oder
2488 3224 2547 3284 mit
2580 3222 2698 3282 ernster
2737 3219 2849 3279 Miene
2882 3215 2909 3275 in

1741 3288 2012 3348 philosophischer
2041 3282 2279 3342 Betrachtung.
2325 3277 2409 3337 Aber
2461 3272 2511 3332 die
2540 3269 2772 3329 Angelpunkte
2824 3264 2919 3324 seines

1749 3335 1913 3395 Schaffens
1947 3332 2048 3392 waren
2083 3329 2128 3389 die
2156 3326 2280 3386 Erotik,
2304 3325 2348 3385 die
2377 3321 2433 3381 das
2462 3320 2557 3380 Leben
2598 3318 2620 3378 in
2654 3317 2704 3377 die
2728 3313 2818 3373 Welt
2841 3311 2930 3371 ruft,

1745 3383 1805 3443 und
1839 3383 1888 3443 der
1916 3380 2004 3440 Tod,
2027 3379 2076 3439 der
2105 3376 2160 3436 das
2188 3373 2281 3433 Leben
2321 3371 2464 3431 beendet.
2503 3365 2575 3425 Das
2603 3365 2652 3425 oft
2675 3362 2802 3422 zitierte
2825 3359 2924 3419 Wort

1743 3432 1795 3492 des
1855 3425 2089 3485 Glücksritters
2143 3419 2283 3479 Riccaut
2314 3419 2348 3479 de
2384 3419 2413 3479 la
2449 3413 2677 3473 Marlinière:
2725 3406 2913 3466 „Deutsches

1754 3478 1872 3538 Sprack
1890 3474 1900 3534 —
1947 3472 2075 3532 schwere
2099 3470 2234 3530 Sprack"
2263 3467 2313 3527 hat
2336 3466 2392 3526 auf
2416 3463 2466 3523 ihn
2494 3460 2579 3520 keine
2602 3455 2833 3515 Anwendung.
2856 3452 2923 3512 Mit

1755 3526 1803 3586 den
1836 3523 1976 3583 robusten
2009 3518 2160 3578 Quadern
2193 3514 2306 3574 unsres
2334 3511 2512 3571 Satzbaues
2540 3505 2712 3565 jonglierte
2740 3503 2772 3563 er
2795 3500 2853 3560 wie
2881 3499 2918 3559 ein

1749 3571 1917 3631 geschickter
1952 3567 2059 3627 Artist
2093 3564 2155 3624 mit
2189 3562 2307 3622 leichten
2354 3555 2578 3615 Federbällen.
2624 3552 2692 3612 Der
2727 3547 2923 3607 zauberische

1756 3618 2017 3678 Sprachkünstler
2051 3614 2083 3674 ist
2117 3613 2194 3673 ganz
2223 3610 2289 3670 still
2312 3604 2501 3664 geworden,
2529 3600 2584 3660 sein
2624 3598 2757 3658 Mund,
2780 3594 2829 3654 der
2863 3591 2923 3651 uns

1752 3667 1819 3727 noch
1859 3663 1954 3723 vieles
1995 3661 2079 3721 hätte
2114 3659 2197 3719 sagen
2238 3655 2378 3715 können,
2407 3651 2440 3711 ist
2475 3649 2678 3709 verstummt.
2723 3643 2790 3703 Der
2825 3641 2920 3701 große

1749 3715 1838 3775 Geist
1856 3715 1889 3775 ist
1912 3712 2081 3772 erloschen,
2099 3710 2143 3770 die
2166 3706 2267 3766 Fackel
2290 3705 2324 3765 ist
2341 3700 2583 3760 ausgebrannt.
2601 3697 2656 3757 Ein
2691 3694 2769 3754 Licht
2787 3692 2927 3752 weniger

1765 3761 1797 3821 in
1831 3759 1929 3819 diesen
1963 3756 2070 3816 Zeiten
2105 3753 2159 3813 der
2193 3751 2399 3811 Finsternis,
2435 3748 2531 3808 durch
2576 3744 2631 3804 die
2687 3742 2740 3802 wir
2774 3737 2926 3797 ängstlich

1762 3798 1874 3858 taunon
