3248 4384
210 291 305 351 2.

360 294 932 354 Schnitzler's
1000 299 1229 359 Death

1458 292 1588 352 box
1668 295 1845 355 43/9

2256 440 2458 500 EUIT.

2368 535 2427 595 NEU
2475 530 2534 590 PAP

2315 600 2365 660 1,
2385 599 2507 659 AVENUE
2538 591 2843 651 VICICHTVAAIUE.

2318 745 2366 805 28
2407 745 2641 805 OCTOBRE
2692 749 2809 809 1931

2368 990 2543 1050 EE

2162 1049 2947 1109 SESAEETEESSSOSSSS

2409 1208 2714 1268 Thaater

2237 1344 2502 1404 Zum
2577 1348 2734 1408 Tode

2253 1422 2431 1482 Artur
2472 1429 2862 1489 Schnitzlers

2215 1525 2248 1585 Im
2296 1528 2552 1588 Augenblick,
2573 1533 2613 1593 da
2648 1533 2721 1593 sich
2776 1536 2829 1596 die
2877 1536 2985 1596 deut¬

2160 1578 2262 1638 schen
2299 1581 2449 1641 Bühnen
2480 1584 2537 1644 zur
2563 1586 2667 1646 Feier
2693 1587 2811 1647 seines
2838 1590 2987 1650 sieben¬

2161 1632 2298 1692 zigsten
2330 1635 2604 1695 Geburtstages
2631 1641 2820 1701 rüsteten,
2837 1641 2889 1701 ist
2916 1643 2984 1703 Ar¬

2156 1683 2245 1743 thur
2278 1687 2484 1747 Schnitzler
2516 1691 2733 1751 gestorben.
2755 1695 2823 1755 Die
2856 1695 2988 1755 vorbe¬

2154 1736 2308 1796 reiteten
2356 1740 2590 1800 Festartikel
2628 1743 2745 1803 haben
2804 1747 2878 1807 sich
2942 1748 2974 1808 in

2156 1790 2352 1850 Nachrufe
2383 1793 2610 1853 verwandeln
2645 1799 2817 1859 müssen,
2842 1799 2908 1859 und
2944 1801 2973 1861 in

2157 1844 2406 1904 ergriffenen,
2452 1847 2535 1907 teils
2586 1850 2658 1910 gar
2708 1853 2969 1913 ergreifenden

2162 1895 2302 1955 Worten
2363 1901 2529 1961 gedenkt
2591 1901 2656 1961 das
2718 1904 2974 1964 dramatische

2152 1949 2408 2009 Deutschland
2444 1951 2549 2011 heute
2585 1954 2681 2014 eines
2711 1956 2873 2016 Autors,
2898 1957 2978 2017 des¬

2154 2002 2209 2062 sen
2237 2003 2453 2063 Bedeutung
2482 2005 2581 2065 nicht
2603 2007 2703 2067 jeder
2726 2008 2802 2068 Zeit
2826 2011 2903 2071 voll
2920 2011 2980 2071 ge¬

2157 2053 2315 2113 würdigt
2342 2056 2485 2116 worden
2517 2059 2580 2119 ist.
2601 2059 2643 2119 Zu
2675 2061 2813 2121 denen,
2834 2062 2887 2122 die
2914 2064 2955 2124 am

2154 2107 2396 2167 herzlichsten
2433 2109 2495 2169 und
2526 2113 2898 2173 nachdrücklichsten
2935 2116 2970 2176 zu

2144 2160 2356 2220 Schnitzler
2389 2160 2558 2220 gehalten
2597 2165 2738 2225 haben,
2766 2166 2896 2226 gehört
2924 2166 2939 2226 -

2155 2211 2206 2271 das
2243 2211 2299 2271 sei
2326 2213 2361 2273 zu
2409 2214 2532 2274 seiner
2574 2217 2672 2277 Ehre
2725 2220 2833 2280 nicht
2890 2219 2973 2279 ver¬

2148 2265 2353 2325 schwiegen
2404 2265 2420 2325 —
2492 2268 2621 2328 Alfred
2660 2271 2799 2331 Kerr;
2838 2274 2971 2334 immer

2153 2316 2281 2376 wieder
2313 2318 2358 2378 ist
2390 2319 2420 2379 er
2452 2322 2560 2382 dafür
2592 2323 2844 2383 eingetreten,
2865 2327 2968 2387 mehr

2152 2370 2352 2430 Schnitzler
2380 2372 2444 2432 auf
2472 2372 2526 2432 die
2554 2375 2754 2435 deutschen
2787 2378 2970 2438 Spielplä¬

2144 2420 2183 2480 ne
2214 2423 2249 2483 zu
2284 2423 2430 2483 setzen,
2451 2426 2531 2486 doch
2568 2429 2703 2489 besitzt
2729 2429 2829 2489 seine
2855 2432 2975 2492 Stim¬

2149 2474 2197 2534 me
2225 2474 2339 2534 heute
2367 2477 2469 2537 nicht
2497 2479 2600 2539 mehr
2628 2480 2681 2540 die
2710 2483 2861 2543 Macht,
2883 2483 2969 2543 über

2145 2528 2199 2588 die
2222 2528 2271 2588 sie
2300 2528 2426 2588 früher
2455 2531 2642 2591 verfügte.
2659 2534 2725 2594 Die
2753 2534 2891 2594 Worte,
2914 2538 2963 2598 die

2144 2579 2180 2639 er
2207 2579 2265 2639 dem
2313 2583 2413 2643 toten
2446 2585 2599 2645 Dichter
2626 2587 2689 2647 und
2721 2589 2890 2649 Freunde
2923 2589 2948 2649 im

2145 2632 2160 2692 «
2189 2632 2354 2692 Berliner
2382 2635 2581 2695 Tageblatt
2604 2638 2614 2698 »
2637 2638 2842 2698 nachruft,
2859 2641 2969 2701 gehö¬

2138 2683 2194 2743 ren
2236 2686 2271 2746 zu
2308 2687 2370 2747 den
2406 2689 2628 2749 schönsten,
2665 2692 2722 2752 die
2769 2692 2861 2752 Kerr
2908 2695 2970 2755 ge¬

2139 2737 2334 2797 schrieben
2367 2740 2432 2800 hat
2459 2743 2524 2803 und
2557 2743 2611 2803 die
2639 2743 2725 2803 über
2753 2748 2964 2808 Schnitzler

2144 2791 2274 2851 gesagt
2307 2794 2449 2854 werden
2482 2796 2667 2856 konnten.

2187 2866 2236 2926 Es
2259 2867 2309 2927 ist
2337 2868 2415 2928 hier
2438 2870 2543 2930 nicht
2566 2871 2626 2931 der
2655 2872 2737 2932 Ort,
2755 2874 2832 2934 eine
2861 2874 2966 2934 Wür¬

2138 2920 2269 2980 digung
2312 2922 2375 2982 des
2418 2922 2681 2982 umfassenden
2730 2925 2961 2985 Schnitzler¬

2138 2973 2238 3033 schen
2287 2973 2436 3033 Werkes
2469 2974 2506 3034 zu
2544 2977 2655 3037 geben
2693 2977 2708 3037 ;
2736 2976 2826 3036 dazu
2864 2980 2964 3040 fehlt

2143 3025 2201 3085 uns
2228 3024 2285 3084 der
2307 3027 2444 3087 Raum.
2460 3027 2497 3087 Zu
2524 3027 2587 3087 den
2614 3029 2862 3089 eigenartigen
2894 3029 2962 3089 Er¬

2141 3077 2385 3137 scheinungen
2420 3078 2556 3138 gehört
2585 3080 2704 3140 jedoch
2745 3080 2795 3140 die
2824 3083 2960 3143 relativ

2137 3128 2288 3188 geringe
2353 3131 2634 3191 Bekanntheit,
2694 3134 2802 3194 deren
2873 3137 2953 3197 sich

2140 3182 2340 3242 Schnitzler
2373 3182 2404 3242 in
2441 3185 2663 3245 Frankreich
2701 3188 2769 3248 hat
2796 3188 2948 3248 rühmen

2134 3235 2291 3295 dürfen,
2308 3236 2454 3296 obwohl
2476 3238 2546 3298 sein
2580 3236 2676 3296 Werk
2710 3239 2769 3299 den
2802 3242 2964 3302 Franzo¬

2134 3284 2192 3344 sen
2266 3286 2467 3346 eigentlich
2542 3292 2743 3352 besonders
2829 3292 2950 3352 liegen

2138 3340 2300 3400 müsste.
2355 3340 2468 3400 Wohl
2523 3343 2609 3403 wird
2675 3343 2739 3403 der
2800 3343 2961 3403 Verfas¬

2135 3392 2187 3452 ser
2257 3392 2320 3452 der
2389 3392 2404 3452 «
2442 3394 2611 3454 Fräulein
2680 3397 2764 3457 Else
2802 3400 2838 3460 »,
2892 3400 2949 3460 die

2137 3442 2197 3502 der
2231 3445 2379 3505 Pariser
2413 3448 2545 3508 Verlag
2578 3451 2716 3511 STOCK
2766 3451 2831 3511 vor
2860 3452 2958 3512 Jah¬

2130 3498 2188 3558 ren
2218 3498 2326 3558 schon
2356 3500 2379 3560 in
2409 3499 2526 3559 seiner
2551 3501 2703 3561 schönen
2733 3504 2947 3564 Sammlung

2135 3546 2150 3606 «
2171 3549 2330 3609 Cabinet
2352 3552 2599 3612 Cosmopolite
2625 3552 2640 3612 »
2662 3555 2955 3615 veröffentlicht

2129 3603 2208 3663 hat,
2225 3603 2421 3663 geschätzt
2443 3605 2506 3665 und
2533 3604 2762 3664 gewürdigt,
2779 3609 2863 3669 doch
2896 3609 2954 3669 be¬

2130 3654 2255 3714 wiesen
2291 3654 2345 3714 die
2376 3657 2673 3717 Gedenknotizen
2709 3658 2769 3718 der
2800 3660 2950 3720 Pariser

2129 3704 2293 3764 Blätter,
2319 3707 2402 3767 dass
2433 3709 2489 3769 ihr
2521 3710 2655 3770 Wissen
2691 3710 2732 3770 um
2779 3712 2954 3772 Schnitz¬

2126 3758 2175 3818 ler
2211 3758 2321 3818 meist
2352 3760 2442 3820 über
2473 3762 2815 3822 Stückwerkswert
2845 3766 2950 3826 nicht

2129 3812 2377 3872 hinausging.
2399 3812 2483 3872 Was
2516 3815 2743 3875 Schnitzlers
2775 3818 2955 3878 Bühnen¬

2125 3866 2352 3926 dichtungen
2385 3866 2551 3926 betrifft,
2568 3866 2606 3926 so
2633 3869 2681 3929 ist
2709 3869 2735 3929 in
2768 3869 2827 3929 den
2860 3872 2951 3932 letz¬

2125 3916 2179 3976 ten
2209 3916 2341 3976 Jahren
2371 3916 2434 3976 nur
2459 3919 2561 3979 durch
2592 3919 2768 3979 deutsche
2793 3921 2949 3981 Ensem¬

2129 3967 2200 4027 bles
2227 3968 2288 4028 der
2314 3970 2474 4030 Versuch
2505 3973 2681 4033 gemacht
2707 3974 2871 4034 worden,
2893 3976 2944 4036 sie

2128 4022 2184 4082 den
2215 4021 2380 4081 Parisern
2406 4024 2442 4084 zu
2468 4024 2731 4084 erschliessen.
2747 4027 2777 4087 Im
2819 4027 2834 4087 «
2861 4028 2948 4088 Ein¬

2127 4072 2248 4132 samen
2276 4073 2358 4133 Weg
2386 4075 2397 4135 »
2419 4077 2485 4137 hat
2502 4078 2623 4138 Eugen
2657 4078 2794 4138 Robert
2817 4078 2871 4138 vor
2899 4080 2948 4140 ei¬

2129 4125 2224 4185 nigen
2259 4126 2395 4186 Jahren
2431 4128 2562 4188 Albert
2587 4128 2833 4188 Bassermann
2869 4131 2934 4191 und

2126 4176 2266 4236 Kaethe
2296 4179 2421 4239 Haack
2457 4178 2693 4238 vorgestellt,
2714 4182 2803 4242 doch
2839 4185 2944 4245 stan¬
