3392 4320
223 295 289 355 2

1490 299 1629 359 box
1700 302 1894 362 42/6

464 305 990 365 chnitzler's
1058 300 1287 360 Death

684 529 907 589 TELEPHUN
947 533 1130 593 K-23-0-45

493 667 719 727 Ausschnitt
745 670 834 730 aus:

897 674 1200 734 Tolkszeitung,
1212 679 1304 739 Wlen

873 741 991 801 Kleine

494 891 614 951 vom:

821 917 851 977 2
882 915 932 975 2.
953 915 1074 975 OKT.
1097 912 1136 972 10

491 1138 786 1198 Artur
887 1145 1398 1205 Schnitzler
1499 1149 2026 1209 gestorben.

471 1223 549 1283 An
605 1226 738 1286 einer
778 1229 1187 1289 Gehirnblutung
1235 1234 1274 1294 im
1338 1236 1613 1296 siebzigsten
1661 1237 2038 1297 Lebensjahre.

461 1294 541 1354 Seit
568 1298 670 1358 vielen
708 1300 831 1360 Jahren
864 1303 977 1363 abhold
1010 1303 1063 1363 der
1090 1306 1240 1366 Oeffent=
1273 1308 1488 1368 sogenannten
1564 1309 1666 1369 Treue
1758 1309 1838 1369 über
1930 1310 1983 1370 den
2059 1310 2123 1370 Tod

366 1343 503 1403 lichkeit,
521 1343 605 1403 jedem
653 1343 808 1403 Besucher
839 1348 1084 1408 unzugänglich,
1109 1350 1162 1410 hat
1186 1349 1233 1409 sich
1271 1350 1395 1410 hinaus

1454 1351 1623 1411 erzählt,

1725 1352 1780 1412 die

1886 1354 1958 1414 doch

2050 1356 2134 1416 trotz

369 1385 476 1445 Artur
509 1387 757 1447 Schnitzler
812 1389 866 1449 den
910 1392 1022 1452 bereits
1061 1394 1087 1454 im
1137 1392 1233 1452 Gang
1272 1395 1385 1455 allem,
1407 1396 1482 1456 über
1510 1396 1558 1456 den
1596 1397 1688 1457 letzten
1721 1399 1871 1459 Atemzug
1905 1399 1985 1459 nicht
2007 1399 2136 1459 anhält.

369 1430 568 1490 befindlichen
602 1430 823 1490 Festlichkeiten
852 1431 906 1491 für
929 1436 1028 1496 seinen
1062 1435 1229 1495 siebzigsten
1268 1436 1340 1496 Der
1363 1439 1778 1499 Schnitzler=Stil,
1817 1439 1861 1499 ein
1901 1440 2027 1500 Begriff

368 1473 591 1533 Geburtstag,
613 1473 666 1533 der
693 1475 725 1535 am
773 1478 826 1538 15.
854 1479 928 1539 Mai
955 1479 1082 1539 gefeiert
1109 1479 1231 1539 worden

1266 1479 1340 1539 sich,
1377 1481 1419 1541 ist
1441 1482 1568 1542 zugleich
1616 1482 1679 1542 mit
1717 1482 1769 1542 dem
1812 1484 1939 1544 Anatol
1961 1484 2019 1544 und
2072 1483 2125 1543 den

371 1516 476 1576 wäre,
496 1518 617 1578 radikal
642 1520 803 1580 entzogen.
823 1521 923 1581 Einem
969 1523 1100 1583 einzigen
1135 1523 1230 1583 neuen
1271 1523 1366 1583 ersten
1402 1525 1552 1585 Novellen
1588 1527 1754 1587 entwickelt
1780 1528 1930 1588 worden,
1971 1529 2005 1589 er
2036 1529 2071 1589 ist
2097 1530 2121 1590 in

369 1562 547 1622 Besucher,
587 1563 642 1623 dem
704 1565 792 1625 Tod,
838 1566 893 1626 hat
921 1566 954 1626 er
983 1566 1033 1626 die
1061 1568 1161 1628 streng
1195 1567 1239 1627 ge¬

1272 1569 1374 1629 seinem
1442 1569 1672 1629 meisterhaften
1704 1572 1930 1632 Periodenbau
1982 1572 2033 1632 bis
2059 1574 2115 1634 zum

372 1604 554 1664 schlossenen
588 1607 673 1667 Tore
702 1606 752 1666 der
787 1607 872 1667 Villa
907 1608 929 1668 in
964 1610 1128 1670 Döbling,
1152 1610 1241 1670 durch

1268 1615 1456 1675 allerletzten
1489 1616 1596 1676 Werke
1624 1616 1845 1676 unverändert
1872 1619 2044 1679 geblieben.

375 1647 418 1707 die
452 1649 529 1709 über
557 1649 623 1709 zehn
663 1652 767 1712 Jahre
802 1652 873 1712 lang
929 1654 989 1714 kein
1023 1655 1216 1715 ungeladene

372 1691 457 1751 Gast
480 1691 650 1751 gekommen
684 1695 735 1755 ist,
753 1694 911 1754 geöffnet,
929 1697 956 1757 er
985 1697 1076 1757 dessen
1110 1697 1245 1757 Lebens¬

369 1733 452 1793 werk
478 1736 592 1796 immer
619 1736 644 1796 in
676 1736 727 1796 der
759 1739 941 1799 Erzählung
973 1739 1024 1799 von
1061 1741 1149 1801 Liebe
1175 1741 1237 1801 und

1398 1768 1494 1828 Die
1533 1772 1996 1832 Todesnachricht.

377 1778 514 1838 Sterben
546 1779 735 1839 geschwankt
757 1783 825 1843 hat,
847 1782 883 1842 ist
905 1784 1020 1844 gestern
1052 1787 1120 1847 nach
1152 1786 1236 1846 einer

368 1822 638 1882 Gehirnblutung
696 1823 752 1883 den
789 1826 1071 1886 schmerzlosesten,
1123 1828 1221 1888 darum

1351 1831 1421 1891 Dr.
1443 1834 1541 1894 Artur
1569 1834 1744 1894 Schnitzler
1771 1834 1852 1894 hatte
1880 1835 1907 1895 in
1940 1835 1989 1895 den
2028 1837 2125 1897 letzten

375 1864 523 1924 schönsten
563 1864 656 1924 letzten
695 1865 766 1925 Weg
800 1870 981 1930 gegangen,
1004 1870 1053 1930 den
1092 1870 1119 1930 er
1153 1871 1241 1931 selbst

1274 1876 1397 1936 Jahren
1455 1876 1532 1936 über
1579 1876 1785 1936 verschiedene
1822 1879 2044 1939 Beschwerden
2086 1879 2137 1939 ge¬

371 1904 449 1964 sooft
476 1909 502 1969 in
535 1910 682 1970 Novellen
719 1912 777 1972 und
809 1913 973 1973 Dramen,
1016 1912 1068 1972 den
1122 1913 1153 1973 er
1201 1914 1227 1974 in
1270 1919 1369 1979 klagt,
1407 1919 1475 1979 war
1513 1920 1586 1980 aber
1629 1921 1766 1981 niemals
1814 1924 1903 1984 krank
1936 1924 1967 1984 im
2020 1924 2136 1984 eigent¬

377 1949 476 2009 seinen
537 1954 791 2014 Meisterwerken
853 1959 1018 2019 geträumt
1074 1959 1129 2019 und
1190 1957 1239 2017 ge¬

2242 1957 2288 2017 Am
2342 1963 2588 2023 Krankenlager
2630 1964 2735 2024 weilte
2777 1963 2829 2023 sein
2877 1966 3005 2026 Bruder

1264 1960 1359 2020 lichen
1433 1963 1565 2023 Sinne.
1624 1963 1729 2023 Noch
1794 1965 1846 2025 am
1926 1969 2121 2029 voriger

377 1996 524 2056 schrieben
563 1998 625 2058 hat.

2163 2005 2280 2065 Hofrat
2305 2006 2370 2066 Dr.
2394 2008 2518 2068 Julius
2548 2009 2796 2069 Schnitzler
2850 2011 2909 2071 und
2963 2011 3009 2071 die

1265 2008 1508 2068 Sonntag,
1547 2009 1585 2069 am
1635 2008 1690 2068 18.
1718 2009 1767 2069 d.,
1801 2011 1900 2071 sprach
1951 2009 2000 2069 ihn
2045 2009 2127 2069 einer

2162 2048 2290 2108 übrigen
2323 2049 2350 2109 in
2379 2049 2467 2109 Wien
2501 2051 2674 2111 weilenden
2708 2052 2924 2112 Angehörigen
2958 2054 3007 2114 des

1263 2046 1380 2106 unsrer
1420 2050 1631 2110 Mitarbeiter
1675 2049 1704 2109 im
1759 2055 2048 2115 Akademietheater
2083 2054 2117 2114 be

452 2069 506 2129 Im
549 2066 768 2126 Mittelpunkt
790 2069 837 2129 des
866 2070 1037 2130 Ruhmes,
1052 2070 1141 2130 durch
1169 2072 1230 2132 vier
1272 2082 1321 2142 der
1356 2093 1562 2153 Aufführung
1597 2096 1651 2156 von
1686 2097 1865 2157 „Leutnant
1894 2097 2072 2157 Komma",
2093 2097 2120 2157 zu
2163 2091 2334 2151 Dichters.
2377 2089 2445 2149 Die
2480 2095 2721 2155 amtsärztliche
2756 2096 3003 2156 Leichenbeschau

374 2106 577 2166 Jahrzehnte
627 2109 700 2169 lang
751 2111 997 2171 Repräsentant
1041 2112 1096 2172 des
1146 2112 1238 2172 öster¬

1264 2133 1322 2193 der
1349 2136 1516 2196 Schnitzler
1549 2139 1701 2199 gegangen
1733 2139 1816 2199 war,
1838 2141 1964 2201 obwohl
1991 2142 2022 2202 er
2049 2140 2127 2200 sonst
2159 2136 2269 2196 wurde
2307 2136 2417 2196 gestern
2454 2139 2574 2199 abends
2612 2141 2880 2201 vorgenommen.
2907 2139 3006 2199 Ueber

365 2153 539 2213 reichischen
579 2154 924 2214 Schriftstellertums,
957 2157 984 2217 in
1028 2158 1082 2218 der
1116 2158 1230 2218 ganzer

2165 2178 2213 2238 die
2263 2179 2588 2239 Leichenfeier
2649 2183 2713 2243 sind
2774 2183 2844 2243 noch

1263 2176 1321 2236 das
1356 2179 1513 2239 Theater,
1538 2181 1592 2241 vor
1627 2181 1700 2241 allem
1755 2181 1788 2241 am
1838 2184 2010 2244 Sonntag,
2040 2184 2117 2244 mied

2922 2183 3004 2243 keine

362 2194 455 2254 Welt
500 2193 560 2253 mit
610 2194 698 2254 Wien
754 2199 891 2259 zugleich
941 2202 1090 2262 genannt

1155 2200 1236 2260 das

1264 2217 1315 2277 Er
1341 2221 1408 2281 war
1434 2221 1459 2281 in
1492 2222 1682 2282 Begleitung
1714 2224 1796 2284 einer
1828 2225 1931 2285 Dame
1962 2225 2019 2285 und
2050 2226 2132 2286 hatte

2162 2222 2399 2282 Dispositionen
2434 2223 2609 2283 getroffen.
2633 2225 2700 2285 Der
2729 2226 2814 2286 Sohn
2848 2228 3011 2288 Heinrich,

360 2237 488 2297 Wien
518 2239 803 2299 Schnitzlers
857 2240 938 2300 sagte
991 2243 1066 2303 man
1120 2240 1171 2300 oft
1196 2238 1207 2298 -

1264 2261 1315 2321 die
1357 2264 1537 2324 vordersten
1584 2267 1687 2327 beiden
1739 2267 1888 2327 Eckplätze
1930 2269 1987 2329 der
2034 2267 2121 2327 erster

2161 2262 2214 2322 der
2241 2267 2288 2327 als
2315 2267 2537 2327 Schauspieler
2564 2269 2590 2329 in
2622 2270 2733 2330 Berlin
2765 2270 2828 2330 lebt
2866 2272 2924 2332 und
2956 2270 3008 2330 vor

370 2282 461 2342 einer
489 2281 538 2341 der
566 2280 684 2340 ersten,
707 2284 749 2344 die
777 2282 826 2342 sich
859 2285 939 2345 nicht
968 2285 1103 2345 gescheut
1131 2288 1222 2348 haben

1265 2306 1386 2366 Reihe,
1408 2306 1457 2366 die
1486 2307 1518 2367 er
1552 2309 1695 2369 während
1735 2311 1784 2371 der
1812 2312 2016 2372 Vorstellung
2050 2311 2132 2371 nicht
2165 2309 2270 2369 kurzer
2303 2311 2375 2371 Zeit
2420 2310 2447 2370 in
2503 2312 2590 2372 Wien
2652 2315 2718 2375 eine
2768 2315 3005 2375 Inszenierung

371 2325 420 2385 die
454 2324 558 2384 Poesie
592 2326 702 2386 unsrer
736 2326 835 2386 Stadt
869 2330 1084 2390 einzuflechten
1124 2330 1151 2390 in
1190 2330 1234 2390 ihr

1268 2352 1403 2412 verließ.
1443 2356 1488 2416 In
1528 2354 1578 2414 der
1613 2354 1720 2414 Pause
1760 2356 1911 2416 besuchten
1963 2354 2007 2414 ihn
2059 2354 2131 2414 dort
2161 2353 2284 2413 leitete,
2308 2354 2414 2414 dürfte
2443 2355 2471 2415 im
2516 2357 2612 2417 Laufe
2647 2358 2691 2418 des
2726 2360 2866 2420 heutigen
2906 2360 3007 2420 Tages

370 2366 480 2426 Werk,
527 2369 678 2429 weigerte
731 2369 766 2429 er
814 2373 888 2433 sich,
935 2375 1140 2435 mißtrauisch
1175 2374 1238 2434 und

1271 2396 1525 2456 Bürgermeister

1617 2397 1726 2457 Seitz,

2158 2399 2186 2459 in
2221 2399 2310 2459 Wien
2351 2399 2542 2459 eintreffen.

1804 2402 2110 2462 Generalintendan

365 2411 608 2471 menschenscheu
668 2414 835 2474 geworden

918 2415 971 2475 er,
1035 2417 1093 2477 der
1142 2417 1237 2477 große

1264 2438 1505 2498 Schneiderhan
1557 2438 1616 2498 und
1657 2440 1712 2500 der
1753 2443 2000 2503 Chefredakteur
2046 2444 2131 2504 einer

365 2455 659 2515 Menschenkenner
715 2457 774 2517 und
830 2458 1042 2518 Seelenarzt,
1092 2461 1119 2521 in
1174 2460 1239 2520 Be¬

1269 2479 1395 2539 Wiener
1438 2482 1602 2542 Zeitung.
1640 2487 1687 2547 Zu
1741 2485 1851 2545 unserm
1916 2488 2127 2548 Mitarbeiter

2183 2482 2500 2542 Lebenslauf
2533 2485 2630 2545 und
2672 2488 2972 2548 Ehrungen.

362 2499 511 2559 rührung
539 2500 565 2560 zu
600 2500 694 2560 treten
723 2500 783 2560 mit
804 2501 912 2561 jenen,
933 2503 980 2563 die
1001 2503 1048 2563 er,
1062 2503 1123 2563 wie
1145 2503 1178 2563 er
1199 2507 1225 2567 in
1267 2522 1402 2582 äußerte
1431 2524 1484 2584 sich
1519 2527 1620 2587 später
1648 2527 1756 2587 Artur
1785 2531 1974 2591 Schnitzler,
2015 2532 2062 2592 als
2097 2532 2130 2592 er

371 2543 471 2603 seinem
525 2543 832 2603 Aphorismenwerk
864 2545 969 2605 „Buch
1007 2546 1059 2606 der
1092 2548 1234 2608 Sprüche

2236 2547 2305 2607 Zum
2387 2552 2564 2612 siebzigsten
2634 2551 2835 2611 Geburtstag
2899 2554 3005 2614 Artur

1267 2569 1314 2629 sich
1351 2567 1441 2627 selbst
1478 2567 1509 2627 in
1547 2570 1599 2630 der
1632 2574 1816 2634 Garderobe
1859 2577 1959 2637 seinen
1996 2577 2112 2637 Mante

367 2585 430 2645 und
463 2587 643 2647 Gedenken“
676 2587 884 2647 geschrieben,
911 2590 990 2650 nicht
1012 2593 1145 2653 gehaßt,
1167 2591 1236 2651 aber

2152 2590 2340 2650 Schnitzlers
2390 2589 2471 2649 hatte
2515 2593 2558 2653 ein
2602 2594 2846 2654 Freundeskreis
2884 2594 3008 2654 Wiener

1268 2614 1366 2674 holte,
1394 2614 1695 2674 folgendermaßen:

364 2630 441 2690 allzu
478 2629 535 2689 gut
556 2630 737 2690 verstanden
774 2632 840 2692 hat.
862 2632 903 2692 Es
934 2633 1048 2693 mochte
1074 2633 1105 2693 zu
1137 2633 1234 2693 seiner

2152 2632 2367 2692 Bibliophilen
2401 2632 2427 2692 im
2471 2634 2741 2694 Einverständnis
2769 2636 2828 2696 mit
2856 2635 2898 2695 ihm
2948 2636 3001 2696 und

373 2673 701 2733 Zurückgezogenheit

869 2676 1029 2736 manches

1107 2676 1239 2736 schwere

1353 2674 1737 2734 „Augenblicklich
1768 2677 1947 2737 arbeite
1972 2681 2019 2741 ich
2044 2679 2122 2739 gar
2159 2674 2224 2734 mit
2261 2676 2362 2736 seiner
2393 2676 2483 2736 Hilfe
2525 2676 2591 2736 eine
2640 2679 3006 2739 Bibliographie

370 2718 533 2778 familiäre
562 2720 771 2780 Mißgeschick,
795 2720 845 2780 das
874 2721 919 2781 ihn
953 2721 998 2781 bis
1027 2721 1055 2781 in
1084 2721 1128 2781 die
1152 2721 1236 2781 letzte

2164 2718 2307 2778 seiner
2341 2718 2601 2778 sämtlichen
2634 2721 2783 2781 Werke
2812 2723 3016 2783 vorbereitet.

1264 2718 1427 2778 nichts,
1449 2720 1665 2780 erwarte,
1687 2721 1771 2781 was
1803 2722 1892 2782 man
1924 2724 2035 2784 über
2062 2723 2124 2783 die

1270 2760 1437 2820 „Flucht
1474 2760 1515 2820 in
1558 2762 1629 2822 die
1666 2766 1954 2826 Finsternis'
1990 2768 2116 2828 sagen
2159 2761 2200 2821 Es
2225 2760 2356 2820 handelt
2375 2759 2422 2819 sich
2453 2760 2536 2820 dabei
2561 2763 2639 2823 nicht
2663 2763 2723 2823 nur
2747 2763 2783 2823 um
2826 2766 2915 2826 alles,
2940 2763 2999 2823 was

365 2765 442 2825 Zeit
471 2762 621 2822 verfolgte
644 2761 655 2821 —
711 2764 783 2824 eine
806 2766 940 2826 Tochter
963 2766 1174 2826 Schmitzlers,
1192 2764 1236 2824 die

2155 2802 2181 2862 in
2214 2802 2262 2862 der
2290 2805 2561 2865 Gesamtausgabe
2594 2805 2637 2865 bei
2659 2806 2707 2866 S.
2724 2807 2843 2867 Fischer
2871 2807 2892 2867 in
2925 2808 3000 2868 neun

1265 2805 1377 2865 wird
1427 2804 1512 2864 und
1562 2806 1631 2866 bin
1680 2809 1793 2869 schon
1842 2811 1944 2871 jetzt
1988 2811 2117 2871 mude

364 2808 400 2868 an
432 2808 514 2868 einen
546 2806 753 2866 italienischen
780 2810 920 2870 Offizier
941 2809 1133 2869 verheiratet
1154 2810 1221 2870 war

1266 2847 1504 2907 anläßlich
1574 2849 1653 2909 des

1708 2854 1979 2914 siebzigsten
2044 2852 2124 2912 Ge=
2154 2844 2286 2904 Bänden
2321 2846 2489 2906 erschienen
2524 2846 2576 2906 ist,
2605 2849 2732 2909 sondern
2774 2849 2836 2909 auch
2878 2849 2917 2909 um
2964 2849 3010 2909 die

362 2846 420 2906 hat
447 2846 500 2906 vor
522 2849 639 2909 einigen
666 2849 789 2909 Jahren
827 2849 848 2909 in
880 2852 1024 2912 Venedig
1052 2852 1104 2912 ihr
1132 2852 1227 2912 Leber

2153 2888 2385 2948 Hinzufügung
2430 2889 2512 2949 aller
2557 2891 2690 2951 nachher
2741 2891 3001 2951 veröffentlichten

372 2889 532 2949 freiwillig
564 2889 694 2949 geendet
720 2889 730 2949 —
787 2892 985 2952 beigetragen
1022 2894 1136 2954 haben,
1162 2894 1229 2954 audh

1255 2891 1570 2951 burtstages,
1588 2894 1665 2954 von
1693 2895 1765 2955 dem
1805 2897 1898 2957 man
1932 2900 2015 2960 mir
2032 2898 2103 2958 vie

2157 2930 2277 2990 Werke.
2313 2933 2421 2993 Darin
2451 2932 2548 2992 findet
2572 2933 2618 2993 sich
2647 2934 2716 2994 auch
2745 2935 2785 2995 die
2808 2936 2998 2996 Anführung

367 2934 421 2994 der
444 2933 628 2993 schwächere
651 2933 764 2993 Erfolg
792 2936 895 2996 seiner
923 2938 1020 2998 letzten
1070 2939 1216 2999 Dramen

1258 2940 1309 3000 zu
1342 2935 1443 2995 viel
1476 2938 1654 2998 spricht.

2152 2972 2234 3032 aller
2313 2973 2367 3033 der
2446 2976 2761 3036 ungezählten

2844 2978 3005 3038 Ueber¬

366 2979 427 3039 und
462 2981 599 3041 ethischen
634 2981 856 3041 Erzählungen
891 2981 941 3041 hat
970 2982 1016 3042 ihn
1051 2983 1227 3043 verstimmt

1354 2986 1478 3046 Allseits
1507 2987 1563 3047 fiel
1586 2987 1636 3047 das
1665 2991 1800 3051 überaus
1829 2994 2015 3054 ungünstige
2044 2993 2128 3053 Aus¬

2163 3017 2405 3077 setzungen,
2429 3018 2521 3078 unter
2545 3017 2596 3077 den
2626 3020 2782 3080 Sprachen
2811 3020 2914 3080 findet
2938 3020 3001 3080 man

1259 3029 1345 3089 sehen
1384 3031 1438 3091 des
1471 3032 1617 3092 Dichters
1661 3034 1731 3094 auf,
1764 3035 1818 3095 der
1862 3038 1954 3098 blaß,
1992 3036 2051 3096 mit
2079 3037 2111 3097 ge

458 3041 507 3101 So
541 3046 773 3106 grundlegend,
802 3047 834 3107 so
869 3048 1062 3108 bezeichnend
1102 3049 1151 3109 für
1190 3050 1229 3110 die

2151 3058 2449 3118 Bulgarisch,
2540 3061 2682 3121 Lettisch,

2769 3064 3014 3124 Portugiesisch,

1261 3073 1387 3133 quälten
1427 3075 1565 3135 Furchen
1604 3074 1631 3134 im
1682 3076 1814 3136 Gesicht,
1854 3081 1964 3141 dasaß.
2004 3080 2108 3140 Nichts

366 3088 700 3148 Gesellschaftsmoral
724 3089 815 3149 gegen
844 3091 928 3151 Ende
957 3092 1008 3152 des
1037 3094 1088 3154 19.
1111 3094 1167 3154 und
1196 3095 1224 3155 zu

2164 3102 2428 3162 Japanisch.

1261 3115 1487 3175 destoweniger
1554 3119 1639 3179 hätte
1685 3119 1756 3179 man
1812 3121 1897 3181 nicht
1958 3124 2119 3184 vermuten

365 3133 489 3193 Beginn
529 3130 577 3190 des
632 3133 687 3193 20.
715 3136 966 3196 Jahrhunderts
1021 3136 1097 3196 seine
1130 3136 1233 3196 Werke

2228 3151 2294 3211 Die
2362 3151 2463 3211 ersten
2537 3155 2765 3215 medizinischen
2840 3155 3001 3215 Schriften

1258 3160 1402 3220 können,
1423 3160 1479 3220 daß
1511 3161 1577 3221 drei
1603 3162 1685 3222 Tage
1712 3166 1815 3226 später
1841 3166 1887 3226 die
1918 3169 2129 3229 Kulturwelt,

370 3176 501 3236 waren,
523 3175 549 3235 so
581 3175 639 3235 fein
677 3178 724 3238 die
757 3178 1111 3238 Seelenstimmungen,
1138 3181 1228 3241 dieses

2152 3193 2357 3253 Schnitzlers,
2380 3196 2428 3256 der
2456 3196 2493 3256 am
2537 3196 2596 3256 15.
2619 3197 2694 3257 Mai
2722 3196 2797 3256 1862
2830 3197 2878 3257 als
2911 3199 2997 3259 Sohn

1261 3202 1312 3262 die
1338 3204 1519 3264 Dichtkunst
1551 3205 1612 3265 und
1638 3205 1824 3265 Oesterreich
1861 3211 1943 3271 einen
1981 3211 2119 3271 unersetz

364 3223 639 3283 Ungesprochene,
660 3223 805 3283 Lautlose
827 3224 888 3284 aus
936 3224 966 3284 em
1008 3226 1112 3286 weiten
1149 3225 1205 3285 Lan

2154 3238 2238 3298 eines
2266 3236 2386 3296 Wiener
2414 3239 2673 3299 Laryngologen,
2690 3239 2848 3299 Professor
2870 3241 3001 3301 Johann

1262 3247 1358 3307 baren
1393 3250 1528 3310 Verlust
1557 3251 1693 3311 beklagen
1734 3252 1880 3312 würden.

364 3264 420 3324 der
447 3266 556 3326 Seele,
572 3264 629 3324 von
661 3266 707 3326 den
745 3267 900 3327 einsamen
932 3267 1067 3327 Wegen,
1083 3270 1130 3330 die
1151 3268 1234 3328 jeder

2152 3279 2339 3339 Schnitzler,
2356 3279 2485 3339 geboren
2518 3282 2625 3342 wurde
2647 3282 2706 3342 und
2733 3282 2819 3342 selbst
2841 3285 2996 3345 jahrelang

365 3309 490 3369 Mensch
523 3309 615 3369 gehen
654 3311 746 3371 muß,
768 3312 828 3372 aus
861 3310 915 3370 den
954 3313 1225 3373 Zwischenspielen

2138 3318 2193 3378 als
2249 3321 2493 3381 Sekundärarzt
2550 3324 2575 3384 im
2652 3326 2906 3386 Krankenhaus,
2957 3324 3002 3384 als

1498 3324 1563 3384 Die
1588 3324 1683 3384 letzten
1714 3327 1888 3387 Stunden.

368 3356 452 3416 jeder
479 3351 558 3411 Ehe,
575 3353 600 3413 so
627 3354 691 3414 sehr
713 3355 797 3415 sagte
818 3356 886 3416 man
919 3357 966 3417 ihm
1004 3357 1120 3417 später,
1141 3357 1225 3417 wenn

2144 3363 2292 3423 Assistent
2327 3365 2376 3425 der
2410 3366 2581 3426 Poliklinik
2621 3368 2676 3428 und
2715 3369 2892 3429 praktischer
2926 3369 3003 3429 Arzt

1340 3378 1471 3438 Gestern
1513 3384 1691 3444 vormittag
1750 3387 1938 3447 unternahm
2012 3385 2095 3445 Artu

364 3399 438 3459 man
471 3396 497 3456 es
524 3398 572 3458 ihm
615 3397 684 3457 auch
717 3399 940 3459 rücksichtsvoll
962 3402 1063 3462 sagte,
1080 3401 1132 3461 daß
1165 3401 1218 3461 vom

2149 3405 2270 3465 wirkte,
2293 3408 2354 3468 sind
2388 3409 2592 3469 verzeichnet.
2637 3410 2731 3470 Diese
2760 3411 3003 3471 Bibliographie

1262 3426 1429 3486 Schnitzler
1481 3427 1572 3487 einen
1624 3429 1853 3489 Spaziergang
1906 3430 1961 3490 von
2018 3432 2119 3492 seinen

364 3441 464 3501 letzten
490 3441 714 3501 dramatischen
740 3444 974 3504 Meisterwerk,
990 3444 1040 3504 der
1061 3444 1233 3504 „Komödie

2145 3450 2256 3510 bringt
2284 3451 2339 3511 zum
2384 3451 2523 3511 Beispiel
2551 3453 2617 3513 auch
2651 3453 3001 3513 amerikanische

1261 3469 1446 3529 Döblinger
1477 3470 1559 3530 Villa
1591 3470 1621 3530 in
1658 3472 1704 3532 der
1736 3475 2049 3535 Sternwartestraße
2081 3476 2116 3536 71

364 3485 419 3545 der
450 3485 596 3545 Worte“,
616 3485 671 3545 vom
718 3486 819 3546 letzten
850 3488 980 3548 epischen
1016 3488 1233 3548 Meisterwerl

2149 3491 2460 3551 Schulbücher,
2526 3493 2576 3553 die
2622 3492 2747 3552 Szenen
2823 3495 2883 3555 aus
2934 3494 2984 3554 dem

1261 3511 1345 3571 aus.
1397 3515 1441 3575 Um
1508 3515 1547 3575 11
1583 3515 1648 3575 Uhr
1679 3518 1729 3578 kam
1775 3518 1810 3578 er
1840 3519 1906 3579 heim
1962 3519 2022 3579 und
2058 3521 2122 3581 eine

364 3530 576 3590 „Casanovas
608 3530 836 3590 Heimfahrt",
858 3533 894 3593 an
927 3533 958 3593 er
1006 3533 1096 3593 nicht
1144 3533 1228 3593 mehr

2151 3533 2287 3593 „Weiten
2338 3535 2444 3595 Land"
2495 3534 2555 3594 mit
2601 3536 2687 3596 einer
2733 3536 2874 3596 Karte
2921 3536 2996 3596 von

1262 3557 1505 3617 Viertelstunde
1531 3560 1634 3620 später
1666 3560 1737 3620 fand
1770 3560 1815 3620 die
1842 3563 2028 3623 Sekretärin
2065 3563 2116 3623 den

2146 3577 2282 3637 Tirol
2308 3578 2464 3638 enthalten
2495 3576 2504 3636 —
2556 3579 2616 3639 mit
2637 3580 2677 3640 ein
2708 3580 2834 3640 Beweis
2860 3578 2915 3638 für
2936 3581 3006 3641 das,

365 3581 453 3641 einer
481 3580 536 3640 von
564 3581 681 3641 unsrer
703 3578 775 3638 Zeit
798 3578 853 3638 sei.

1263 3600 1395 3660 Mann,
1418 3602 1469 3662 der
1493 3603 1631 3663 niemals
1660 3604 1740 3664 ohne
1764 3605 1878 3665 Arbeit
1902 3607 1959 3667 sein
1994 3608 2126 3668 konnte,
2151 3616 2219 3676 was
2254 3620 2444 3680 Schnitzler,
2468 3620 2507 3680 ein
2548 3621 2663 3681 Herold
2698 3623 2922 3683 Oesterreichs,
2951 3623 3003 3683 für

453 3644 535 3704 Aber
577 3644 819 3704 unverlöschlich
867 3647 928 3707 und
965 3650 1223 3710 unnachahmlich
1259 3644 1290 3704 in
1332 3647 1429 3707 seinem
1482 3650 1823 3710 bücherumstandenen
1859 3651 2122 3711 Diktierzimmer

2147 3662 2204 3722 das
2238 3664 2449 3724 Verständnis
2493 3663 2531 3723 um
2585 3663 2647 3723 uns
2691 3664 2777 3724 getan
2816 3664 2868 3724 hat

364 3687 429 3747 sind
460 3688 505 3748 die
531 3689 628 3749 Taten
664 3689 714 3749 des
745 3691 887 3751 Anatol,
908 3691 958 3751 des
995 3691 1218 3751 „Medardus“

1256 3691 1535 3751 bewußtlos
1573 3691 1646 3751 auf.
1673 3693 1752 3753 Man
1790 3694 1916 3754 brachte
1949 3696 2122 3756 Schnitzler

2148 3706 2261 3766 bringt
2303 3704 2370 3764 eine
2407 3705 2432 3765 in
2474 3706 2519 3766 die
2556 3706 2721 3766 Hunderte
2758 3709 2887 3769 gehende
2924 3705 3006 3765 Auf¬

358 3730 410 3790 des
457 3730 646 3790 „Professor
693 3733 923 3793 Bernhardi“,
966 3733 1059 3793 dieses
1107 3736 1221 3796 großen

1267 3733 1364 3793 sofort
1391 3734 1421 3794 zu
1458 3734 1550 3794 Bett,
1576 3737 1637 3797 doch
1674 3737 1731 3797 hat
1757 3736 1787 3796 er
1819 3737 1875 3797 das
1912 3739 2112 3799 Bewußtsein

2149 3748 2279 3808 zählung
2325 3748 2401 3808 aller
2437 3751 2603 3811 Novellen,
2639 3749 2754 3809 großen
2790 3751 2850 3811 und
2886 3750 2997 3810 kleinen

365 3775 629 3835 Aerztedramas.
668 3775 828 3835 Niemand
856 3778 966 3838 konnte
988 3778 1048 3838 und
1071 3778 1142 3838 kann
1170 3777 1219 3837 sich
1259 3777 1346 3837 nicht
1375 3777 1462 3837 mehr
1490 3780 1639 3840 erlangt,
1661 3778 1694 3838 ist
1722 3779 1771 3839 sich
1805 3781 1903 3841 seines
1937 3782 2113 3842 Zustandes
2147 3789 2273 3849 Werke,
2307 3790 2394 3850 ihrer
2428 3793 2604 3853 Auflagen,
2643 3792 2896 3852 Uebersetzungen
2941 3788 2996 3848 und

364 3820 419 3880 der
450 3817 699 3877 Erschütterung
755 3820 821 3880 beim
873 3820 958 3880 Lesen
1015 3820 1071 3880 der
1102 3823 1233 3883 Novellé

1264 3821 1328 3881 also
1359 3822 1459 3882 keinen
1495 3823 1681 3883 Augenblick
1707 3826 1837 3886 bewußt
1863 3826 2049 3886 geworden.
2075 3824 2119 3884 Er

2153 3832 2345 3892 Ausgaben.
2365 3834 2468 3894 Neben
2498 3835 2650 3895 zahllosen
2685 3835 2798 3895 andren
2833 3835 3000 3895 Ehrungen

371 3862 458 3922 „Die
479 3862 716 3922 Hirtenflöte",
732 3862 830 3922 dieses
857 3864 996 3924 zartesten
1027 3865 1140 3925 Spiels
1172 3865 1223 3925 von

1265 3865 1318 3925 hat
1351 3865 1416 3925 also
1449 3866 1535 3926 nicht
1585 3868 1715 3928 gelitten
1775 3870 1905 3930 gehabt,
1954 3870 2008 3930 als
2063 3870 2105 3930 um

2158 3873 2189 3933 ist
2212 3876 2314 3936 Artur
2341 3876 2509 3936 Schnitzler
2536 3876 2687 3936 anläßlich
2715 3877 2769 3937 der
2791 3876 3006 3936 Siebzigjahr¬

365 3906 457 3966 Liebe
485 3906 544 3966 und
572 3905 718 3965 Untreue
741 3906 920 3966 entziehen,
965 3906 1035 3966 oder
1063 3908 1111 3968 des
1139 3906 1215 3966 groß

1263 3909 1319 3969 ½7
1354 3909 1422 3969 Uhr
1451 3909 1565 3969 abends
1594 3912 1964 3972 Atemlähmung
2005 3915 2101 3975 eintra

2152 3916 2227 3976 feier
2255 3916 2308 3976 der
2336 3919 2643 3979 „Concordia"
2686 3921 2718 3981 zu
2757 3921 2842 3981 deren
2881 3918 2999 3978 Ehren¬

371 3951 494 4011 artigen
596 3952 804 4012 „Sterben",
862 3951 917 4011 das
1014 3953 1075 4013 von
1177 3952 1227 4012 der
1267 3954 1334 4014 und
1352 3954 1380 4014 in
1409 3955 1492 4015 deren
1521 3957 1650 4017 Gefolge
1673 3957 1723 4017 der
1746 3960 1825 4020 Tod.

2132 3963 2293 4023 mitglied
2324 3963 2466 4023 ernannt
2485 3964 2633 4024 worden.

2331 4076 2488 4136 Artur
2522 4079 2819 4139 Schnitzler,
