3344 4224
121 3612 181 3672 n

133 3661 210 3721 und

131 3761 203 3821 siitz

173 864 240 924 wie

155 915 246 975 ter

155 967 219 1027 ge

156 1064 231 1124 nen

163 1112 246 1172 aber

162 1161 222 1221 dem

155 1355 234 1415 rtig

161 1402 234 1462 kein

157 1451 234 1511 ette

155 1549 232 1609 seren

155 1657 181 1717 e
201 1655 227 1715 ja

157 1706 232 1766 des

150 1756 235 1816 nte.

161 1902 234 1962 ote

153 2047 229 2107 eine

158 2097 222 2157 und

565 121 2654 181 HuHbSüchnt

336 282 619 342 Große
673 285 1231 345 Vudgetrede
1297 294 1425 354 des
1492 305 2270 365 Bundeskanzlers
2324 305 2361 365 -
2401 314 2970 374 Zusammen¬

310 401 633 461 sossung
712 401 918 461 aller
984 404 1294 464 Krafte
1360 415 1488 475 zur
1555 420 2177 480 Verteidigung
2256 425 2384 485 des
2451 426 2941 486 Schillings

378 510 664 570 Bundeskanzler
737 512 810 572 Dr.
850 512 1051 572 Buresch
1108 518 1169 578 hat

1207 522 1266 582 der
1315 524 1500 584 Hoffnung
1554 528 1744 588 Ausdruck,
1793 533 1852 593 daß
1908 537 1961 597 sich
2016 539 2075 599 der

2191 536 2289 596 Diese
2313 536 2452 596 Kredite
2470 537 2534 597 sind
2563 539 2591 599 in
2621 542 2673 602 den
2708 545 2812 605 letzten
2842 545 2969 605 Jahren

296 559 391 619 heute
422 559 447 619 im
493 561 699 621 Parlament
731 559 786 619 das
822 561 958 621 Budget
984 563 1049 623 mit
1075 564 1145 624 eine

1205 571 1515 631 herrschende
1571 580 1932 640 Pessimismus
2015 586 2070 646 als

2117 583 2166 643 oft
2191 586 2417 646 unproduktiv
2447 586 2643 646 verwendet
2668 589 2796 649 worden
2831 595 2894 655 und
2939 594 2973 654 es

286 607 699 667 Regierungserklärung
752 610 989 670 einbegleitet.
1036 613 1165 673 Doktor

1199 620 1543 680 unberechtigt
1597 624 1750 684 erweisen
1809 628 1936 688 werde.
2005 634 2074 694 Auf

2117 635 2180 695 sind
2250 637 2574 697 kurzfristige
2639 638 2783 698 Kredite
2848 642 2980 702 lang¬

286 655 434 715 Buresch
471 656 619 716 entwarf
651 656 693 716 ein
730 656 809 716 Bild
847 657 899 717 der
937 661 1153 721 gegenwärti

1205 666 1378 726 Perioden
1411 673 1731 733 ungünstiger
1765 679 2073 739 Konjunktur

2112 685 2272 745 fristig
2350 684 2610 744 weitergegeben
2666 690 2826 750 worden.
2888 694 2981 754 Jetzt

287 707 351 767 gen
389 706 475 766 Lage
509 706 752 766 Oesterreichs,
795 707 859 767 wie
893 706 930 766 sie
958 709 1054 769 durch
1109 711 1162 771 die

1209 718 1288 778 seien
1325 718 1446 778 immer
1473 720 1599 780 wieder
1626 721 1726 781 solche
1753 722 1842 782 einer
1895 730 2064 790 günstigen

2116 733 2213 793 geben
2247 730 2301 790 die
2323 733 2646 793 Gläubigerstaaten
2679 738 2809 798 keine
2832 739 2973 799 neuen

284 754 871 814 Weltwirtschaftskrise
917 756 979 816 und
1019 758 1075 818 die
1109 759 1165 819 be¬

1203 766 1424 826 Konjunktur
1456 768 1603 828 gefolgt,
1625 770 1698 830 dies
1736 771 1841 831 werde
1873 774 1946 834 auch
1984 777 2052 837 dies

2106 779 2321 839 Kredite
2344 780 2452 840 mehr,
2469 783 2599 843 sondern
2634 785 2764 845 fordern
2793 789 2844 849 die
2867 789 2979 849 früher

287 801 451 861 sonderen
491 802 891 862 österreichischen
931 807 1145 867 Verhält

1206 811 1273 871 mal
1302 814 1358 874 der
1388 816 1473 876 Fall
1513 817 1604 877 sein.
1651 819 1701 879 Es
1731 820 1821 880 gelte
1868 824 1953 884 nur,
1999 825 2072 885 die

2113 828 2310 888 gewährten
2339 830 2464 890 zurück.
2482 831 2538 891 Sie
2561 834 2663 894 haben
2692 834 2788 894 auch,
2806 839 2890 899 durch
2919 840 2969 900 den

287 849 419 909 nisse
454 852 596 912 gegeben
637 853 807 913 erscheint.
836 852 885 912 Er
919 856 1162 916 kennzeichnete

1205 864 1388 924 Nerven
1427 867 1471 927 zu
1505 869 1732 929 behalten
1794 870 1860 930 und
1916 873 1993 933 alles
2033 873 2065 933 zu

2113 877 2432 937 Börsenkrach
2503 879 2538 939 in
2614 881 2672 941 den
2754 888 2969 948 Vereinigten

291 897 339 957 die
377 900 555 960 Situation
594 900 647 960 als
702 903 810 963 ernst,
854 905 934 965 aber
990 908 1156 968 durchaus

1206 913 1283 973 tun,
1307 915 1348 975 um
1402 913 1449 973 die
1486 918 1699 978 Wiederkehr
1736 919 1878 979 besserer
1914 924 2062 984 Verhält

2119 927 2262 987 Staaten
2296 927 2357 987 und
2391 927 2440 987 die
2468 932 2661 992 ungünstige
2690 935 2905 995 Konjunktur
2928 935 2977 995 er¬

283 948 408 1008 nicht
439 954 838 1014 hoffnungslos.
863 954 1062 1014 Unbedingt
1086 957 1164 1017 not¬

1206 963 1289 1023 nisse
1320 963 1599 1023 vorzubereiten.

2110 972 2257 1032 schreckt,
2275 977 2505 1037 angefangen,
2523 980 2575 1040 die
2594 980 2793 1040 Kredite
2818 986 2976 1046 zurück¬

288 998 421 1058 wendig
457 998 502 1058 sei
520 1000 578 1060 es,
620 1000 671 1060 die
701 1001 759 1061 von
800 1001 875 1061 allen
911 1007 1073 1067 Schichten
1109 1005 1143 1065 ge

1292 1010 1362 1070 Das
1398 1010 1491 1070 Haus
1522 1012 1591 1072 trat
1622 1013 1756 1073 hierauf
1781 1015 1809 1075 in
1845 1016 1892 1076 die
1922 1018 2062 1078 Debatte

2114 1022 2366 1082 zuziehen.
2393 1025 2435 1085 Es
2466 1026 2559 1086 zeigt
2584 1029 2657 1089 sich,
2683 1029 2738 1089 daß
2776 1030 2818 1090 ein
2856 1034 2979 1094 großer

296 1049 457 1109 forderten
494 1049 602 1109 Opfer
633 1050 662 1110 in
699 1052 752 1112 dem
819 1053 1035 1113 Bewußtsein
1096 1056 1156 1116 auf

1203 1058 1280 1118 über
1317 1060 1371 1120 die
1420 1062 1825 1122 Regierungserklärung
1880 1067 1951 1127 ein.
2000 1068 2060 1128 Als

2117 1073 2199 1133 Teil
2217 1070 2270 1130 der
2300 1073 2482 1133 Schuldner
2506 1079 2711 1139 kurzfristige
2736 1079 2864 1139 Kredite
2895 1084 2976 1144 nicht

291 1097 345 1157 sich
374 1099 407 1159 zu
442 1100 600 1160 nehmen,
622 1100 683 1160 daß
719 1100 780 1160 nur
808 1100 835 1160 so
884 1102 994 1162 eine
1023 1103 1159 1163 Kata¬

1207 1106 1299 1166 erster
1325 1109 1456 1169 Redner
1482 1111 1606 1171 ergriff
1625 1112 1693 1172 Dr.
1713 1115 1787 1175 Otto
1813 1115 1975 1175 Bauer
2000 1115 2056 1175 das
2107 1118 2175 1178 zum
2220 1121 2544 1181 Fälligkeitstermin
2582 1127 2688 1187 zahlen
2726 1128 2807 1188 kann
2839 1129 2907 1189 und
2939 1128 2969 1188 so

298 1145 486 1205 strophe
557 1150 883 1210 abgewendet
954 1152 1142 1212 werden

1197 1154 1313 1214 Wort.
1341 1157 1441 1217 Heute
1473 1158 1537 1218 und
1569 1157 1701 1217 morgen
1739 1160 1866 1220 werden
1904 1162 1951 1222 die
1984 1162 2073 1222 Red¬

2112 1166 2260 1226 entstand
2295 1168 2345 1228 die
2368 1171 2539 1231 Panik.

291 1190 456 1250 köune.

1201 1199 1261 1259 ner
1289 1202 1344 1262 der
1373 1204 1616 1264 verschiedenen
1650 1207 1805 1267 Parteien
1839 1210 1910 1270 auch
1945 1210 1972 1270 zu
2005 1210 2060 1270 den

2153 1216 2193 1276 Zu
2228 1217 2303 1277 spät
2324 1216 2378 1276 hat
2420 1219 2474 1279 die
2516 1219 2610 1279 Welt
2652 1223 2706 1283 die
2748 1225 2918 1285 Gefahren

1198 1252 1623 1312 wirtschaftlichen
1661 1258 1994 1318 Vorschlägen,
2019 1259 2068 1319 die

376 1251 450 1311 Die
479 1255 667 1315 Regierung
706 1255 752 1315 ist
772 1258 931 1318 bestrebt,
951 1258 1006 1318 das
1045 1260 1157 1320 Ver¬

2147 1265 2378 1325 kurzfristiger
2403 1269 2538 1329 Kredite
2587 1272 2728 1332 erkannt
2771 1274 2835 1334 und
2889 1277 2930 1337 sie

1200 1297 1226 1357 in
1265 1299 1313 1359 der
1341 1300 1432 1360 Form
1477 1300 1530 1360 von
1563 1303 1763 1363 dringlichen
1797 1304 1970 1364 Anfragen
2003 1308 2046 1368 ein

288 1300 455 1360 trauen
491 1303 560 1363 nach
589 1305 734 1365 außen
769 1305 833 1365 und
862 1308 890 1368 im
932 1309 1152 1369 Inlande

2154 1312 2223 1372 muß
2258 1314 2327 1374 jetzt
2352 1316 2455 1376 dafür
2497 1318 2711 1378 ungeheures
2765 1323 2926 1383 Lehrgeld

1196 1349 1352 1409 gebracht
1380 1348 1541 1408 wurden,
1569 1351 1725 1411 Stellung
1780 1355 1942 1415 nehmen.
1985 1358 2055 1418 Das

287 1350 414 1410 wieder
448 1351 680 1411 herzustellen,
703 1353 786 1413 denn
825 1355 885 1415 nur
920 1357 947 1417 so
981 1359 1086 1419 könne
1120 1358 1147 1418 es

2149 1363 2290 1423 zahlen.
2330 1363 2398 1423 Die
2421 1367 2715 1427 Wirtschaftskrise
2762 1371 2829 1431 und
2875 1373 2931 1433 die

1203 1397 1410 1457 Parlament
1474 1397 1560 1457 wird
1613 1398 1687 1458 eine
1751 1404 1860 1464 große
1925 1406 2068 1466 Wirt¬

283 1398 463 1458 gelingen,
512 1398 566 1458 die
603 1401 978 1461 österreichische
1021 1404 1129 1464 Wäh

2151 1410 2354 1470 Kreditkrise
2377 1414 2515 1474 steigern
2567 1416 2734 1476 einander
2786 1422 2930 1482 wechsel¬

1198 1445 1582 1505 schaftsdebatte
1615 1449 1800 1509 abführen.

276 1449 400 1509 rung
429 1449 474 1509 zu
508 1448 695 1508 schützen
730 1449 792 1509 und
826 1451 894 1511 eine
923 1453 1047 1513 bessere
1076 1455 1154 1515 Zeit

2473 1464 2587 1524 seitig.

285 1496 591 1556 heraufzuführen.
645 1498 715 1558 Der
757 1503 1039 1563 Bundeskanzler
1075 1506 1139 1566 gab

1280 1503 1499 1563 Nachstehend
1536 1506 1591 1566 der
1621 1509 1933 1569 Sitzungsbericht:

2170 1565 2280 1625 Die
2323 1571 2909 1631 Vertrauensfrage

2195 1625 2383 1685 Angesichts
2440 1627 2546 1687 dieser
2578 1631 2747 1691 Weltlage
2804 1633 2879 1693 muß
2917 1634 2973 1694 die

374 1665 520 1725 Die
611 1669 847 1729 Nede
938 1671 1073 1731 des

1199 1676 1920 1736 Vunbesranzters

2094 1673 2302 1733 Regierung
2334 1675 2388 1735 vor
2414 1676 2493 1736 allem
2537 1678 2610 1738 tun,
2629 1680 2702 1740 was
2734 1682 2770 1742 sie
2795 1683 2893 1743 kann,
2912 1685 2948 1745 um

2104 1718 2171 1778 das
2209 1724 2480 1784 Vertrauen
2530 1726 2572 1786 im
2622 1730 2850 1790 Inlande
2881 1732 2967 1792 und

367 1748 479 1808 Hohes
511 1751 636 1811 Haus!
681 1751 755 1811 Das
788 1753 931 1813 Budget
976 1756 1032 1816 für
1083 1756 1139 1816 das

1191 1754 1278 1814 über
1302 1757 1360 1817 den
1391 1760 1576 1820 Charakter
1607 1757 1665 1817 der
1689 1763 1985 1823 Schwierigkeiten
2016 1767 2044 1827 im

2101 1766 2143 1826 im
2199 1771 2458 1831 Auslande
2497 1777 2842 1837 herzustellen.
2874 1780 2966 1840 Dazu

275 1801 372 1861 Jahr
396 1799 471 1859 1932
500 1798 540 1858 ist
558 1799 604 1859 ein
634 1800 778 1860 Budget
802 1802 853 1862 der
877 1805 1148 1865 Ersparun¬

1193 1807 1312 1867 Klaren
1351 1810 1432 1870 sein,
1459 1810 1508 1870 die
1541 1810 1603 1870 wir
1629 1811 1703 1871 jetzt
1730 1814 1975 1874 durchmachen.

2105 1816 2148 1876 ist
2174 1816 2223 1876 die
2249 1819 2330 1879 erste
2356 1822 2625 1882 Voraussetzung
2657 1825 2719 1885 das
2751 1827 2976 1887 Gleich¬

269 1853 351 1913 gen
411 1852 499 1912 und
558 1854 1036 1914 Einschränkungen.
1090 1858 1142 1918 Es

2101 1867 2301 1927 gewicht
2371 1870 2415 1930 im
2509 1873 2979 1933 Staatshaushalt.

278 1903 439 1963 verlangt
462 1903 571 1963 Opfer
612 1902 675 1962 von
733 1906 790 1966 der
837 1911 1015 1971 ganzen
1068 1909 1148 1969 Be¬

1432 1909 1516 1969 Die
1560 1913 1804 1973 Weltkrise

2104 1915 2220 1975 Darum
2271 1916 2381 1976 dürfen
2419 1918 2480 1978 wir
2505 1919 2572 1979 uns
2604 1923 2690 1983 nicht
2715 1924 2862 1984 scheuen,
2888 1926 2967 1986 rasch

273 1957 568 2017 völkerung,
619 1957 679 2017 von
723 1958 778 2018 den
822 1962 1142 2022 öffentlichen

2101 1960 2151 2020 die
2190 1966 2431 2026 notwendigen
2471 1970 2820 2030 Ersparungs=
2878 1974 2966 2034 und

1270 1966 1340 2026 Die
1378 1969 1686 2029 herrschende
1723 1971 1988 2031 Weltkrise
2025 1976 2060 2036 ist

275 2007 634 2067 Angestellten,
676 2009 758 2069 aber
788 2010 864 2070 auch
894 2010 958 2070 von
1007 2013 1135 2073 allen
1195 2017 1335 2077 dadurch
1366 2019 1578 2079 entstanden,
1620 2020 1678 2080 daß
1732 2023 1808 2083 eine
1856 2025 2055 2085 ungünstige

2098 2015 2469 2075 Steuergesetze
2502 2019 2739 2079 einzubringen
2803 2020 2867 2080 und
2906 2021 2963 2081 das

273 2058 807 2118 Wirtschaftskreisen.
851 2064 954 2124 Diese
1004 2064 1132 2124 werden

2102 2060 2357 2120 österreichische
2384 2065 2588 2125 Parlament
2608 2067 2664 2127 hat
2692 2069 2787 2129 durch
2813 2071 2883 2131 ihre
2909 2071 2972 2131 fast

1192 2070 1405 2130 Konjunktur
1452 2069 1521 2129 mit
1545 2071 1602 2131 der
1631 2073 1723 2133 Krise
1770 2076 1862 2136 eines
1915 2078 2047 2138 kranken

271 2108 359 2168 nicht
426 2111 492 2171 nur
565 2110 658 2170 durch
731 2112 786 2172 die
859 2117 1141 2177 unvermeidliche

2104 2110 2331 2170 einstimmige
2362 2115 2540 2175 Annahme
2571 2118 2718 2178 gezeigt,
2743 2119 2804 2179 daß
2841 2120 2871 2180 es
2909 2119 2964 2179 der

1187 2121 1445 2181 Kreditsystems
1488 2127 1849 2187 zusammengetroffen
1886 2127 1940 2187 ist.
1989 2127 2036 2187 Be

2101 2159 2280 2219 Situation
2317 2163 2491 2223 Rechnung
2528 2166 2563 2226 zu
2600 2166 2714 2226 tragen
2751 2167 2955 2227 entschlossen

269 2160 545 2220 Reduktion
625 2164 704 2224 der
773 2167 1141 2227 Investitions¬

1190 2172 1358 2232 zeichnend
1389 2172 1442 2232 für
1479 2173 1563 2233 diese
1594 2176 1684 2236 Krise
1715 2177 1780 2237 sind
1835 2177 1889 2237 die
1914 2177 2040 2237 Schiffe

2101 2205 2157 2265 ist.
2177 2205 2251 2265 Wir
2271 2210 2395 2270 müssen
2427 2212 2495 2272 jetzt
2515 2213 2690 2273 sorgfältig
2723 2215 2791 2275 jede
2817 2216 2966 2276 einzelne

269 2214 511 2274 tätigkeit
552 2213 743 2273 getroffen,
790 2216 934 2276 sondern
975 2217 1049 2277 auch
1084 2216 1142 2276 da¬

1188 2220 1256 2280 die,
1297 2225 1383 2285 mit
1419 2224 1546 2284 Gold
1587 2228 1812 2288 beladen,
1854 2228 1911 2288 die
1941 2231 2055 2291 Meere

2101 2252 2182 2312 Post
2208 2253 2233 2313 im
2278 2258 2416 2318 Budget
2436 2259 2574 2319 prüfen,
2593 2261 2631 2321 um
2676 2263 2700 2323 im
2746 2267 2972 2327 Zusammen¬

274 2264 388 2324 durch,
430 2263 493 2323 daß
534 2263 597 2323 wir
627 2264 678 2324 die
708 2266 800 2326 Lage
835 2267 887 2327 der
917 2270 1136 2330 überlasteten

1185 2274 1427 2334 durchfahren.
1449 2277 1526 2337 Was
1560 2278 1713 2338 bedeutet
1741 2279 1829 2339 das?
1857 2276 1901 2336 Es
1934 2280 2027 2340 bedeu

2098 2306 2208 2366 hange
2239 2305 2306 2365 mit
2344 2308 2429 2368 einer
2461 2310 2755 2370 durchgreifenden
2817 2315 2946 2375 Reform

273 2315 465 2375 Wirtschaft
544 2315 664 2375 nicht
737 2318 868 2378 durch
936 2321 1140 2381 Steuer¬

1187 2324 1246 2384 te",
1271 2327 1324 2387 daß
1361 2327 1433 2387 die
1464 2330 1928 2390 Gläubigerstaaten
1965 2333 2049 2393 das

2098 2351 2154 2411 der
2186 2355 2418 2415 Verwaltung
2475 2359 2612 2419 weitere
2645 2362 2882 2422 Ersparnisse,
2908 2365 2964 2425 die

268 2369 640 2429 ermäßigungen
676 2369 966 2429 erleichtern
1002 2372 1119 2432 können

1182 2374 1301 2434 Geld
1331 2378 1730 2438 zurückfordern,
1754 2383 1890 2443 welches
1927 2383 1962 2443 sie
1993 2383 2045 2443 der

2098 2403 2362 2463 unvermeidlich
2399 2408 2483 2468 sind,
2514 2408 2544 2468 zu
2611 2410 2828 2470 ermöglichen
2894 2412 2960 2472 und

268 2416 468 2476 Unbedingt
499 2419 693 2479 notwendig
723 2417 764 2477 ist
788 2420 841 2480 es,
883 2421 935 2481 die
965 2422 1130 2482 Ordnung

1181 2428 1497 2488 Schuldnerstaaten
1554 2431 1707 2491 geliehen
1753 2434 1876 2494 haben.
1917 2434 2029 2494 Bishe

2100 2451 2182 2511 nicht
2218 2452 2342 2512 wieder
2378 2452 2413 2512 zu
2455 2457 2543 2517 einer
2579 2458 2798 2518 allgemeinen
2834 2460 2969 2520 Herab¬

271 2467 297 2527 in
336 2467 471 2527 unseren
509 2470 683 2530 Finanzen
727 2470 873 2530 aufrecht
901 2472 933 2532 zu
972 2473 1145 2533 erhalten;

1182 2479 1286 2539 haben
1323 2479 1368 2539 die
1398 2481 1568 2541 Staaten,
1586 2482 1638 2542 die
1662 2483 1755 2543 mehr
1785 2486 1925 2546 Kapital
1950 2488 2031 2548 habe

2098 2500 2218 2560 setzung
2255 2503 2454 2563 gezwungen
2491 2503 2520 2563 zu
2558 2505 2642 2565 sein.
2667 2506 2714 2566 Es
2752 2509 2806 2569 hat
2831 2510 2884 2570 sich
2915 2509 2963 2569 so¬

270 2517 348 2577 aber
377 2520 428 2580 die
451 2521 625 2581 Tätigkeit
649 2521 699 2581 der
728 2524 919 2584 Regierung
948 2527 1139 2587 gegenüber

1186 2530 1239 2590 als
1270 2527 1306 2587 sie
1337 2533 1518 2593 brauchen,
1561 2534 1766 2594 jährlich
1804 2539 2021 2599 ungefäh

2098 2552 2169 2612 fort
2194 2553 2338 2613 gezeigt,
2357 2554 2411 2614 daß
2447 2554 2477 2614 es
2508 2554 2568 2614 uns
2599 2554 2761 2614 gelungen
2798 2559 2846 2619 ist,
2870 2559 2960 2619 durch

271 2570 328 2630 der
357 2570 512 2630 schweren
548 2572 645 2632 Krise
675 2573 749 2633 kann
790 2574 835 2634 sich
871 2576 1136 2636 selbstverständ¬

1183 2580 1260 2640 2000
1327 2583 1603 2643 Millionen
1670 2586 1856 2646 Dollar
1929 2589 2013 2649 neu

2096 2598 2216 2658 unsere
2246 2601 2593 2661 Ersparungspolitik
2623 2606 2808 2666 Vertrauen
2849 2607 2877 2667 zu
2918 2605 2964 2665 er¬

266 2619 319 2679 lich
350 2622 471 2682 nicht
496 2625 701 2685 hierauf
726 2628 1053 2688 beschränken.
1078 2628 1120 2688 Um

1180 2631 1468 2691 öffentliche
1500 2636 1585 2696 und
1617 2636 1819 2696 private
1850 2640 2046 2700 Kredite

2090 2646 2228 2706 wecken.
2281 2648 2338 2708 190
2373 2651 2552 2711 Millionen
2588 2652 2778 2712 Schilling,
2820 2655 2877 2715 die
2907 2655 2940 2715 am

267 2671 323 2731 die
346 2673 509 2733 Richtung
538 2675 571 2735 zu
600 2676 781 2736 erkennen,
804 2676 831 2736 in
866 2679 916 2739 der
945 2679 990 2739 sich
1019 2679 1136 2739 unsere

1177 2682 1231 2742 an
1288 2685 1367 2745 die
1417 2686 1631 2746 Staaten
1687 2690 1926 2750 gewährt,
1969 2690 2042 2750 die

2096 2695 2148 2755 16.
2173 2697 2326 2757 Oktober
2350 2699 2449 2759 fällig
2480 2700 2615 2760 waren,
2657 2703 2727 2763 sind
2781 2703 2845 2763 von
2899 2704 2957 2764 der

266 2721 402 2781 Politik
444 2724 479 2784 zu
515 2727 662 2787 bewegen
698 2730 774 2790 hat,
817 2730 940 2790 müssen
976 2732 1041 2792 wir
1071 2733 1129 2793 uns

1178 2735 1389 2795 Mangel
1415 2738 1459 2798 an
1498 2739 1703 2799 Kapital
1729 2742 1915 2802 hatten.

2092 2744 2187 2804 Bank
2214 2745 2277 2805 von
2310 2748 2470 2808 England
2503 2749 2566 2809 und
2599 2751 2656 2811 von
2696 2751 2753 2811 der
2780 2753 2875 2813 Bank
2902 2752 2959 2812 für

259 2829 307 2889 ler
339 2834 394 2894 die
444 2837 628 2897 illegitime
660 2837 758 2897 Liebe
808 2840 986 2900 sozusagen
1025 2840 1141 2900 gesell¬

1187 2843 1302 2903 „füße"
1341 2843 1494 2903 Mädchen
1534 2846 1591 2906 aus
1630 2847 1688 2907 dem
1737 2849 1842 2909 Volke
1872 2851 1977 2911 schuf,
1997 2850 2044 2910 die

2088 2852 2205 2912 lebens
2258 2855 2564 2915 Weltabgekehrte,
2603 2857 2662 2917 hat
2708 2858 2792 2918 allen
2845 2859 2948 2919 diesen

262 2882 481 2942 schaftsfähig
511 2887 672 2947 gemacht,
690 2887 747 2947 daß
783 2887 812 2947 er
835 2888 898 2948 sie,
910 2887 974 2947 und
1003 2887 1072 2947 hier
1096 2888 1136 2948 :st

1177 2891 1285 2951 sanfte
1316 2894 1528 2954 liebesselige
1559 2897 1728 2957 Christine
1753 2897 1861 2957 etwa,
1905 2900 1952 2960 sich
1983 2899 2049 2959 mit

2090 2900 2373 2960 Konventionen,
2415 2904 2539 2964 freilich
2593 2906 2658 2966 auf
2688 2906 2770 2966 seine
2801 2907 2947 2967 überaus

262 2933 289 2993 ja
318 2933 380 2993 das
415 2933 517 2993 Wort
540 2933 681 2993 wirklich
716 2936 908 2996 zuständig,
955 2938 1136 2998 eingebür¬

1175 2939 1266 2999 einem
1310 2942 1424 3002 Glanz
1473 2945 1537 3005 und
1592 2945 1684 3005 einer
1733 2945 1896 3005 Wehmut
1940 2948 2042 3008 ohne¬

2087 2951 2416 3011 grandseigneurale
2446 2951 2514 3011 Art
2562 2952 2619 3012 den
2655 2954 2758 3014 Krieg
2811 2958 2955 3018 erklärt:

257 2983 337 3043 gert
359 2980 429 3040 hat,
451 2982 521 3042 eine
549 2983 754 3043 Revolution
792 2981 846 3041 der
874 2985 1138 3045 Sexualmoral,

1173 2989 1311 3049 gleichen
1347 2992 1377 3052 zu
1407 2992 1462 3052 der
1486 2993 1606 3053 großen
1637 2992 1854 3052 Demokratie
1879 2995 1933 3055 des
1964 2995 2041 3055 Her¬

2086 2996 2142 3056 dem
2194 2998 2475 3058 Uniformwahn,
2521 2999 2577 3059 der
2622 3003 2853 3063 Kriegslüge,
2893 3007 2949 3067 der

263 3026 311 3086 die
340 3029 416 3089 man
472 3031 521 3091 sich
560 3031 653 3091 heute
681 3034 758 3094 kaum
825 3032 1000 3092 vorstellen
1034 3034 1133 3094 kann.

1174 3041 1253 3101 zens
1284 3039 1443 3099 bekannt.

2093 3046 2406 3106 Sexualheuchelei,
2431 3049 2483 3109 dem
2531 3052 2838 3112 Familienterror.
2863 3052 2956 3112 Viel¬

257 3076 354 3136 Ohne
387 3079 570 3139 Schnitzler
603 3081 695 3141 hätte
733 3081 765 3141 es
803 3082 906 3142 keinen
950 3082 1122 3142 Wedekind

1255 3087 1390 3147 Arthur
1415 3087 1598 3147 Schnitzler
1640 3090 1686 3150 ist
1723 3091 1799 3151 auch
1847 3091 1935 3151 einer
1983 3091 2035 3151 der

2084 3093 2181 3153 leicht
2213 3097 2329 3157 dünkte
2354 3097 2403 3157 sich
2434 3097 2483 3157 die
2508 3099 2734 3159 Gesellschaft,
2760 3100 2808 3160 für
2840 3102 2888 3162 die
2920 3103 2950 3163 er

257 3127 422 3187 gegeben,
445 3127 472 3187 ja
501 3130 682 3190 Schnitzler
712 3130 808 3190 selbst
831 3130 933 3190 greift
956 3130 1035 3190 über
1064 3129 1131 3189 die¬

1168 3135 1445 3195 „verbotensten"
1496 3138 1767 3198 österreichischen
1808 3142 1937 3202 Dichter
1983 3142 2038 3202 ge¬

2087 3142 2243 3202 schreiben
2278 3145 2405 3205 mußte,
2446 3145 2585 3205 wirklich
2615 3148 2643 3208 zu
2678 3151 2858 3211 vornehm,
2899 3153 2933 3213 um

253 3175 304 3235 sen
335 3178 525 3238 manchmal
557 3178 623 3238 und
650 3180 819 3240 wiederum
861 3178 1020 3238 blitzartig
1052 3179 1128 3239 weit

1175 3180 1296 3240 wesen.
1335 3185 1479 3245 Immer
1524 3186 1651 3246 wieder
1690 3189 1817 3249 erregte
1846 3189 1878 3249 er
1901 3189 2022 3249 Anstoß

2083 3189 2174 3249 diese
2198 3192 2377 3252 Ketzereien
2436 3193 2470 3253 zu
2500 3195 2690 3255 bemerken.
2731 3196 2818 3256 Aber
2865 3200 2957 3260 diese

256 3222 383 3282 hinaus
437 3225 494 3285 bis
543 3226 574 3286 in
607 3227 654 3287 die
682 3228 819 3288 Gefilde
867 3226 926 3286 der
974 3228 1122 3288 neuesten

1179 3231 1491 3291 Zensurbedenken,
1515 3235 1543 3295 ja
1579 3236 1682 3296 sogar
1712 3238 1903 3298 öffentliche
1938 3239 2035 3299 Maß¬

2083 3240 2297 3300 Gesellschaft
2339 3241 2386 3301 ist
2410 3242 2504 3302 dahin
2565 3245 2629 3305 und
2683 3246 2736 3306 die
2767 3248 2944 3308 Ketzereien

256 3274 489 3334 Sachlichkeit.
506 3276 553 3336 Er
580 3276 628 3336 tut
655 3276 712 3336 das
739 3276 941 3336 namentlich
968 3277 1063 3337 dort,
1080 3277 1127 3337 wo

1171 3280 1348 3340 regelung.
1366 3285 1510 3345 Immer
1539 3284 1660 3344 wieder
1689 3285 1811 3345 bewies
1845 3285 1905 3345 sein
1934 3286 2027 3346 Werk

2090 3286 2153 3346 sind
2182 3290 2378 3350 geblieben.
2419 3291 2471 3351 Im
2512 3294 2714 3354 Gegenteil,
2732 3297 2778 3357 sie
2807 3297 2945 3357 wachfen

256 3321 287 3381 er
315 3323 377 3383 wie
405 3324 436 3384 im
479 3324 653 3384 „Reigen“
686 3326 733 3386 die
760 3327 924 3387 intimsten
962 3325 1024 3385 und
1057 3325 1114 3385 dar

1176 3328 1233 3388 daß
1268 3330 1296 3390 es
1332 3333 1384 3393 sich
1419 3332 1471 3392 ihm
1523 3333 1551 3393 in
1587 3333 1679 3393 jedem
1732 3336 1894 3396 einzelnen
1935 3336 2038 3396 dieser

2082 3336 2167 3396 über
2190 3338 2240 3398 den
2276 3339 2343 3399 Tod
2372 3338 2422 3398 des
2452 3339 2599 3399 Dichters
2628 3343 2752 3403 hinaus
2776 3345 2838 3405 wie
2867 3348 2951 3408 Vor¬

249 3369 296 3429 um
339 3372 391 3432 oft
440 3375 699 3435 ergreifendsten
731 3375 947 3435 Wahrheiten
990 3377 1132 3437 gewagt

1178 3378 1271 3438 Fälle
1300 3380 1360 3440 nur
1389 3380 1427 3440 um
1472 3380 1565 3440 reine
1593 3382 1854 3442 Menschlichkeit
1882 3383 1942 3443 und
1976 3383 2036 3443 nur

2079 3386 2202 3446 zeichen
2236 3386 2300 3446 auf
2323 3388 2414 3448 einem
2459 3389 2577 3449 immer
2611 3391 2680 3451 noch
2713 3393 2870 3453 dunklen,
2893 3395 2957 3455 un¬

254 3419 324 3479 hat,
346 3419 394 3479 die
422 3421 541 3481 freilich
569 3423 628 3483 von
661 3422 715 3482 der
737 3422 937 3482 verblüfften
976 3422 1128 3482 Mitwelt

1168 3424 1212 3484 um
1257 3427 1345 3487 deren
1379 3429 1496 3489 höchste
1524 3431 1590 3491 und
1619 3431 1746 3491 freieste
1775 3434 1896 3494 Moral
1920 3433 2036 3493 gehan¬

2086 3432 2240 3492 gewissen
2297 3436 2362 3496 und
2391 3437 2451 3497 von
2485 3440 2623 3500 allerlei
2646 3441 2739 3501 Spuk
2784 3444 2845 3504 der
2868 3443 2956 3503 Ver¬

257 3467 364 3527 sofort
392 3470 445 3530 als
473 3473 748 3533 Pornographie
798 3473 1008 3533 verleumdet
1036 3473 1127 3533 wur¬

1172 3473 1240 3533 d..
1270 3478 1339 3538 hat.
1363 3479 1548 3539 Vielleicht
1578 3482 1659 3542 wird
1694 3484 1768 3544 man
1810 3482 1867 3542 erst
1897 3482 2035 3542 wirklich

2083 3482 2296 3542 gangenheit
2320 3488 2492 3548 bedrohten
2528 3490 2625 3550 Weg.
2661 3491 2712 3551 Es
2742 3493 2781 3553 ist
2805 3494 2845 3554 ein
2880 3494 2949 3554 ein¬

250 3516 314 3576 den

1166 3522 1254 3582 viel,
1290 3527 1366 3587 viel
1408 3528 1520 3588 später
1568 3533 1673 3593 diesen
1710 3532 2010 3592 „Tendenzdichter

2084 3532 2195 3592 samer
2224 3536 2321 3596 Weg,
2364 3536 2433 3596 wie
2462 3538 2518 3598 der
2547 3539 2623 3599 Weg
2680 3541 2770 3601 aller
2820 3544 2924 3604 große

344 3566 427 3626 Auch
461 3568 521 3628 mit
550 3568 605 3628 dem
650 3572 912 3632 Bürgerdichter
941 3569 1068 3629 stimmt
1096 3572 1123 3632 es

1174 3572 1300 3632 Arthur
1327 3577 1512 3637 Schnitzler
1539 3580 1717 3640 erkennen,
1760 3580 1823 3640 wie
1855 3580 1923 3640 man
1961 3580 2029 3640 auch

2082 3580 2212 3640 Dichter
2263 3583 2330 3643 und
2382 3586 2664 3646 Vorausdenker,
2704 3590 2766 3650 den
2812 3585 2828 3645 Y

250 3613 357 3673 nicht.
379 3616 508 3676 Arthur
541 3617 725 3677 Schnitzler
753 3619 811 3679 hat
845 3619 925 3679 nicht
953 3619 1017 3679 nur
1044 3619 1125 3679 Dir¬

1169 3619 1231 3679 erst
1255 3624 1352 3684 lange
1399 3626 1467 3686 nach
1497 3628 1664 3688 Friedrich
1694 3628 1854 3688 Schillers
1884 3630 1952 3690 Tod
1981 3627 2033 3687 die

2075 3628 2266 3688 Senitzler
2292 3634 2470 3694 seinerzeit
2497 3636 2739 3696 eingeschlagen

249 3662 312 3722 nen
339 3664 402 3724 und
429 3667 598 3727 Soldaten
625 3667 783 3727 schärfer,
799 3667 1010 3727 lebendiger,
1032 3667 1110 3727 über

1172 3670 1297 3730 sittliche
1351 3674 1416 3734 und
1470 3677 1642 3737 politische
1673 3679 1904 3739 Sprengkraft
1953 3678 2035 3738 etwa

2167 3676 2256 3736 Aber
2281 3682 2348 3742 wie
2366 3684 2498 3744 gesagt,
2511 3685 2541 3745 er
2566 3685 2638 3745 war
2657 3682 2668 3742 u

246 3714 441 3774 zeugender
469 3718 664 3778 geschildert
713 3718 765 3778 als
818 3718 940 3778 irgend
993 3716 1040 3776 ein
1078 3717 1125 3777 be¬

1176 3720 1275 3780 seiner
1297 3724 1446 3784 „Kabale
1475 3724 1535 3784 und
1563 3725 1679 3785 Liebe“
1707 3727 1845 3787 erkannt
1868 3727 1939 3787 hat.

2080 3729 2160 3789 Weg
2189 3732 2229 3792 um
2277 3735 2324 3795 ein
2352 3733 2556 3793 gewaltiges

251 3764 393 3824 rufener
423 3767 672 3827 Vollsdichter,
714 3770 749 3830 er
774 3770 850 3830 hat,
893 3769 940 3829 als
976 3769 1005 3829 er
1030 3769 1123 3829 jenes

1247 3772 1376 3832 Arthur
1406 3778 1608 3838 Schnitzler,
1645 3781 1702 3841 der
1753 3781 1926 3841 angeblich
1956 3779 2034 3839 zeit¬
