3248 4384
220 306 326 366 2.

381 334 972 394 Schnitzler's
1042 362 1267 422 Death

1480 378 1611 438 box
1698 394 1883 454 43/8

848 1256 923 1316 Dr.
940 1259 1102 1319 Gräsler,
1119 1268 1308 1328 Badearzt,
1331 1272 1433 1332 wohl
1450 1277 1628 1337 sämtliche
1655 1285 1861 1345 Ärztetypen
1894 1297 2121 1357 aufgegriffen
2154 1303 2261 1363 hatte,

857 1308 925 1368 jede
957 1309 1093 1369 kleinste
1126 1317 1367 1377 Klinikintrige
1399 1326 1541 1386 kannte,
1562 1330 1678 1390 rettete
1705 1334 1767 1394 sich
1799 1338 1825 1398 in
1857 1340 1920 1400 das
1947 1345 2109 1405 Hohelied
2147 1351 2251 1411 reiner

848 1356 1053 1416 Dichtung,
1075 1360 1128 1420 bis
1156 1363 1209 1423 ihn
1248 1366 1307 1426 der
1335 1372 1469 1432 Freitod
1508 1375 1561 1435 des
1594 1381 1680 1441 über
1708 1384 1788 1444 alles
1822 1389 1988 1449 geliebten
2027 1398 2156 1458 Kindes
2189 1402 2242 1462 den

843 1405 1044 1465 Dolchstoß
1082 1409 1172 1469 gab.
1193 1415 1299 1475 Einst
1321 1421 1458 1481 schrieb
1496 1423 1527 1483 er
1560 1428 1650 1488 einen
1688 1434 1815 1494 kleinen
1852 1442 2038 1502 Einakter,
2059 1446 2112 1506 wo
2150 1450 2255 1510 Adele

848 1455 1048 1515 Sandrock,
1069 1462 1203 1522 damals
1234 1467 1311 1527 jung
1347 1471 1409 1531 und
1446 1478 1646 1538 strahlend,
1667 1482 1729 1542 mit
1755 1486 1811 1546 dem
1858 1492 2022 1552 Freunde
2049 1494 2115 1554 vor
2141 1499 2228 1559 einem

849 1505 1015 1565 Gemälde
1048 1509 1161 1569 stehen
1199 1515 1312 1575 bleibt
1339 1519 1403 1579 und
1442 1525 1657 1585 erbleichend
1695 1535 1808 1595 fragt:
1841 1541 2050 1601 „Entsinnst
2078 1547 2115 1607 du
2153 1550 2250 1610 dich,

843 1552 1032 1612 Ramiro?“
1064 1561 1223 1621 Ramiro,
1244 1565 1279 1625 an
1311 1566 1366 1626 der
1393 1571 1562 1631 Schwelle
1588 1577 1644 1637 des
1670 1584 2024 1644 Patriarchenalters,
2046 1594 2137 1654 hatte
2164 1598 2245 1658 voll¬

841 1602 902 1662 auf
923 1604 1000 1664 Zeit
1021 1606 1082 1666 sich
1114 1611 1149 1671 zu
1181 1614 1381 1674 entsinnen,
1402 1620 1463 1680 daß
1495 1624 1576 1684 alles
1603 1627 1654 1687 ihm
1695 1633 1875 1693 entglitten
1906 1640 1998 1700 war,
2014 1644 2086 1704 was
2112 1646 2220 1706 seinem

843 1651 971 1711 Herzen
1002 1655 1099 1715 teuer
1121 1659 1305 1719 gewesen,
1327 1668 1393 1728 und
1425 1670 1486 1730 daß
1522 1675 1578 1735 das
1605 1679 1723 1739 Land,
1744 1683 1815 1743 was
1842 1686 1877 1746 er
1898 1688 1949 1748 als
1975 1692 2140 1752 Dichter,
2156 1698 2243 1758 Arzt

840 1701 904 1761 und
940 1704 1080 1764 Mensch
1116 1710 1240 1770 immer
1266 1714 1396 1774 wieder
1437 1719 1472 1779 zu
1507 1725 1673 1785 beackern
1713 1732 1784 1792 sich
1819 1736 1979 1796 bemühte
2025 1740 2040 1800 —
2106 1744 2155 1804 ein
2196 1747 2235 1807 zu

832 1751 959 1811 weites
986 1754 1081 1814 Land
1119 1759 1182 1819 ist.

1246 1923 1362 1983 Der
1405 1936 1815 1996 Scheinwerfer

1346 2000 1413 2060 Von
1447 2005 1530 2065 Lenz
1560 2011 1722 2071 Grabner

916 2062 975 2122 Als
1003 2067 1111 2127 wären
1145 2071 1177 2131 es
1200 2079 1536 2139 Luftspiegelungen
1570 2090 1754 2150 gewesen,
1771 2095 1825 2155 die
1853 2099 1917 2159 uns
1940 2106 2125 2166 zwingen,
2147 2110 2228 2170 liegt

828 2119 881 2179 die
908 2124 1026 2184 nackte
1059 2131 1210 2191 Realität
1232 2136 1372 2196 sinnlos
1405 2140 1426 2200 im
1475 2146 1593 2206 Lichte
1626 2151 1766 2211 unserer
1799 2158 2008 2218 Gedanken.
2031 2164 2089 2224 Ein
2122 2167 2229 2227 Zerr¬

826 2181 976 2241 spiegel,
993 2184 1051 2244 der
1079 2189 1137 2249 zur
1160 2195 1418 2255 Nachahmung
1451 2203 1575 2263 reizte,
1591 2207 1704 2267 gebar
1726 2212 1785 2272 das
1807 2216 1925 2276 System
1963 2223 2113 2283 falscher
2135 2226 2226 2286 Vor-

821 2241 1018 2301 stellungen
1057 2246 1117 2306 und
1156 2253 1413 2313 Erfüllungen.

912 2378 988 2438 Man
1022 2382 1148 2442 glaube
1183 2389 1265 2449 aber
1293 2392 1315 2452 ja
1349 2397 1459 2457 nicht,
1482 2402 1542 2462 daß
1576 2404 1652 2464 man
1686 2411 2018 2471 Luftspiegelungen
2052 2422 2112 2482 mit
2140 2425 2195 2485 dem

799 2435 974 2495 Hammer
1005 2444 1260 2504 zertrümmern
1296 2454 1430 2514 könne.

902 2574 1000 2634 Auch
1036 2582 1165 2642 glaube
1197 2587 1270 2647 man
1306 2590 1420 2650 nicht,
1446 2594 1508 2654 daß
1545 2598 1602 2658 die
1633 2603 1824 2663 Menschen
1861 2608 1965 2668 heute
1996 2614 2105 2674 schon
2141 2617 2208 2677 von

800 2630 895 2690 ihrer
927 2633 1054 2693 Hände
1086 2640 1212 2700 Arbeit
1240 2646 1361 2706 leben.
1388 2653 1514 2713 Arbeit
1547 2655 1588 2715 ist
1621 2660 1694 2720 eine
1727 2663 1763 2723 so
1801 2666 1890 2726 feine
1928 2671 1991 2731 und
2028 2674 2107 2734 tiefe
2145 2677 2208 2737 Be¬

800 2691 946 2751 ziehung
985 2694 1049 2754 zur
1077 2698 1185 2758 Welt,
1207 2702 1266 2762 daß
1305 2705 1353 2765 sie
1381 2708 1440 2768 der
1468 2715 1673 2775 Brutalität,
1696 2723 1820 2783 womit
1848 2728 1923 2788 man
1962 2732 2021 2792 den
2054 2736 2205 2796 Hunger

795 2749 821 2809 in
854 2749 901 2809 die
929 2752 1019 2812 Welt
1041 2756 1147 2816 setzt,
1164 2763 1243 2823 kaum
1287 2769 1505 2829 standhalten
1532 2776 1644 2836 kann.

886 2880 954 2940 Die
976 2886 1113 2946 großen
1146 2896 1383 2956 siegreichen,
1405 2901 1463 2961 das
1490 2907 1675 2967 Schicksal
1697 2911 1754 2971 der
1781 2918 1971 2978 Menschen
2009 2926 2199 2986 gestalten¬

793 2937 854 2997 den
896 2942 962 3002 und
999 2948 1277 3008 bestimmenden
1319 2960 1524 3020 Annahmen
1561 2969 1720 3029 gleichen
1757 2975 1905 3035 Sieben,
1932 2980 1988 3040 die
2020 2982 2055 3042 so
2097 2984 2184 3044 groß

792 2998 889 3058 sind,
911 3002 970 3062 daß
1008 3004 1072 3064 alle
1094 3007 1191 3067 Platz
1218 3014 1352 3074 haben.
1375 3017 1444 3077 Das
1477 3025 1720 3085 Wunderbare
1747 3031 1828 3091 aber
1855 3035 1914 3095 ist,
1936 3039 1995 3099 daß
2028 3040 2087 3100 alle
2114 3044 2194 3104 hin¬

788 3054 893 3114 durch
926 3061 1063 3121 müssen
1101 3066 1163 3126 und
1196 3069 1254 3129 daß
1297 3071 1338 3131 sie
1371 3073 1402 3133 so
1434 3077 1513 3137 sehr
1541 3080 1598 3140 aus
1630 3086 1688 3146 der
1715 3088 1794 3148 Luft
1821 3094 1980 3154 gebildet
2002 3100 2101 3160 sind,
2123 3104 2180 3164 daß

788 3113 854 3173 wir
881 3115 1045 3175 ersticken
1082 3125 1251 3185 würden,
1272 3134 1364 3194 wäre
1396 3137 1493 3197 nicht
1520 3139 1581 3199 das
1607 3143 1720 3203 ewige
1752 3152 1900 3212 Gefühl,
1922 3158 2091 3218 wodurch
2128 3164 2189 3224 wir

782 3173 895 3233 atmen
932 3178 999 3238 und
1036 3182 1159 3242 leben.

878 3312 967 3372 Gott
989 3318 1115 3378 glaubt
1137 3325 1168 3385 an
1206 3328 1285 3388 uns.
1301 3330 1374 3390 Das
1402 3333 1443 3393 ist
1465 3334 1517 3394 die
1545 3345 1882 3405 Unzulänglichkeit
1910 3352 2046 3412 unseres
2073 3358 2183 3418 Glau¬

770 3373 859 3433 bens
885 3375 949 3435 und
980 3379 1125 3439 unseres
1150 3387 1405 3447 Unglaubens.

1172 3525 1465 3585 Dehnbarkeit
1497 3532 1566 3592 des
1610 3538 1766 3598 Silbers

857 3572 909 3632 Die
936 3576 1157 3636 Dehnbarkeit
1180 3583 1233 3643 des
1264 3588 1379 3648 Silbers
1406 3591 1450 3651 ist
1473 3593 1503 3653 so
1530 3597 1622 3657 groß,
1645 3600 1698 3660 daß
1730 3602 1795 3662 man
1827 3607 1942 3667 Drähte
1969 3612 2021 3672 von
2053 3614 2176 3674 solcher

763 3620 903 3680 Feinheit
921 3625 1084 3685 herstellen
1112 3632 1208 3692 kann,
1226 3635 1283 3695 daß
1314 3637 1327 3697 2
1345 3642 1513 3702 Kilometer
1535 3646 1588 3706 des
1610 3650 1742 3710 Drahtes
1764 3654 1817 3714 nur
1840 3658 1989 3718 ungefähr
2016 3663 2029 3723 1
2047 3665 2157 3725 Gramm

764 3672 907 3732 wiegen.
