3392 4352
217 324 286 384 2.

358 332 942 392 Schnitzler's
1012 336 1244 396 Deatl

1457 339 1584 399 box
1667 345 1899 405 43/17

919 961 1633 1021 OBSERVER

1006 1022 1028 1082 1.
1045 1022 1162 1082 österr.
1176 1022 1327 1082 behördl.
1341 1019 1639 1079 konzessioniertes

961 1064 1199 1124 Unternehmen
1226 1061 1274 1121 für
1301 1061 1680 1121 Zeitungs-Ausschnitte

1272 1121 1552 1181 WOLLZEILE
1598 1121 1636 1181 11

1011 1119 1161 1179 WIEN,
1194 1125 1238 1185 I.,

1105 1173 1326 1233 TELEPHON
1364 1171 1538 1231 R-23-0-43

904 1315 1132 1375 Ausschnitt
1159 1313 1248 1373 aus:

1220 1369 1291 1429 The
1324 1377 1450 1437 Vienna
1483 1375 1625 1435 Herald,
1650 1371 1745 1431 Wien

1322 1533 1337 1593 3
1364 1533 1414 1593 0.
1441 1527 1560 1587 OKT.
1578 1524 1645 1584 193

910 1539 1027 1599 vom:

748 1680 2248 1740 FAMOUSAUSTRIANDRAMATIST

761 1797 1214 1857 MOURNED
1307 1790 1409 1850 BY
1489 1798 1825 1858 WHOLE
1905 1802 2241 1862 WORLD

805 1927 991 1987 ARTUR
1056 1930 1476 1990 SCIINITZLERS
1530 1927 1861 1987 PROFOUND
1925 1931 2219 1991 ANALYSIS

788 2001 875 2061 Last
891 1998 989 2058 weck
1021 2001 1072 2061 the
1098 2001 1382 2061 world-famous
1403 2001 1496 2061 Aus-

1538 1998 1603 2058 was
1636 2001 1729 2061 often
1772 2001 1959 2061 repellent
1988 2004 2015 2064 to
2054 2003 2170 2063 some.
2213 2001 2287 2061 The

722 2051 811 2111 irian
849 2052 1048 2112 dramatist
1077 2052 1138 2112 and
1177 2052 1356 2112 novelist.
1380 2052 1493 2112 Artur

1532 2052 1603 2112 lact
1628 2053 1675 2113 is.
1695 2053 1733 2113 he
1768 2052 1882 2112 never
1907 2055 2055 2115 shirked
2094 2055 2147 2115 the
2181 2055 2291 2115 bitter

728 2103 950 2163 Schnitzler,
990 2103 1071 2163 died
1111 2103 1154 2163 of
1183 2103 1197 2163 a
1236 2103 1493 2163 heart-stroke

1533 2103 1621 2163 truth
1666 2103 1732 2163 nor
1763 2103 1851 2163 even
1891 2105 1949 2165 the
1985 2106 2108 2166 seamy
2144 2105 2219 2165 side
2254 2106 2294 2166 of

728 2152 834 2212 while
882 2153 1008 2213 sitting
1052 2154 1090 2214 at
1124 2152 1182 2212 his
1216 2153 1476 2213 writing-desk

1532 2152 1714 2212 existence
1751 2153 1778 2213 in
1815 2156 2002 2216 depieting
2039 2155 2094 2215 the
2131 2154 2295 2214 comédie

738 2201 810 2261 just
833 2201 874 2261 as
902 2201 938 2261 he
975 2201 1093 2261 would
1131 2201 1221 2261 have
1254 2199 1473 2259 preferred-

1531 2204 1727 2264 humaine.

726 2254 838 2314 active
872 2254 966 2314 until
985 2252 1041 2312 the
1075 2255 1159 2315 last.
1174 2253 1413 2313 Schnitzlers
1438 2251 1494 2311 re-

1571 2249 1623 2309 On
1657 2254 1714 2314 the
1749 2254 1853 2314 other
1883 2257 1997 2317 hand,
2017 2255 2050 2315 to
2079 2255 2180 2315 those
2209 2255 2285 2315 who

727 2305 916 2365 putation,
938 2303 1088 2363 indeed,
1106 2304 1294 2364 embraces
1317 2303 1385 2363 two
1411 2303 1497 2363 con-

1525 2303 1622 2363 know
1676 2303 1738 2363 him
1797 2306 1903 2366 well,
1934 2306 1974 2366 he
2023 2306 2098 2366 was
2139 2306 2152 2366 a
2201 2306 2294 2366 most

726 2354 885 2414 tinents.
909 2353 975 2413 and
1013 2353 1055 2413 he
1084 2353 1112 2413 is
1140 2353 1177 2413 as
1206 2352 1342 2412 widely
1381 2350 1488 2410 loved

1532 2353 1732 2413 endearing
1761 2356 1826 2416 and
1859 2354 2003 2414 lovable
2047 2356 2298 2416 personality.

722 2404 783 2464 and
826 2404 906 2464 will
930 2404 973 2464 be
1006 2404 1043 2464 as
1073 2404 1210 2464 deeply
1243 2404 1423 2464 mourned
1461 2403 1489 2463 in

1527 2405 1585 2465 and
1629 2404 1682 2464 his
1716 2406 1798 2466 real
1823 2407 1973 2467 charm,
2012 2407 2128 2467 which
2177 2407 2298 2467 might

728 2456 890 2516 England
920 2455 984 2515 and
1015 2455 1073 2515 the
1098 2453 1226 2513 United
1257 2454 1379 2514 States
1399 2452 1433 2512 as
1459 2452 1487 2512 in

1528 2455 1616 2515 have
1649 2455 1738 2515 been
1771 2455 1883 2515 called
1917 2457 1972 2517 the
2006 2455 2150 2515 essence
2179 2454 2221 2514 of
2245 2457 2300 2517 all

1408 2504 1479 2564 and

732 2506 1099 2566 German-speaking
1168 2506 1360 2566 countries

1533 2505 1652 2565 things
1688 2506 1886 2566 Viennese,
1909 2506 1983 2566 was
2015 2508 2169 2568 evident
2196 2507 2283 2567 even

1527 2556 1617 2616 upon
1674 2556 1824 2616 shorter
1872 2556 2165 2616 acquaintance.
2209 2556 2286 2616 And

1533 2607 1780 2667 undeniably,
1809 2607 1864 2667 his
1907 2607 2103 2667 greatuess
2141 2607 2177 2667 of
2211 2607 2294 2667 soul

1532 2658 1590 2718 and
1623 2658 1831 2718 generosity
1863 2659 1899 2719 of
1918 2658 2131 2718 character,
2150 2658 2286 2718 despite

1526 2706 1584 2766 the
1613 2706 1748 2766 caustie
1777 2709 1855 2769 form
1899 2707 1927 2767 in
1962 2709 2073 2769 which
2107 2709 2164 2769 his
2189 2709 2295 2769 plays

1532 2755 1620 2815 were
1647 2757 1739 2817 cast,
1757 2759 1841 2819 have
1868 2759 1956 2819 been
1983 2759 2209 2819 responsible
2240 2759 2293 2819 for

1531 2807 1673 2867 making
1704 2807 1757 2867 his
1784 2807 1904 2867 works
1931 2809 1939 2869 a
1971 2807 2193 2867 memorable
2224 2810 2286 2870 and

1526 2858 1657 2918 lasting
1685 2858 1930 2918 contribution
1962 2858 1989 2918 to
2016 2858 2070 2918 the
2094 2858 2289 2918 literature

1527 2908 1566 2968 of
1586 2906 1644 2966 the
1673 2909 1765 2969 age.

1571 2956 1664 3016 Born
1705 2956 1784 3016 1862
1819 2957 1848 3017 in
1888 2959 2046 3019 Vienna,
2071 2959 2130 3019 the
2161 2957 2220 3017 son
2260 2958 2298 3018 of

1527 3004 1582 3064 the
1615 3005 1854 3065 well-known
1897 3008 2074 3068 Viennese
2117 3007 2294 3067 laryngo-

1523 3055 1650 3115 logist.
1676 3058 1869 3118 Professor
1900 3058 2043 3118 Johann
2079 3058 2303 3118 Schnitzler,

1532 3109 1583 3169 the
1634 3107 1755 3167 young
1802 3109 2016 3169 Schnitzler
2063 3109 2137 3169 was
2180 3109 2287 3169 carly

1532 3156 1690 3216 brought
1738 3158 1812 3218 into
1873 3158 2027 3218 contact
2080 3159 2168 3219 with
2229 3159 2289 3219 the

1525 3208 1667 3268 lamous
1697 3207 1836 3267 actors,
1862 3209 2009 3269 writers
2043 3209 2106 3269 and
2149 3207 2295 3267 singers

1528 3254 1604 3314 who
1668 3255 1889 3315 frequented
1957 3255 2019 3315 the
2077 3258 2294 3318 Schnitzler

1517 3306 1639 3366 salon.
1654 3306 1702 3366 Ile
1732 3306 1888 3366 dabbled
1918 3306 1941 3366 in
1971 3306 2190 3366 literature,
2206 3306 2283 3366 then

1527 3356 1665 3416 studied
1701 3359 1883 3419 medicine
1929 3359 1991 3419 and
2040 3359 2187 3419 became
2232 3358 2289 3418 the

1522 3407 1700 3467 assistant
1723 3408 1764 3468 of
1787 3409 1842 3469 his
1865 3407 2011 3467 father.
2030 3409 2139 3469 Later
2163 3408 2226 3468 on,
2250 3410 2286 3470 he

728 3454 959 3514 throughout
988 3456 1152 3516 Europe.
1196 3458 1344 3518 Almost
1379 3460 1431 3520 all
1456 3458 1494 3518 ol

1532 3458 1682 3518 cnlisted
1723 3458 1758 3518 as
1790 3458 1802 3518 a
1843 3459 2069 3519 regimental
2096 3458 2292 3518 physician

727 3504 783 3564 his
813 3506 934 3566 major
969 3507 1090 3567 works
1125 3507 1215 3567 have
1250 3507 1337 3567 been
1376 3508 1501 3568 trans-

1531 3506 1561 3566 in
1596 3507 1651 3567 the
1690 3506 1836 3566 reserve
1871 3509 1996 3569 army,
2022 3509 2090 3569 but
2117 3509 2189 3569 was
2220 3509 2297 3569 dis-

1533 3557 1683 3617 charged
1728 3556 1802 3616 from
1856 3556 1912 3616 the
1953 3556 2089 3616 service
2138 3556 2177 3616 on
2231 3559 2288 3619 the

728 3554 815 3614 lated
854 3556 926 3616 into
961 3556 1135 3616 English,
1154 3559 1222 3619 and
1256 3559 1362 3619 there
1392 3559 1420 3619 is
1450 3558 1488 3618 no

722 3604 850 3664 douht
870 3607 943 3667 that
963 3607 997 3667 he
1022 3606 1085 3666 has
1106 3608 1307 3668 influenced
1332 3607 1385 3667 the
1406 3609 1498 3669 Eng-

1534 3609 1759 3669 publication
1827 3607 1870 3667 of
1933 3607 1990 3667 his
2044 3607 2298 3667 Lieutenant

1529 3655 1674 3715 Gustl".
1704 3658 1733 3718 in
1772 3658 1888 3718 which
1932 3658 1970 3718 he
2010 3658 2097 3718 drew
2146 3658 2160 3718 a
2199 3658 2291 3718 very

730 3657 998 3717 lish-speaking
1053 3658 1153 3718 stage
1204 3658 1244 3718 as
1290 3661 1335 3721 no
1386 3661 1494 3721 other

1531 3707 1893 3767 uncomplimentary
1920 3708 2058 3768 pieture
2084 3707 2122 3767 of
2140 3706 2179 3766 an
2205 3706 2299 3766 Aus-

731 3707 869 3767 lorcign
909 3706 1108 3766 dramatist
1139 3711 1234 3771 since
1269 3709 1394 3769 Ibsen.

1534 3756 1626 3816 trian
1661 3757 1820 3817 officer.

775 3754 866 3814 With
895 3757 904 3817 a
933 3759 1014 3819 deep
1044 3759 1182 3819 insight
1202 3759 1273 3819 into
1298 3759 1350 3819 the
1379 3759 1499 3819 seeret

1578 3806 1666 3866 From
1722 3807 1792 3867 this
1830 3809 1914 3869 time
1956 3807 2017 3867 on,
2050 3807 2092 3867 he
2130 3807 2283 3867 devoted

727 3804 883 3864 recesses
905 3806 944 3866 of
962 3807 1017 3867 the
1044 3810 1174 3870 human
1200 3807 1286 3867 soul
1304 3810 1369 3870 and
1400 3810 1499 3870 what

1533 3858 1684 3918 himself
1712 3857 1943 3917 exclusively
1982 3858 2014 3918 to
2052 3857 2109 3917 the
2147 3858 2293 3918 writing

726 3858 785 3918 are
815 3857 928 3917 called
964 3858 1167 3918 "profound
1212 3858 1474 3918 psychologica

1528 3906 1566 3966 of
1586 3906 1715 3966 novels
1740 3906 1801 3966 and
1826 3906 1955 3966 plays,
1970 3906 2080 3966 which
2105 3904 2287 3964 appeared

733 3906 920 3966 problems
945 3906 958 3966 .
1012 3906 1189 3966 touching
1267 3908 1487 3968 unerringly

1534 3956 1656 4016 within
1706 3958 1811 4018 rapid
1861 3953 2066 4013 succession
2122 3953 2162 4013 of
2199 3954 2285 4014 cach

731 3956 824 4016 upon
860 3956 917 4016 the
954 3958 1206 4018 mainsprings
1233 3959 1272 4019 ol
1300 3958 1495 4018 charactel

1528 4007 1653 4067 other,
1678 4009 1831 4069 carning
1879 4007 1935 4067 him
1991 4007 2010 4067 a
2057 4007 2291 4067 world-wide

729 4005 794 4065 and
835 4007 991 4067 motive,
1012 4007 1052 4067 he
1088 4010 1281 4070 displayed
1317 4010 1331 4070 a
1367 4008 1498 4068 power

1533 4058 1772 4118 reputation.

733 4058 767 4118 of
792 4058 895 4118 irony
925 4058 988 4118 and
1018 4058 1155 4118 drastie
1181 4061 1347 4121 analysis
1372 4058 1485 4118 which
