3436 4320
209 265 326 325 12.
386 271 875 331 Schnitzler
945 271 974 331 s
1044 273 1268 333 Death

346 1596 705 1656 Rrichviesorin,
727 1603 835 1663 wovei
858 1606 998 1666 Geßier,
1026 1610 1080 1670 wie
1113 1610 1145 1670 es
1178 1613 1248 1673 ver¬

351 1681 528 1741 vorgestern
572 1683 643 1743 noch
682 1688 768 1748 einer
807 1692 1023 1752 Aufführung
1062 1697 1090 1757 im
1139 1700 1254 1760 Burg¬

349 1718 471 1778 theater
504 1721 558 1781 bei
590 1723 654 1783 und
691 1727 809 1787 machte
845 1730 959 1790 gestern
1000 1736 1177 1796 vormittag
1219 1739 1245 1799 in

352 1757 452 1817 voller
486 1762 610 1822 Frische
644 1764 744 1824 seinen
778 1769 964 1829 gewohnten
1008 1778 1252 1838 Spaziergang,

350 1793 389 1853 Zu
424 1799 561 1859 seinem,
577 1799 631 1859 70.
646 1804 852 1864 Geburtstag
883 1811 907 1871 im
946 1813 1114 1873 Frühjahr
1139 1816 1242 1876 waren

345 1834 463 1894 bereits
488 1836 581 1896 große
606 1842 887 1902 Vorbereitungen
917 1848 946 1908 in
977 1849 1060 1909 Wien
1090 1852 1238 1912 getroffen

348 1873 496 1933 worden.
525 1879 731 1939 Bekanntlich
765 1882 803 1942 ist
827 1885 1019 1945 Schnitzlers
1048 1890 1177 1950 Tochter
1206 1891 1230 1951 im

351 1909 493 1969 Vorjahr
523 1915 552 1975 in
587 1918 719 1978 Italien
754 1923 916 1983 freiwillig
951 1926 1010 1986 aus
1045 1927 1098 1987 dem
1143 1930 1241 1990 Leben

342 1950 514 2010 geschieden
554 1954 617 2014 und
648 1954 706 2014 seit
736 1960 834 2020 dieser
864 1963 937 2023 Zeit
968 1966 1080 2026 konnte
1111 1970 1159 2030 sich
1194 1970 1242 2030 der

350 1990 472 2050 Dichter
499 1993 578 2053 nicht
605 1997 695 2057 mehr
722 1999 817 2059 völlig
844 2003 998 2063 erholen.

424 2115 685 2175 Cowards
747 2126 1158 2186 „Intimitäien"

413 2193 493 2253 Else
526 2198 736 2258 Eckersberg
774 2205 843 2265 und
874 2205 961 2265 Otio
999 2208 1148 2268 Gebühr

587 2243 610 2303 im
665 2252 973 2312 Schauspielhaus

377 2309 492 2369 Bruno
523 2310 629 2370 Frank
650 2312 704 2372 hat
725 2313 770 2373 die
796 2316 887 2376 Posse
907 2319 962 2379 von
994 2321 1135 2381 Coward
1160 2322 1235 2382 recht

331 2348 474 2408 lebendig
523 2349 575 2409 ins
613 2353 761 2413 Deutsche
796 2357 1016 2417 übertragen,
1050 2363 1231 2423 Francesco

334 2387 363 2447 v.
388 2387 624 2447 Mendelssohn
660 2392 718 2452 hat
743 2394 782 2454 sie
813 2396 925 2456 ebenso
956 2399 1098 2459 lebendig
1133 2399 1235 2459 insze¬

323 2425 426 2485 niert,
467 2426 540 2486 Else
570 2428 777 2488 Eckersberg,
817 2433 895 2493 Otto
931 2436 1088 2496 Gebühr,
1118 2437 1167 2497 O.
1192 2438 1236 2498 E.

330 2464 425 2524 Hasse
466 2464 526 2524 und
562 2467 678 2527 Maria
714 2470 784 2530 Byk
820 2473 916 2533 haben
957 2476 996 2536 sie
1038 2479 1098 2539 mit
1124 2479 1214 2539 tollem

330 2503 514 2563 Uebermut
539 2506 693 2566 gespielt.

363 2554 433 2614 Von
469 2557 554 2617 einem
605 2563 817 2623 geschiedenen
853 2566 1004 2626 Ehepaar
1040 2569 1130 2629 gerät
1156 2567 1216 2627 sie

319 2593 364 2653 die
394 2598 563 2658 Amanda,
583 2599 617 2659 an
653 2600 697 2660 ein
733 2603 892 2663 Bähschaf
917 2605 972 2665 von
1007 2608 1136 2668 Mann,
1156 2607 1230 2667 Vik¬

321 2634 373 2694 tor
398 2634 566 2694 geheißen,
586 2637 648 2697 er,
668 2637 716 2697 der
745 2639 889 2699 Bennet,
909 2643 942 2703 an
976 2645 1019 2705 ein
1048 2646 1211 2706 Bählamm

327 2671 381 2731 von
421 2675 603 2735 Weibchen,
628 2676 682 2736 das
722 2679 770 2739 sich
811 2682 914 2742 Sibyl
944 2685 1087 2745 schreibt.
1127 2685 1224 2745 Beide

320 2712 570 2772 neugebackenen
611 2718 780 2778 Ehepaare
812 2721 925 2781 machen
966 2721 1012 2781 die
1044 2724 1225 2784 Hochzeits¬

325 2750 401 2810 reise
435 2754 506 2814 nach
550 2754 735 2814 Trouville.
775 2757 836 2817 Die
875 2760 1023 2820 Amanda
1067 2763 1128 2823 und
1167 2763 1219 2823 der

323 2790 455 2850 Bennet
481 2793 673 2853 langweilen
708 2796 751 2856 sich
787 2796 855 2856 nach
880 2799 1008 2859 Noten.
1033 2802 1229 2862 Nachtigall,

322 2826 359 2886 ick
378 2829 452 2889 bör'
467 2829 513 2889 dir
537 2829 667 2889 loofen!
695 2835 840 2895 Amanda
868 2838 989 2898 brennt
1013 2839 1073 2899 mit
1092 2840 1222 2900 Bennet

325 2867 391 2927 nach
420 2867 520 2927 Paris
545 2870 655 2930 durch.
684 2872 755 2932 Das
785 2873 851 2933 war
875 2875 923 2935 der
953 2876 1028 2936 erste
1053 2878 1124 2938 Akt.
1153 2879 1220 2939 Der

315 2906 424 2966 zweite
459 2905 532 2965 läßt
568 2909 631 2969 uns
676 2912 948 2972 Umarmungen,
993 2918 1101 2978 Zank,
1136 2917 1219 2977 Bal¬

317 2945 442 3005 gereien
476 2947 615 3007 zwischen
649 2948 699 3008 der
728 2949 872 3009 Amanda
905 2954 966 3014 und
999 2954 1050 3014 dem
1093 2957 1218 3017 Bennet

320 2984 423 3044 sehen.
454 2984 497 3044 In
532 2986 586 3046 das
622 2986 715 3046 wilde
740 2989 887 3049 Geräufe
913 2991 967 3051 der
1002 2996 1189 3056 „Liebenden

323 3023 477 3083 (Amanda
516 3023 573 3083 und
607 3026 761 3086 Bennet)
781 3029 891 3089 platzen
925 3032 1007 3092 ganz
1036 3035 1147 3095 zuletzt
1171 3033 1219 3093 die

317 3057 420 3117 beiden
455 3061 567 3121 Schafe
587 3064 714 3124 hinein.
744 3067 817 3127 Nun
847 3067 856 3127 —
901 3070 964 3130 und
994 3070 1048 3130 wie
1073 3073 1146 3133 geht
1171 3073 1214 3133 die

315 3098 483 3158 Geschichte
513 3100 661 3160 hinaus?
700 3103 762 3163 Die
796 3104 897 3164 beiden
941 3110 1185 3170 „romantischen

320 3139 428 3199 Schafe
458 3139 581 3199 bleiben
622 3142 749 3202 blökend
785 3145 907 3205 zurück.
947 3148 1006 3208 Die
1042 3151 1144 3211 beiden
1180 3149 1208 3209 in

315 3176 369 3236 der
399 3178 546 3238 ehelichen
591 3179 654 3239 und
689 3183 841 3243 sonstigen
881 3185 974 3245 Liebe
1005 3190 1206 3250 Erfahrenen

315 3216 478 3276 verziehen
513 3220 557 3280 sich
588 3220 824 3280 miteinander.

358 3265 419 3325 Das
446 3269 528 3329 Ding
560 3267 596 3327 ist
617 3268 710 3328 dreist
731 3272 793 3332 und
820 3275 933 3335 drollig
959 3279 1115 3339 gemacht.
1141 3281 1213 3341 Fast

310 3307 357 3367 ein
394 3308 618 3368 travestierter
651 3312 875 3372 Strindberg.
913 3315 988 3375 Else
1021 3318 1202 3378 Eckersberg

308 3346 387 3406 focht
426 3347 477 3407 den
524 3348 707 3408 Kleinkrieg
750 3350 802 3410 des
845 3351 976 3411 Weibes
1015 3357 1084 3417 nach
1127 3359 1202 3419 allen

310 3384 431 3444 Regeln
464 3384 519 3444 der
548 3387 655 3447 Kunst
674 3390 786 3450 durch.
819 3393 907 3453 Diese
940 3394 1084 3454 Amanda
1122 3398 1205 3458 hatte

309 3425 504 3485 wahrhaftig
547 3423 597 3483 den
640 3427 756 3487 Teufel
793 3429 821 3489 im
873 3431 979 3491 Leibe.
1021 3435 1207 3495 Bewunde¬

310 3464 549 3524 rungswürdig
593 3465 659 3525 war
703 3466 769 3526 ihre
813 3470 1129 3530 Unerschöpflichkeit
1163 3473 1191 3533 im

315 3506 583 3566 Herausarbeiten
616 3506 665 3566 der
689 3509 857 3569 neaativen
885 3512 1057 3572 weiblichen
1090 3513 1207 3573 Eigen¬

1498 273 1624 333 box
1697 279 1887 339 42/7

1353 1620 1576 1680 Beylendorf;

1310 1706 1457 1766 schaften,
1477 1706 1540 1766 ihre
1566 1713 1747 1773 sprühende
1767 1721 1984 1781 Lebendigkeit
1999 1723 2057 1783 wie
2072 1725 2136 1785 ihre
2156 1727 2204 1787 nie

1308 1742 1499 1802 versagende
1528 1754 1825 1814 Schlagfertigkeit.
1859 1757 1935 1817 Otto
1969 1763 2127 1823 Gebühr,
2152 1765 2199 1825 der

1307 1781 1477 1841 „glücklich“
1524 1788 1664 1848 liebende
1695 1793 1846 1853 Bennet,
1877 1801 2063 1861 handhabte
2094 1805 2204 1865 Wort,

1306 1819 1387 1879 Witz
1406 1821 1468 1881 und
1492 1823 1626 1883 Schläge
1655 1827 1712 1887 mit
1736 1833 1889 1893 trockenem
1928 1838 2075 1898 Humor.
2100 1840 2147 1900 O.
2162 1843 2204 1903 E.

1308 1858 1396 1918 Hasse
1421 1861 1503 1921 hatte
1529 1862 1582 1922 das
1612 1865 1680 1925 oben
1715 1872 1877 1932 erwähnte
1907 1875 2063 1935 Bähschaf
2084 1879 2195 1939 Viktor

1302 1897 1335 1957 zu
1374 1900 1484 1960 spielen
1523 1901 1579 1961 und
1618 1904 1666 1964 tat
1696 1906 1724 1966 es
1758 1908 1819 1968 mit
1845 1912 2046 1972 philiströser
2080 1919 2204 1979 Komik.

1304 1935 1408 1995 Maria
1438 1939 1507 1999 Byk
1537 1941 1621 2001 hatte
1652 1945 1701 2005 sich
1731 1947 1780 2007 als
1811 1948 1914 2008 Sibyl
1940 1954 2019 2014 dicht
2049 1956 2073 2016 in
2109 1959 2202 2019 däm¬

1302 1975 1373 2035 liche
1403 1978 1582 2038 Romantik
1611 1983 1827 2043 eingenebelt.

1347 2028 1399 2088 Die
1426 2031 1680 2091 „Intimitäten“
1712 2037 1769 2097 sind
1796 2037 1838 2097 ein
1870 2042 2013 2102 Spiegel
2035 2045 2087 2105 der
2114 2048 2198 2108 Zeit.

1301 2066 1384 2126 Aber
1409 2070 1502 2130 scharf
1527 2071 1669 2131 hinsehen
1699 2075 1772 2135 darf
1792 2078 1860 2138 man
1890 2082 1983 2142 nicht,
2003 2085 2086 2145 sonst
2106 2085 2193 2145 schie¬

1301 2101 1353 2161 ben
1392 2106 1439 2166 sich
1473 2106 1510 2166 an
1549 2109 1596 2169 die
1630 2110 1735 2170 Stelle
1769 2114 1869 2174 dieser
1908 2120 2032 2180 Szenen
2075 2124 2189 2184 Bilder

1297 2142 1380 2202 eines
1426 2148 1661 2208 Totentanzes.
1702 2156 1918 2216 Bezeichnend
1964 2160 2017 2220 ist,
2047 2163 2101 2223 daß
2146 2163 2195 2223 die

1301 2181 1435 2241 Figuren
1492 2185 1520 2245 in
1576 2187 1632 2247 den
1703 2193 1899 2253 massenhaft
1955 2199 2184 2259 importierten

1296 2220 1421 2280 Stücken
1460 2222 1522 2282 fast
1552 2227 1667 2287 immer
1702 2230 1797 2290 nichts
1836 2236 2000 2296 arbeiten,
2035 2242 2188 2302 nirgends

1293 2261 1424 2321 Boden,
1445 2263 1516 2323 aber
1547 2267 1740 2327 erschrecklich
1766 2270 1831 2330 viel
1852 2273 1933 2333 Geld
1959 2276 2080 2336 haben.

1948 2328 2002 2388 Tim
2047 2333 2139 2393 Klein

1331 2437 1891 2497 Wolf=Ferrari=Uraufführung
1929 2446 1954 2506 in
1998 2447 2076 2507 Köln
2119 2451 2182 2511 und

1291 2471 1423 2531 Berlin.
1458 2476 1526 2536 Das
1561 2476 1635 2536 neue
1670 2477 1758 2537 Werk
1788 2484 2053 2544 Wolf=Ferraris
2088 2488 2185 2548 „Die

1294 2511 1555 2571 schalkhafte
1601 2517 1776 2577 Witwe“
1817 2521 1968 2581 bedeutet
2009 2525 2078 2585 nach
2129 2526 2179 2586 der

1287 2548 1473 2608 veristischen
1519 2551 1670 2611 Pathetik
1701 2556 1756 2616 des
1792 2560 1892 2620 „Sly“
1928 2563 1998 2623 eine
2029 2566 2180 2626 Ruckkehr

1289 2587 1343 2647 zum
1383 2587 1584 2647 Buffo=Stil
1605 2593 1653 2653 der
1678 2596 1909 2656 „Neugierigen
1944 2602 2112 2662 Frauen,
2132 2604 2176 2664 ein

1290 2626 1654 2686 heiter=unbeschwertes
1688 2633 1785 2693 Spiel
1814 2636 1874 2696 mit
1903 2638 1986 2698 einer
2019 2640 2103 2700 leicht
2132 2640 2182 2700 ar¬

1286 2664 1507 2724 chaisierenden
1537 2667 1660 2727 Musik.
1685 2670 1749 2730 Der
1774 2676 1896 2736 Inhalt
1922 2676 1970 2736 der
1995 2679 2049 2739 von
2079 2680 2182 2740 Wolf¬

1287 2703 1423 2763 Ferrari
1459 2706 1679 2766 verwendeten
1719 2715 1948 2775 Goldonischen
1998 2718 2174 2778 commedia

1285 2742 1447 2802 dell'arte,
1467 2743 1521 2803 von
1551 2745 1664 2805 Mario
1689 2751 1895 2811 Ghisalberti
1915 2752 1969 2812 für
1994 2754 2038 2814 die
2058 2757 2176 2817 Bühne

1282 2779 1520 2839 umgearbeitet
1548 2784 1604 2844 und
1637 2784 1692 2844 von
1730 2788 1781 2848 dem
1824 2790 1851 2850 in
1889 2793 1954 2853 Rom
1997 2796 2169 2856 ansässigen

1280 2818 1453 2878 Schubert=
1505 2824 1570 2884 und
1623 2829 2050 2889 Schumann=Biographen
2112 2835 2172 2895 und

1280 2857 1445 2917 Verfasser
1486 2858 1540 2918 der
1581 2861 1711 2921 „Musik
1747 2864 1802 2924 des
1843 2869 1998 2929 Südens“
2044 2872 2154 2932 Walte

1285 2894 1405 2954 Dahms
1436 2897 1616 2957 vorbildlich
1642 2900 1803 2960 übersetzt,
1819 2906 1934 2966 ähnelt
1955 2909 2091 2969 ziemlich
2116 2910 2166 2970 der

1279 2933 1629 2993 Brandts=Buysschen
1664 2942 1875 3002 „Schneidern
1909 2946 1961 3006 von
1991 2949 2163 3009 Schönau“

1277 2973 1351 3033 steht
1381 2975 1558 3035 allerdings
1594 2975 1702 3035 hinter
1733 2981 1826 3041 diesem
1881 2984 1975 3044 Stück
2005 2987 2113 3047 zurück
2138 2988 2162 3048 in

1276 3011 1325 3071 der
1360 3014 1602 3074 Tragfähigkeit
1632 3017 1682 3077 der
1712 3023 1909 3083 Handlung.
1944 3026 2004 3086 Die
2039 3029 2171 3089 einfache

1278 3048 1393 3108 Fabel,
1412 3052 1465 3112 daß
1494 3052 1561 3112 eine
1600 3052 1657 3112 von
1691 3058 1878 3118 Vertretern
1912 3061 1965 3121 der
1994 3063 2056 3123 vier
2085 3066 2171 3126 Län¬

1275 3086 1329 3146 der
1354 3091 1501 3151 Italien,
1521 3091 1728 3151 Frankreich,
1743 3097 1895 3157 England
1926 3102 1984 3162 und
2019 3106 2167 3166 Spanien

1278 3127 1479 3187 umworbene
1512 3128 1629 3188 Witwe
1662 3133 1713 3193 den
1756 3136 1887 3196 Rechten
1929 3142 2060 3202 dadurch
2098 3144 2172 3204 her¬

1275 3168 1452 3228 ausfindet,
1477 3169 1531 3229 daß
1571 3169 1605 3229 sie
1640 3172 1734 3232 ihnen
1774 3175 1803 3235 in
1843 3175 1896 3235 der
1931 3181 2049 3241 Tracht
2079 3181 2163 3241 ihres

1275 3205 1399 3265 Landes
1428 3207 1509 3267 naht
1533 3209 1595 3269 und
1629 3208 1653 3268 so
1682 3211 1748 3271 ihre
1773 3214 1878 3274 Treue
1902 3217 1959 3277 auf
1984 3220 2031 3280 die
2060 3220 2165 3280 Probe

1270 3241 1365 3301 stellt,
1399 3244 1446 3304 bis
1485 3244 1537 3304 der
1581 3250 1810 3310 venezianische
1849 3258 2058 3318 Landsmann
2107 3261 2154 3321 den

1278 3280 1347 3340 Sieg
1372 3282 1589 3342 davonträgt,
1609 3288 1673 3348 will
1694 3288 1762 3348 drei
1782 3291 1861 3351 volle
1886 3294 1960 3354 Akte
1985 3296 2069 3356 nicht
2084 3299 2167 3359 ganz

1269 3321 1450 3381 ausfüllen.
1496 3324 1652 3384 Darüber
1693 3327 1768 3387 hilft
1804 3330 1875 3390 auch
1915 3332 1965 3392 die
2006 3336 2172 3396 reizvolle,

1266 3363 1696 3423 kammermusikalisch-feine
1737 3369 1845 3429 Musik
1895 3371 1975 3431 nicht
2025 3375 2167 3435 hinweg,

1270 3397 1316 3457 die
1349 3399 1433 3459 mehr
1471 3401 1531 3461 aus
1569 3404 1769 3464 kultiviertem
1821 3411 2073 3471 Kunstverstand
2111 3413 2162 3473 als

1268 3438 1325 3498 aus
1359 3438 1469 3498 starkem
1517 3441 1752 3501 schöpferischem
1800 3447 1896 3507 Trieb
1935 3450 2055 3510 heraus
2093 3453 2165 3513 ent¬

1271 3476 1388 3536 standen
1423 3479 1458 3539 zu
1493 3477 1551 3537 sein
1586 3482 1714 3542 scheint.
1744 3483 1802 3543 Die
1833 3485 2004 3545 Kölner
2039 3490 2161 3550 Urauf¬

1267 3516 1406 3576 führung
1439 3518 1551 3578 zeuate
1584 3519 1640 3579 von
1678 3524 1873 3584 ernsthafter
1911 3526 1972 3586 und
2010 3533 2158 3593 fleißiger

2302 1649 2684 1709 niederzulegen.

2265 1730 2503 1790 Vorbereitung
2540 1739 2633 1799 durch
2665 1745 2861 1805 Intendant
2889 1753 3153 1813 Hofmüller

3212 1755 3274 1815 von
3306 1755 3331 1815 18

2262 1768 2327 1828 und
2354 1772 2469 1832 Eugen
2503 1778 2721 1838 Szenkar.

2998 1790 3049 1850 H.
3080 1793 3123 1853 U.

3213 1796 3344 1856 darunt

3208 1834 3300 1894 chen.
3326 1837 3341 1897 1

2306 1848 2551 1908 Wolf=Ferrari
2573 1853 2685 1913 konnte
2707 1858 2755 1918 bei
2777 1862 3002 1922 gleichzeitiger
3031 1867 3156 1927 Urauf¬

3210 1872 3333 1932 Deutse

2263 1883 2402 1943 führung
2443 1891 2541 1951 seiner
2578 1895 2814 1955 „Schalkhaften
2856 1901 2990 1961 Witwe“
3027 1903 3052 1963 in
3094 1906 3145 1966 der

3212 1909 3265 1969 der
3293 1911 3340 1971 Bi

2258 1924 2484 1984 Berliner
2505 1933 2706 1993 Staatsoper
2731 1937 2917 1997 wiederholt
2938 1940 2988 2000 für
3014 1945 3058 2005 die
3084 1945 3149 2005 sehr

3204 1948 3326 2008 wieder

2257 1963 2454 2023 freundliche
2474 1969 2655 2029 Aufnahme
2686 1975 2778 2035 dieser
2809 1978 2897 2038 Oper
2922 1981 3059 2041 danken.
3089 1984 3147 2044 Die

3209 1987 3258 2047 bis
3292 1990 3346 2050 sie,

2257 2000 2468 2060 Wiedergabe
2493 2005 2541 2065 des
2571 2010 2649 2070 recht
2674 2015 2865 2075 schwierigen
2900 2018 3022 2078 Werkes
3052 2022 3145 2082 unter

3207 2025 3333 2085 Wirken

2257 2040 2316 2100 Leo
2346 2041 2493 2101 Blechs
2538 2048 2597 2108 und
2632 2049 2755 2109 Hörths
2785 2052 2923 2112 Leitung
2963 2059 3031 2119 war
3071 2061 3149 2121 aus¬

3203 2064 3322 2124 Herrsä

2252 2079 2443 2139 gezeichnet,
2473 2084 2556 2144 wenn
2600 2086 2669 2146 auch
2708 2088 2791 2148 Vera
2826 2096 3027 2156 Schwarz
3062 2100 3144 2160 nicht

3206 2103 3327 2163 Sohn,

2251 2114 2332 2174 allen
2366 2122 2637 2182 Anforderungen
2671 2126 2724 2186 der
2758 2132 2924 2192 besonders
2954 2139 3144 2199 anspruchs¬

3200 2143 3325 2203 übersie

2253 2154 2353 2214 vollen
2386 2160 2555 2220 Titelrolle
2577 2166 2752 2226 entsprach.

3006 2178 3055 2238 W.
3072 2178 3088 2238 A

3203 2184 3322 2244 Ideali

3204 2220 3287 2280 Dore

3195 2255 3313 2315 edenso

2316 2263 2592 2323 Franziska
2641 2270 2977 2330 Ellmenreich
3016 2281 3043 2341 1

3174 2300 3311 2360 reger

2281 2339 2327 2399 In
2362 2337 2622 2397 Herrsching
2651 2346 2685 2406 am
2721 2350 2905 2410 Ammersee
2929 2354 3009 2414 starb
3039 2357 3131 2417 dieser

2247 2377 2332 2437 Tage
2358 2375 2402 2435 die
2433 2380 2685 2440 Schauspielerin
2715 2390 2891 2450 Franziska
2922 2396 3128 2456 Ellmenreich

3230 2391 3324 2451 Reich

2249 2411 2273 2471 im
2309 2414 2359 2474 84.
2374 2417 2591 2477 Lebensjahr.
2611 2422 2671 2482 Sie
2693 2426 2823 2486 gahörte
2843 2428 2868 2488 in
2894 2430 2979 2490 ihrer
3005 2432 3075 2492 Zeit
3096 2434 3125 2494 zu

3193 2426 3325 2486 Komma

2245 2447 2294 2507 den
2329 2452 2416 2512 ersten
2456 2458 2770 2518 Schauspielerinnen
2805 2470 3055 2530 Deutschlands.
3080 2473 3124 2533 In

3192 2465 3245 2525 lich
3274 2467 3304 2527 in

2241 2488 2330 2548 ihren
2365 2491 2472 2551 Adern
2512 2496 2606 2556 rollte
2636 2503 2877 2563 Theaterblut;
2917 2509 2956 2569 sie
2991 2509 3055 2569 war
3090 2511 3133 2571 die

3190 2507 3326 2567 Maar

2239 2530 2371 2590 Tochter
2406 2533 2524 2593 Albert
2549 2541 2903 2601 Ellmenreichs,
2938 2545 2992 2605 der
3037 2550 3129 2610 unter

3187 2543 3328 2603 heraus.

2238 2569 2469 2629 Immermann
2504 2572 2533 2632 in
2573 2576 2760 2636 Düsseldorf
2785 2581 2907 2641 wirkte,
2933 2586 2991 2646 und
3026 2589 3119 2649 dessen

3191 2583 3277 2643 Frau

2240 2607 2425 2667 Vorfahren
2462 2612 2508 2672 sich
2534 2617 2704 2677 gleichfalls
2730 2618 2812 2678 schon
2844 2623 2900 2683 auf
2927 2624 2978 2684 der
3009 2628 3127 2688 Bühne

3190 2620 3295 2680 Meohall

2240 2644 2465 2704 hervortaten.
2505 2649 2576 2709 1847
2610 2655 2764 2715 geboren,
2803 2660 2928 2720 begann
2976 2662 3015 2722 sie
3058 2665 3130 2725 ihre

3186 2661 3283 2721 janon

2238 2682 2390 2742 Karriere
2420 2686 2491 2746 1862
2521 2688 2544 2748 in
2583 2694 2774 2754 Meiningen
2813 2698 2870 2758 mit
2894 2700 3129 2760 Opernrollen.

3187 2697 3319 2757 gearbei

2237 2721 2312 2781 Erst
2332 2721 2438 2781 später
2464 2727 2529 2787 ging
2565 2728 2599 2788 sie
2620 2730 2675 2790 zum
2716 2736 2907 2796 Schauspiel
2928 2741 3023 2801 über.
3049 2740 3119 2800 1865

3186 2735 3225 2795 Es
3261 2738 3325 2798 sind

2237 2760 2363 2820 wurden
2396 2762 2419 2822 in
2452 2766 2625 2826 Hannover
2653 2770 2765 2830 Marie
2794 2778 3130 2838 Niemann=Seebach,

3185 2775 3298 2835 Komik

2235 2799 2321 2859 Karl
2345 2802 2508 2862 Devrient
2547 2803 2604 2863 und
2638 2810 2720 2870 Karl
2744 2814 2897 2874 Sonntag
2941 2817 3008 2877 ihre
3037 2817 3123 2877 Vor¬

3177 2812 3236 2872 der
3258 2814 3323 2874 Sze

2241 2835 2336 2895 bilder
2362 2838 2422 2898 und
2458 2840 2589 2900 Lehrer.
2615 2846 2690 2906 Nach
2721 2850 2806 2910 ihrer
2832 2853 2948 2913 Heirat
2974 2855 3029 2915 mit
3055 2856 3105 2916 dem

3183 2850 3229 2910 los
3261 2852 3322 2912 unl

2235 2873 2400 2933 sächsischen
2448 2882 2587 2942 Offizier
2624 2884 2753 2944 Frhrn.
2775 2891 2909 2951 Richard
2946 2893 2977 2953 v.
3003 2895 3122 2955 Fuchs¬

3180 2891 3314 2951 Aufnah

2232 2914 2398 2974 Nordhoff
2424 2919 2543 2979 begann
2580 2921 2616 2981 sie
2643 2927 2818 2987 Gastspiele
2850 2930 2876 2990 zu
2913 2933 3027 2993 geben.
3063 2933 3104 2993 Im

3181 2929 3275 2989 mund
3302 2932 3317 2992 u

2236 2954 2336 3014 Jahre
2362 2952 2432 3012 1880
2473 2956 2579 3016 wirkte
2615 2959 2655 3019 sie
2686 2963 2711 3023 im
2757 2969 3039 3029 Gesamtgastspiel
3065 2971 3115 3031 des

3212 2987 3276 3047 Bei

2229 2990 2411 3050 Münchner
2442 2995 2649 3055 Hoftheaters
2696 3004 2756 3064 mit
2797 3005 2858 3065 und
2899 3011 3010 3071 spielte
3051 3011 3116 3071 hier

3176 3029 3314 3089 leichtere

2229 3032 2344 3092 Emilia
2375 3034 2521 3094 Galotti,
2542 3038 2647 3098 Thekla
2679 3041 2738 3101 und
2769 3046 2885 3106 Minna
2916 3046 2971 3106 von
3002 3050 3112 3110 Barn¬

3173 3067 3302 3127 nungen

2231 3067 2326 3127 helm.
2356 3072 2441 3132 Nach
2472 3073 2562 3133 diesem
2608 3079 2799 3139 Auftreten,
2835 3085 2890 3145 das
2921 3085 3000 3145 aller
3031 3088 3116 3148 Welt

3172 3102 3263 3162 liches
3286 3105 3296 3165 R

2226 3104 2294 3164 ihre
2329 3112 2589 3172 hervorragende
2619 3117 2727 3177 Kunst
2753 3124 2953 3184 offenbarte,
2979 3127 3032 3187 bot
3062 3126 3111 3186 ihr

3171 3140 3257 3200 lern,
3281 3144 3324 3204 we

2225 3147 2259 3207 v.
2289 3147 2427 3207 Perfall
2466 3150 2510 3210 ein
2560 3158 2820 3218 zweimonatiges
2860 3164 3017 3224 Gastspiel
3062 3165 3096 3225 am

3173 3179 3333 3239 Ausstelli

2228 3186 2408 3246 Münchner
2434 3187 2619 3247 Hoftheater
2640 3195 2700 3255 an,
2715 3197 2765 3257 das
2791 3199 2825 3259 sie
2846 3199 2916 3259 aber
2942 3202 3002 3262 mit
3022 3202 3112 3262 Rück¬

3170 3217 3272 3277 Ueber

2226 3223 2290 3283 sicht
2321 3226 2377 3286 auf
2402 3228 2487 3288 ihren
2524 3232 2589 3292 hier
2614 3235 2760 3295 lebenden
2801 3237 2917 3297 Gatten
2953 3243 3119 3303 ablehnte.

3170 3256 3309 3316 genauer

2224 3261 2286 3321 Von
2333 3261 2484 3321 1881—86
2521 3270 2671 3330 gastierte
2719 3275 2760 3335 sie
2808 3276 2838 3336 in
2885 3281 3114 3341 Deutschland.

3171 3292 3322 3352 yauptsäc

2223 3301 2386 3361 Amerika,
2407 3306 2535 3366 London
2570 3309 2605 3369 u.
2630 3309 2659 3369 a.
2684 3311 2728 3371 m.
2754 3313 2818 3373 und
2848 3317 2957 3377 feierte
2987 3320 3115 3380 überall

3164 3330 3322 3390 Landsche

2223 3341 2416 3401 Triumphe.
2446 3345 2613 3405 Berühmt
2639 3349 2702 3409 war
2732 3353 2801 3413 ihre
2831 3355 2940 3415 Maria
2975 3359 3112 3419 Stuart.

3166 3369 3305 3429 einfache

2224 3381 2273 3441 für
2299 3381 2405 3441 welche
2430 3381 2475 3441 die
2496 3384 2616 3444 Ristori
2637 3389 2687 3449 ihr
2713 3390 2849 3450 Vorbild
2875 3393 2955 3453 war.
2981 3396 3111 3456 Pollini

3169 3404 3250 3464 Eine
3267 3405 3315 3465 Re

2221 3421 2270 3481 zog
2296 3420 2331 3480 sie
2357 3417 2422 3477 1886
2448 3424 2513 3484 nach
2539 3426 2725 3486 Hamburg,
2741 3429 2781 3489 wo
2807 3430 2841 3490 sie
2867 3432 2913 3492 bis
2938 3434 3003 3494 1890
3029 3437 3104 3497 blieb

3165 3441 3202 3501 ist
3219 3446 3304 3506 erzäh

2218 3457 2280 3517 und
2314 3456 2342 3516 zu
2376 3457 2428 3517 den
2462 3463 2614 3523 erklärten
2648 3468 2834 3528 Lieblingen
2868 3470 2916 3530 des
2950 3474 3102 3534 Theater¬

3166 3483 3302 3543 farbigen

2217 3497 2398 3557 publikums
2427 3500 2537 3560 zählte.
2567 3501 2633 3561 1890
2663 3506 2767 3566 wurde
2792 3506 2830 3566 sie
2849 3509 2940 3569 durch
2965 3511 3098 3571 Barnay

3163 3518 3256 3578 haben
3286 3520 3315 3580 ei

2214 3533 2251 3593 an
2283 3535 2335 3595 das
2362 3538 2515 3598 Berliner
2542 3542 2678 3602 Theater
2705 3548 2916 3608 verpflichtet.
2943 3551 3006 3611 Die
3028 3553 3101 3613 Zeit
3165 3556 3260 3616 etwas
