3392 4320
199 260 275 320 2.

342 264 828 324 Schnitzler
886 272 932 332 s
999 271 1227 331 Deatl

320 1049 550 1109 Ausschuit
565 1049 658 1109 aus:
715 1066 821 1126 Some
836 1072 848 1132 u
878 1096 1162 1156 letigstnge
1177 1114 1243 1174 .

729 1157 778 1217 2.
789 1163 918 1223 NOV.

432 1368 649 1428 Hwei
727 1370 1304 1430 besterleicher

425 1437 466 1497 In
502 1443 590 1503 ihrem
632 1442 744 1502 Wesen
780 1443 844 1503 und
874 1443 903 1503 in
939 1444 1021 1504 ihrem
1069 1448 1199 1508 Wirken
1235 1448 1441 1508 offenbarten

312 1490 362 1550 sich
403 1490 458 1550 der
493 1491 752 1551 österreichischen
787 1492 888 1552 Seele
928 1494 1057 1554 edelster
1092 1497 1210 1557 Wille,
1244 1498 1441 1558 vornehmste

314 1539 518 1599 Gesinnung,
552 1542 751 1602 herrlichster
779 1542 1010 1602 Aufschwung.
1044 1546 1105 1606 Sie
1133 1548 1287 1608 gehörten
1321 1548 1354 1608 zu
1387 1546 1436 1606 den

313 1590 527 1650 Allerbesten,
551 1591 602 1651 die
631 1590 692 1650 wir
721 1593 873 1653 besaßen.
897 1593 941 1653 Es
970 1595 1010 1655 ist
1039 1596 1117 1656 nicht
1146 1595 1253 1655 wahr,
1288 1597 1344 1657 daß
1378 1596 1440 1656 kein

312 1639 510 1699 Sterblicher
555 1640 775 1700 unersetzlich:
810 1641 923 1701 Artur
952 1645 1200 1705 Schnitzler
1234 1645 1301 1705 und
1336 1646 1442 1706 Guido

309 1692 585 1752 Holzknecht
608 1690 685 1750 wird
713 1691 868 1751 niemnd
897 1692 1018 1752 erseten

417 1739 488 1799 Und
519 1739 554 1799 sie
585 1739 693 1799 waren
723 1742 807 1802 nicht
832 1742 903 1802 bloß
934 1742 1042 1802 unser.
1067 1745 1108 1805 So
1139 1745 1192 1805 eng
1223 1745 1264 1805 sie
1295 1745 1343 1805 sich
1367 1745 1439 1805 auch

307 1790 370 1850 mit
399 1790 491 1850 ihrer
515 1790 780 1850 österreichischen
815 1792 953 1852 Heimat
988 1794 1167 1854 verknüpft
1202 1794 1351 1854 fühlten,
1387 1793 1444 1853 der

307 1840 427 1900 ganzen
463 1837 554 1897 Welt
578 1840 641 1900 und
670 1840 721 1900 der
745 1842 865 1902 ganzen
901 1842 1096 1902 Menschheit
1120 1843 1234 1903 gehört
1264 1841 1309 1901 ihr
1338 1843 1447 1903 Werk,

306 1888 421 1948 gehört
451 1888 503 1948 ihr
533 1888 787 1948 Vermächtnis.
823 1890 933 1950 Artur
963 1891 1136 1951 Schnitzler
1166 1891 1258 1951 sagte
1300 1892 1449 1952 einmal:

312 1941 396 2001 „Der
420 1939 550 1999 Dichter
573 1939 612 1999 ist
635 1938 799 1998 Gestalter
822 1939 884 1999 und
913 1941 1094 2001 Bewahrer
1122 1940 1178 2000 aus
1207 1942 1343 2002 innerer
1366 1941 1450 2001 Not¬

307 1987 520 2047 wendigkeit.
538 1987 583 2047 In
613 1989 716 2049 seinen
752 1990 982 2050 schöpferischen
1011 1992 1207 2052 Momenten
1242 1990 1276 2050 ist
1300 1992 1351 2052 ihm
1392 1988 1444 2048 die

312 2037 407 2097 ganze
441 2037 537 2097 Welt
566 2037 740 2097 Material
769 2037 824 2097 für
859 2037 914 2097 sein
955 2040 1089 2100 Werk“.
1118 2039 1236 2099 Darum
1299 2037 1337 2097 ist
1378 2038 1433 2098 sein

307 2085 404 2145 Werk
434 2088 607 2148 Material
637 2085 694 2145 für
723 2086 775 2146 die
805 2088 902 2148 ganze
937 2088 1030 2148 Welt
1059 2088 1249 2148 geworden.
1273 2090 1446 2150 Material

308 2136 367 2196 und
395 2138 599 2198 beglückende
621 2136 728 2196 Gabe.
745 2138 809 2198 Und
837 2138 934 2198 darum
973 2138 1144 2198 betrauert
1167 2139 1215 2199 die
1237 2139 1333 2199 ganze
1356 2139 1447 2199 Welt

312 2187 413 2247 seinen
452 2187 623 2247 Hingang.
651 2184 721 2244 Von
754 2185 850 2245 Land
883 2187 914 2247 zu
953 2187 1038 2247 Land
1077 2188 1141 2248 und
1174 2188 1232 2248 von
1271 2187 1377 2247 Stadt
1405 2187 1437 2247 zu

315 2233 413 2293 Stadt
453 2235 546 2295 trägt
585 2234 640 2294 der
685 2234 812 2294 tosende
846 2234 1050 2294 Herbstwind
1095 2235 1144 2295 die
1178 2235 1282 2295 bange
1322 2234 1448 2294 Klage:

309 2283 418 2343 Artur
448 2284 644 2344 Schnitzlers
679 2285 760 2345 Herz
801 2285 923 2345 schlägt
964 2285 1050 2345 nicht
1091 2285 1200 2345 mehr.
1236 2285 1328 2345 Nicht
1369 2285 1444 2345 bloß

309 2334 523 2394 Oesterteich,
546 2334 590 2394 die
618 2335 717 2395 ganze
745 2333 838 2393 Welt
867 2333 905 2393 ist
927 2334 1037 2394 ärmer
1065 2336 1231 2396 geworden
1264 2336 1352 2396 durch
1386 2336 1440 2396 das

312 2384 381 2444 jähe
409 2384 635 2444 Verstummen
668 2383 765 2443 dieses
798 2384 1084 2444 Dichterherzens.

416 2431 498 2491 Auch
534 2432 587 2492 der
623 2433 758 2493 geniale
794 2433 888 2493 Arzt,
918 2432 971 2492 der
1007 2434 1059 2494 sich
1089 2434 1184 2494 selbst
1214 2433 1361 2493 opferte,
1391 2433 1426 2493 um

309 2482 413 2542 seinen
446 2482 595 2542 Kranken
635 2482 662 2542 zu
695 2482 822 2542 helfen,
845 2483 883 2543 ist
911 2482 966 2542 der
995 2482 1110 2542 ganzen
1149 2482 1243 2542 Welt
1266 2482 1447 2542 gestorben.

312 2531 383 2591 Sein
422 2532 527 2592 Arm,
550 2531 604 2591 des
638 2530 870 2590 schöpferischen
910 2532 1109 2592 Gedankens
1143 2533 1287 2593 flinkster
1321 2530 1453 2590 Helfer,

308 2580 417 2640 mußte
448 2581 643 2641 verdorren,
664 2581 774 2641 damit
795 2581 931 2641 tausend
961 2581 1082 2641 andere
1112 2581 1207 2641 Arme
1238 2581 1293 2641 dem
1339 2581 1433 2641 Leben

309 2627 369 2687 und
414 2629 474 2689 der
519 2630 640 2690 Arbeit
679 2629 828 2689 erhalten
878 2629 1027 2689 bleiben.
1066 2632 1226 2692 Friedrich
1276 2629 1442 2689 Nietzsches

311 2679 672 2739 himmelsstürmende,
688 2678 855 2738 ekstatische
882 2676 995 2736 Worte
1022 2679 1146 2739 wurden
1179 2676 1248 2736 hier
1276 2679 1442 2739 lebendig:

314 2730 464 2790 „Trachte
492 2727 534 2787 ich
567 2727 642 2787 denn
687 2729 756 2789 nach
789 2728 913 2788 meinem
962 2727 1097 2787 Glücke?
1130 2727 1183 2787 Ich
1216 2727 1334 2787 trachte
1367 2727 1437 2787 nach

309 2778 429 2838 meinem
474 2775 623 2835 Werke!“
651 2777 723 2837 Und
751 2778 844 2838 dieses
872 2778 1005 2838 Werkes
1033 2778 1204 2838 jubelnder
1232 2778 1331 2838 Wille
1359 2775 1447 2835 war:

309 2827 360 2887 der
394 2829 557 2889 leidenden
592 2826 795 2886 Menschheit
823 2826 851 2886 zu
886 2826 1009 2886 helfen.

413 2876 480 2936 Dem
520 2876 667 2936 Dichter,
684 2874 734 2934 der
757 2875 898 2935 beinahe
922 2874 1028 2934 siebzig
1058 2876 1164 2936 Jahre
1187 2875 1237 2935 alt
1261 2876 1447 2936 geworden,

307 2926 387 2986 ohne
417 2927 468 2987 die
492 2925 623 2985 Jugend
659 2924 757 2984 seiner
786 2924 884 2984 Seele
907 2924 936 2984 zu
971 2924 1150 2984 verlieren,
1173 2924 1259 2984 ward
1289 2924 1340 2984 die
1364 2924 1444 2984 hohe

304 2973 410 3033 Gunst
451 2974 506 3034 des
542 2974 710 3034 Schicksals
745 2975 864 3035 zuteil,
898 2974 954 3034 das
989 2974 1152 3034 Tagwerk
1193 2973 1294 3033 seiner
1329 2972 1441 3032 Hände

309 3024 472 3084 vollenden
508 3024 535 3084 zu
564 3023 700 3083 dürfen.
723 3023 779 3083 Als
808 3025 858 3085 ihn
887 3024 937 3084 der
966 3024 1028 3084 Tod
1057 3023 1272 3083 überraschte,
1295 3023 1323 3083 da
1352 3022 1441 3082 stand

307 3075 334 3135 er
363 3075 453 3135 zwar
476 3074 543 3134 noch
572 3073 684 3133 mitten
719 3073 746 3133 in
775 3072 882 3132 seiner
906 3073 1040 3133 Arbeit,
1064 3072 1136 3132 aber
1165 3071 1221 3131 das
1250 3072 1447 3132 Wichtigste,

309 3120 376 3180 was
405 3121 438 3181 er
467 3122 495 3182 zu
530 3121 619 3181 sagen
654 3123 761 3183 hatte,
785 3122 823 3182 ist
847 3121 909 3181 von
938 3121 988 3181 ihm
1039 3121 1124 3181 wohl
1147 3121 1226 3181 schon
1260 3121 1368 3181 längst
1397 3119 1447 3179 ge¬

312 3174 377 3234 sagt
405 3172 559 3232 worden.
582 3170 780 3230 Schlimmer
808 3170 924 3230 erging
958 3171 990 3231 es
1024 3172 1078 3232 dem
1129 3169 1432 3229 wissenschaftlichen

304 3220 472 3280 Forscher,
490 3221 540 3281 dem
580 3222 675 3282 Arzt,
693 3221 743 3281 der
766 3220 844 3280 nicht
867 3222 996 3282 einmal
1014 3220 1075 3280 sein
1098 3222 1272 3282 sechzigstes
1301 3218 1441 3278 Lebens¬

309 3271 382 3331 jahr
416 3270 551 3330 erreicht
580 3270 653 3330 hat.
676 3269 754 3329 Wer
789 3270 891 3330 weiß,
920 3270 1004 3330 welch
1044 3270 1213 3330 wertvolle
1247 3268 1376 3328 Dienste
1411 3266 1444 3326 er

308 3318 365 3378 mit
398 3321 503 3381 seinem
557 3319 805 3379 verkrüppelten
842 3319 911 3379 Arm
959 3318 1017 3378 der
1049 3318 1255 3378 Menschheit
1288 3318 1356 3378 noch
1393 3315 1445 3375 ge¬

308 3369 410 3429 leistet
438 3369 529 3429 hätte
551 3371 632 3431 ...
654 3369 745 3429 Denn
783 3369 886 3429 seinem
935 3369 1064 3429 Genius
1097 3369 1188 3429 hatte
1221 3368 1269 3428 die
1302 3366 1442 3426 geheim¬

304 3420 469 3480 nisvolle,
508 3419 762 3479 heilbringende
813 3417 878 3477 und
929 3418 978 3478 ach
1028 3417 1055 3477 so
1095 3417 1443 3477 tückisch-rachsüchtige

308 3467 524 3527 Naturkraft,
546 3468 599 3528 die
631 3467 667 3527 er
701 3467 732 3527 zu
769 3466 917 3526 meistern
955 3466 1124 3526 verstand,
1172 3467 1278 3527 nichts
1331 3463 1436 3523 antun

308 3518 450 3578 können.
472 3517 635 3577 Freilich:
662 3517 735 3577 das,
762 3516 830 3576 was
868 3515 899 3575 er
926 3515 1026 3575 schuf,
1048 3515 1110 3575 und
1143 3515 1201 3575 das
1233 3515 1332 3575 große
1359 3511 1448 3571 Ver¬

308 3569 482 3629 mächtnis,
524 3567 585 3627 das
618 3566 648 3626 er
679 3566 880 3626 hinterläßt,
922 3566 1092 3626 genügen,
1134 3566 1185 3626 ihm
1232 3566 1293 3626 und
1325 3563 1427 3623 seinem

303 3620 416 3680 Werke
450 3617 498 3677 die
526 3614 791 3674 Unstreblichkeit
819 3616 851 3676 zu
885 3614 1014 3674 sichern.

415 3665 507 3725 Zwei
535 3664 774 3724 Oesterreicher
807 3662 872 3722 sind
910 3664 1188 3724 heimgegangen,
1215 3662 1307 3722 deren
1351 3660 1448 3720 heller

306 3712 398 3772 Geist
445 3714 470 3774 im
537 3715 650 3775 trüben
686 3712 814 3772 Dunkel
866 3712 994 3772 unserer
1026 3712 1113 3772 Tage
1144 3712 1344 3772 aufrichtend
1376 3709 1437 3769 und

312 3764 499 3824 segensreich
556 3763 688 3823 wirkte.
727 3764 777 3824 In
816 3763 865 3823 die
899 3761 970 3821 tiefe
1005 3761 1137 3821 Trauer
1170 3759 1203 3819 um
1254 3759 1336 3819 diese
1364 3757 1447 3817 zwei

312 3814 493 3874 Menschen,
516 3814 565 3874 die
588 3814 642 3874 der
671 3813 787 3873 ganzen
820 3811 1018 3871 Menschheit
1041 3811 1174 3871 gedient
1196 3809 1323 3869 haben,
1340 3809 1444 3869 mischt

308 3867 356 3927 sich
384 3865 443 3925 das
471 3865 650 3925 erhebende
678 3861 911 3921 Bewußtsein,
928 3862 981 3922 daß
1015 3862 1052 3922 sie
1080 3861 1172 3921 unser
1200 3859 1329 3919 waren.

1453 256 1573 316 box
1650 261 1877 321 43/15

1791 1413 2513 1473 OBSERVER

1885 1479 1907 1539 I.
1922 1476 2039 1536 österr.
2054 1472 2199 1532 behördl.
2213 1463 2509 1523 konzessioniertes

1841 1520 2073 1580 Unternehmen
2102 1512 2152 1572 für
2176 1505 2557 1565 Zeitungs-Ausschnitte

1894 1576 2038 1636 WIEN,
2067 1579 2114 1639 I.,
2143 1567 2424 1627 WOLLZEILE
2467 1562 2514 1622 11

1990 1624 2206 1684 TELEPHON
2245 1617 2422 1677 R-23-0-43

1808 1774 2018 1834 AusSchnitt
2046 1769 2128 1829 aus:

2237 1961 2438 2021 5.NOV.
2465 1953 2560 2013 1937

1810 1999 1915 2059 vom:

1604 2144 1846 2204 Arthur
1906 2133 2246 2193 Schnitzler
2316 2122 2685 2182 gestorben.

2206 2161 2274 2221 n

1611 2216 1646 2276 In
1669 2214 1763 2274 Wien
1793 2211 1836 2271 ist
1851 2211 1894 2271 am
1932 2207 2054 2267 Vörigen
2092 2202 2252 2262 Mittwoch
2281 2200 2324 2260 ein
2354 2196 2463 2256 großer
2493 2191 2608 2251 Dichter
2638 2187 2688 2247 ge¬

1610 2258 1739 2318 storben:
1767 2253 1885 2313 Arthur
1912 2249 2160 2309 Schnitzler.
2182 2246 2220 2306 Im
2269 2241 2322 2301 70.
2344 2240 2446 2300 Jahre
2474 2236 2527 2296 hat
2554 2233 2597 2293 ihn
2635 2230 2683 2290 der

1610 2302 1715 2362 Schlag
1752 2297 1920 2357 getroffen.
1953 2293 2047 2353 Ohne
2080 2288 2132 2348 daß
2170 2286 2201 2346 er
2238 2284 2290 2344 das
2328 2282 2523 2342 Bewußtsein
2561 2274 2691 2334 wieder¬

1609 2346 1727 2406 erlangt
1753 2342 1845 2402 hätte,
1866 2338 1902 2398 ist
1928 2335 2087 2395 Schnitzler
2109 2331 2268 2391 innerhalb
2300 2327 2428 2387 weniger
2459 2321 2593 2381 Stunden
2624 2315 2690 2375 ver¬

1611 2389 1752 2449 schieden.
1790 2382 1953 2442 Schnitzler
1990 2378 2053 2438 war
2091 2375 2290 2435 ursprünglich
2328 2371 2422 2431 Arzt.
2449 2368 2512 2428 Der
2549 2363 2686 2423 Umgang

1614 2433 1666 2493 mit
1685 2431 1731 2491 der
1756 2428 1909 2488 leidenden
1939 2420 2128 2480 Menschheit
2146 2418 2193 2478 hat
2217 2417 2299 2477 frühe
2323 2414 2400 2474 seine
2424 2410 2595 2470 dichterische
2619 2408 2695 2468 Nei¬

1643 3489 1720 3549 gung
1759 3481 1980 3541 wachgerufen.
2019 3478 2057 3538 In
2097 3473 2168 3533 allen
2207 3469 2301 3529 seinen
2340 3463 2467 3523 Werken
2506 3460 2544 3520 ist
2578 3457 2644 3517 aber
2678 3454 2727 3514 der

1649 3529 1782 3589 ärztliche
1814 3522 1916 3582 Beruf
1947 3520 1998 3580 des
2041 3513 2174 3573 Dichters
2216 3515 2241 3575 zu
2283 3510 2406 3570 spüren.
2448 3502 2494 3562 Er
2525 3501 2638 3561 schaute
2675 3497 2726 3557 den

1650 3571 1805 3631 Menschen
1835 3566 1880 3626 bis
1906 3565 1955 3625 ins
1981 3559 2096 3619 Innere
2122 3557 2176 3617 und
2207 3554 2297 3614 zeigte
2323 3551 2352 3611 es
2378 3549 2428 3609 der
2453 3548 2548 3608 Welt.
2569 3544 2729 3604 Schnitzler

1652 3617 1749 3677 schrieb
1775 3613 1852 3673 viele
1878 3607 2100 3667 Theaterstücke
2126 3601 2182 3661 und
2214 3599 2275 3659 eine
2301 3594 2394 3654 ganze
2420 3593 2518 3653 Reihe
2539 3586 2734 3646 erzählender

1656 3656 1856 3716 Dichtwerke.
1881 3652 1981 3712 Seine
2007 3648 2111 3708 Werke
2142 3644 2202 3704 sind
2233 3640 2293 3700 auch
2323 3639 2348 3699 in
2379 3638 2453 3698 viele
2479 3631 2724 3691 Fremdsprachen

1653 3702 1793 3762 übersetzt
1813 3694 1953 3754 worden.
1984 3691 2099 3751 Seinem
2145 3685 2266 3745 Wunsch
2296 3680 2522 3740 entsprechend,
2543 3676 2577 3736 ist
2603 3674 2633 3734 er
2658 3671 2733 3731 ohne

1745 3741 1956 3801 Feierlichkeit
1986 3736 2039 3796 und
2075 3736 2153 3796 ganz
2188 3730 2295 3790 einfach
2330 3725 2477 3785 begraben
2518 3716 2654 3776 wonden.
