3484 4384
199 393 315 453 12.

388 390 970 450 Schnitzler's
1030 386 1261 446 Death

835 744 893 804 1.
910 741 1068 801 Oesterr.

438 772 805 832 OBSERUER
870 770 1042 830 behérdl.
1065 766 1171 826 konz.

377 813 545 873 sdro
574 811 639 871 für
659 804 1157 864 Zeltungsnachrichten

397 855 672 915 WIENI
712 846 1082 906 WOLLZEILE

680 996 924 1056 Faltszentang

710 1129 777 1189 30
835 1121 935 1181 MAZ
993 1101 1106 1161 1928

441 1211 861 1271 Gedächtnisfeier
893 1211 968 1271 für
1000 1211 1144 1271 Artur

281 1253 548 1313 Schnitzler.
586 1255 657 1315 Der
706 1255 864 1315 Deutsche
902 1256 1147 1316 Schriftsteller¬

285 1294 423 1354 verband
453 1297 665 1357 veranstaltet
695 1296 852 1356 Montag,
878 1297 927 1357 den
967 1297 1021 1357 10.
1046 1297 1158 1357 April,

280 1339 319 1399 um
364 1339 373 1399 6
408 1339 471 1399 Uhr
497 1341 614 1401 abends
649 1342 678 1402 im
738 1339 880 1399 Festsaal
925 1339 978 1399 des
1013 1341 1151 1401 Staats¬

286 1384 575 1444 beamtenkasinos,
606 1385 642 1445 1.
668 1382 957 1442 Nibelungengasse
994 1384 1035 1444 3,
1082 1384 1148 1444 eine

279 1426 1006 1486 Schnitzler=Gedächtnisfeier,
1027 1428 1077 1488 bei
1098 1427 1148 1487 der

281 1470 446 1530 Professor
479 1470 623 1530 Heinrich
661 1471 961 1531 Glücksmann
1004 1471 1050 1531 die
1087 1471 1149 1531 Ge¬

283 1512 431 1572 denkrede
456 1512 554 1572 halten
590 1512 683 1572 wird.
703 1512 772 1572 Der
797 1512 886 1572 Sohn
916 1514 965 1574 des
995 1513 1157 1573 Dichters,

287 1554 451 1614 Regisseur
484 1554 632 1614 Heinrich
664 1558 934 1618 Schnitzler,
961 1557 1072 1617 bringt
1105 1557 1152 1617 die

283 1599 545 1659 Meisternovelle
565 1599 663 1659 seines
689 1598 807 1658 Vaters
837 1599 1019 1659 „Leutnant
1040 1599 1133 1659 Gustl

282 1644 332 1704 zum
373 1641 536 1701 Vortrag,
557 1644 612 1704 und
643 1641 694 1701 das
725 1643 872 1703 Mitglied
903 1642 949 1702 des
975 1643 1147 1703 Deutschen

286 1686 524 1746 Volkstheaters
555 1686 625 1746 Lola
656 1686 808 1746 Chlud
839 1687 904 1747 liest
930 1686 1153 1746 unveröffent¬

286 1730 371 1790 lichte
397 1730 482 1790 Lyrik
503 1730 552 1790 des
578 1728 740 1788 Dichters.
755 1729 825 1789 Das
851 1730 1032 1790 Programm
1073 1728 1148 1788 wird

283 1773 356 1833 noch
396 1772 464 1832 eine
514 1772 675 1832 wertvolle
710 1772 945 1832 Bereicherung
990 1775 1132 1835 erfahren

289 1817 389 1877 Gäste
406 1817 638 1877 willk'ommen.

1075 1957 1187 2017 VEN

679 2233 796 2293 deues
821 2220 950 2280 Wiener
977 2201 1141 2261 Jorirel,
1166 2185 1247 2245 Mles

719 2357 967 2417 3U.RZ

337 2437 590 2497 (Gedächtnisfeier
624 2425 668 2485 für
703 2418 792 2478 Artur
821 2407 1001 2467 Schnitzler.)
1029 2398 1085 2458 Der
1113 2389 1248 2449 Deutsche
1277 2378 1399 2438 Schrift,

225 2485 435 2545 stellerverband
465 2470 650 2530 veranstaltet
676 2458 801 2518 Montag
832 2450 876 2510 den
912 2445 957 2505 10.
977 2439 1067 2499 April
1093 2432 1122 2492 um
1163 2428 1177 2488 6
1213 2424 1268 2484 Uhr
1298 2415 1383 2475 abend

231 2530 252 2590 im
297 2522 422 2582 Festsaal
445 2515 488 2575 des
522 2500 868 2560 Staatsbeamtenkasinos
901 2484 955 2544 eine
984 2466 1395 2526 Schnitzler=Gedächtnisseier

230 2568 274 2628 bei
302 2563 345 2623 der
379 2555 522 2615 Professor
544 2543 675 2603 Heinrich
721 2527 984 2587 Glücksmann
1035 2511 1078 2571 die
1106 2504 1282 2564 Gedenkrede
1315 2492 1392 2552 halte

228 2602 317 2662 wird.
338 2595 397 2655 Der
423 2590 497 2650 Sohn
528 2583 572 2643 des
598 2577 728 2637 Dichters
753 2566 898 2626 Regisseur
924 2556 1049 2616 Heinrich
1074 2543 1289 2603 Schnitzler
1315 2531 1394 2591 bring

233 2643 280 2703 die
307 2632 533 2692 Meisternovelle
560 2620 644 2680 seines
671 2610 775 2670 Vaters
807 2600 970 2660 „Leutnant
992 2588 1092 2648 Gustl"
1119 2582 1165 2642 zum
1208 2573 1329 2633 Vortrag
1361 2566 1392 2626 un

237 2681 287 2741 das
322 2672 456 2732 Mitglied
491 2664 535 2724 des
570 2656 721 2716 Deutschen
755 2639 980 2699 Volktstheaters
1014 2629 1081 2689 Lola
1110 2621 1239 2681 Chlud
1273 2609 1334 2669 liest
1363 2602 1396 2662 un

243 2715 457 2775 veröffentlichte
491 2703 573 2763 Lyvik
601 2694 650 2754 des
684 2686 826 2746 Dichters.
855 2677 915 2737 Das
948 2669 1108 2729 Programm
1158 2656 1223 2716 wird
1263 2649 1323 2709 noch
1356 2643 1394 2703 ein

253 2753 393 2813 wertvolle
415 2740 614 2800 Bereicherung
643 2728 791 2788 erfahren.

679 2947 988 3007 GRATIS

829 2997 896 3057 1.
910 2998 1078 3058 Oesterr.

439 3018 814 3078 OBSERVER
878 3027 1044 3087 beherdl.
1066 3029 1169 3089 konz.

408 3053 561 3113 Büro
590 3051 652 3111 für
672 3056 1155 3116 Zeltungsnachriohter

423 3095 692 3155 WIENI,
713 3101 1079 3161 WOLLZEILE

549 3188 622 3248 Wr.
631 3189 854 3249 Allgemelne
879 3188 1051 3248 Zaltung.
1060 3185 1150 3245 Wien

692 3292 710 3352 -
750 3297 768 3357 9
818 3307 963 3367 APR.
983 3310 1098 3370 1933

351 3460 474 3520 Artur
514 3456 1026 3516 Schnitzler=Gedenkabend

334 3517 397 3577 Der
430 3518 481 3578 vom
533 3516 693 3576 Deutschen
739 3510 1117 3570 Schriftsteller=Verband

253 3564 467 3624 veranstaltete
501 3561 603 3621 Artur
641 3555 1118 3615 Schnitzler=Gedächtnisabend

256 3609 354 3669 findet
385 3606 537 3666 Montag,
558 3603 607 3663 den
642 3603 691 3663 10.
716 3602 755 3662 d.,
775 3600 894 3660 präzise
924 3600 953 3660 18
983 3600 1061 3660 Uhr,
1087 3594 1111 3654 im

258 3651 406 3711 Festsaale
440 3648 487 3708 des
522 3645 930 3705 Staatsbeamtenkasinos,
954 3642 982 3702 1.
1007 3640 1131 3700 Bezirk.

255 3694 545 3754 Nibelungengasse
575 3692 609 3752 3,
629 3689 712 3749 statt.
737 3686 929 3746 Dramaturg
964 3684 1126 3744 Professor

253 3738 395 3798 Heinrich
426 3734 711 3794 Glücksmann
761 3731 874 3791 spricht
919 3728 1022 3788 Worte
1072 3725 1121 3785 des

261 3782 457 3842 Gedenkens,
471 3778 545 3838 Lola
569 3776 710 3836 Chlud
734 3773 789 3833 vom
827 3773 986 3833 Deutschen
1015 3768 1126 3828 Volks¬

250 3827 370 3887 theater
418 3823 490 3883 liest
534 3821 678 3881 Gedichte
731 3819 788 3879 aus
847 3815 899 3875 dem
967 3815 1125 3875 Nachlasse

254 3869 460 3929 Schnitzlers,
500 3866 554 3926 die
599 3863 780 3923 Regisseure
850 3860 904 3920 des
953 3858 1115 3918 Deutschen

256 3910 490 3970 Volkstheaters
563 3907 702 3967 Heinrich
755 3905 989 3965 Schnitzler
1062 3899 1119 3959 und

258 3955 346 4015 Hans
384 3952 665 4012 Schweickart
693 3949 824 4009 bringen
862 3946 1007 4006 Novellen
1073 3940 1124 4000 des

259 4000 415 4060 Dichters.
436 3996 592 4056 Elisabeth
629 3994 801 4054 Forini
847 3991 943 4051 singt,
984 3985 1130 4045 begleitet

259 4045 313 4105 von
344 4041 450 4101 Alfred
481 4039 607 4099 Rosé,
628 4038 683 4098 das
709 4036 780 4096 Lied
811 4033 861 4093 der
886 4032 1043 4092 Christine
1069 4027 1124 4087 aus

259 4087 311 4147 der
340 4087 426 4147 Oper
455 4082 627 4142 „Liebelei“
676 4079 737 4139 und
790 4078 838 4138 die
868 4076 1025 4136 Romanze
1078 4072 1125 4132 der

259 4128 383 4188 Sophie
407 4127 464 4187 aus
498 4125 545 4185 dem
589 4123 770 4183 Singspiele
799 4120 880 4180 „Der
909 4120 1024 4180 tapfere
1053 4114 1129 4174 Kas¬

262 4174 360 4234 sian".
400 4168 698 4228 Zuspätkommende
748 4162 855 4222 finden
909 4161 968 4221 nur
1002 4160 1026 4220 in
1066 4158 1115 4218 den

269 4215 388 4275 Pausen
425 4213 560 4273 Einlaß.

1480 382 1604 442 box
1683 384 1870 444 44/3

2608 279 2632 339 1.
2650 279 2814 339 Oesterr.

2186 308 2558 368 OBSERUER
2622 309 2786 369 beherdl.
2808 306 2911 366 konz.

2171 347 2303 407 Büro
2335 345 2396 405 für
2414 341 2901 401 Zeitungsnachrichten

2174 390 2349 450 WIEN
2396 388 2435 448 I,
2470 381 2828 441 WOLLZEILE
2875 379 2914 439 11

2513 523 2595 583 aner
2612 527 2736 587 Jaurna

2812 525 2889 585 Vien

2320 540 2436 600 Neues

2451 625 2525 685 11
2566 612 2718 672 APR.
2738 592 2853 652 1922

1994 778 2416 838 bistoberesung
2454 777 2865 837 ungeslackter
2892 775 3152 835 Gebichte

2281 909 2875 969 Mine=Schnigleis.

2132 987 2332 1047 Gedenkfeier
2361 987 2389 1047 im
2434 987 2595 1047 Deutschen
2635 984 3014 1044 Schriftstellerverband.

2223 1045 2422 1105 Originalbericht
2447 1047 2485 1107 des
2515 1045 2612 1105 „Neuen
2642 1046 2735 1106 Wiener
2761 1044 2912 1104 Journals".

2085 1110 2149 1170 Der
2199 1109 2751 1169 Artur=Schnitzler=Gedenkabend,
2801 1109 2854 1169 den
2909 1109 2968 1169 der
3017 1109 3163 1169 Deutsche

1980 1159 2334 1219 Schriftstellerverband
2380 1160 2496 1220 gestern
2547 1157 2572 1217 im
2633 1157 3002 1217 Staatsbeamtenkasino
3049 1155 3169 1215 veran¬

1983 1208 2114 1268 staltete,
2136 1208 2242 1268 verlief
2264 1208 2321 1268 sehr
2348 1205 2586 1265 eindrucksvoll.
2603 1208 2676 1268 Nach
2708 1206 2755 1266 der
2783 1205 2972 1265 Begrüßung
3000 1205 3084 1265 durch
3111 1205 3158 1265 den

1986 1256 2310 1316 Vereinspräsidenten
2343 1256 2439 1316 Oskar
2468 1256 2700 1316 Staudigl
2722 1256 2813 1316 sprach
2841 1254 2998 1314 Professor
3020 1251 3160 1311 Heinrich

1986 1303 2266 1363 Glücksmann
2304 1303 2409 1363 Worte
2436 1303 2488 1363 des
2521 1303 2716 1363 Gedenkens.
2743 1302 2785 1362 Er
2812 1300 2965 1360 schilderte
2992 1301 3161 1361 Schnitzler

1985 1352 2032 1412 als
2064 1351 2117 1411 den
2155 1351 2244 1411 echten
2281 1351 2403 1411 Dichter
2435 1351 2487 1411 der
2515 1351 2726 1411 Humanität,
2753 1350 2805 1410 wie
2838 1348 2901 1408 dies
2933 1349 3001 1409 auch
3039 1347 3091 1407 der
3119 1345 3171 1405 be¬

1983 1399 2107 1459 rühmte
2140 1399 2334 1459 französische
2373 1399 2594 1459 Schriftsteller
2633 1399 2773 1459 Georges
2812 1398 2974 1458 Duhamel
3007 1395 3163 1455 anläßlich

1980 1449 2064 1509 einer
2101 1448 2275 1508 Ansprache
2307 1447 2339 1507 im
2387 1447 2514 1507 Wiener
2551 1447 2688 1507 Penklub
2731 1445 2783 1505 zum
2836 1444 2995 1504 Ausdruck
3027 1444 3169 1504 gebracht

1983 1494 2079 1554 hatte.
2101 1494 2171 1554 Von
2204 1494 2360 1554 Hermann
2393 1494 2484 1554 Bahr
2511 1494 2641 1554 stammt
2669 1494 2716 1554 der
2744 1494 2938 1554 Ausspruch,
2960 1493 3013 1553 daß
3046 1493 3105 1553 wir
3132 1492 3159 1552 in

1982 1542 2150 1602 Schnitzler
2183 1542 2235 1602 den
2272 1542 2393 1602 Dichter
2425 1541 2477 1601 der
2515 1542 2741 1602 Kulturwende
2779 1541 2831 1601 vor
2869 1539 2926 1599 uns
2963 1539 3079 1599 haben,
3106 1539 3158 1599 den

1982 1590 2209 1650 Aristokraten,
2230 1590 2277 1650 der
2304 1590 2542 1650 unbekümmert
2569 1590 2600 1650 um
2642 1590 2689 1650 die
2716 1590 2822 1650 Gunst
2844 1587 2896 1647 der
2923 1587 3033 1647 Menge
3065 1587 3160 1647 seinen

1980 1641 2053 1701 Weg
2086 1641 2239 1701 gegangen
2276 1638 2344 1698 war
2376 1638 2434 1698 und
2467 1637 2535 1697 eben
2572 1637 2704 1697 deshalb
2736 1635 2868 1695 stärksten
2905 1635 3058 1695 Eindruck
3085 1635 3153 1695 beim

1981 1690 2090 1750 großen
2124 1687 2272 1747 Publikum
2312 1686 2494 1746 hinterließ.
2511 1686 2604 1746 Einer
2627 1686 2726 1746 seiner
2749 1686 2887 1746 schönsten
2920 1683 3163 1743 Charakterzüge

1985 1736 2046 1796 war
2078 1733 2154 1793 seine
2181 1733 2391 1793 Dankbarkeit
2412 1733 2510 1793 seinen
2541 1733 2722 1793 Entdeckern
2758 1731 2814 1791 und
2846 1730 3020 1790 Förderern
3057 1731 3170 1791 gegen¬

1978 1783 2075 1843 über.
2105 1784 2173 1844 Das
2214 1781 2306 1841 Werk
2347 1781 2549 1841 Schnitzlers,
2585 1781 2642 1841 das
2683 1778 2971 1838 weltumspannend
3012 1778 3052 1838 ist
3098 1778 3161 1838 (sein

1986 1830 2145 1890 „Anatol"
2172 1832 2205 1892 ist
2226 1829 2438 1889 gegenwärtig
2466 1830 2518 1890 das
2552 1829 2691 1889 Zugstück
2713 1829 2765 1889 der
2786 1826 2971 1886 japanischen
3005 1827 3177 1887 Bühnen),

1989 1878 2021 1938 ist
2043 1877 2202 1937 bleibend.

2094 1933 2189 1993 Durch
2215 1933 2284 1993 Lola
2311 1932 2451 1992 Chlud
2477 1933 2713 1993 ausgezeichnet
2727 1931 2963 1991 interpretiert,
2977 1931 3072 1991 kernte
3098 1931 3161 1991 man

1977 1981 2061 2041 dann
2104 1980 2166 2040 vier
2204 1981 2404 2041 ungedruckte
2442 1978 2584 2038 Gedichte
2622 1978 2679 2038 aus
2718 1980 2817 2040 seinem
2865 1978 2997 2038 Nachlaß
3045 1976 3177 2036 kennen.

1984 2031 2047 2091 „Am
2088 2029 2243 2089 Flügel",
2261 2028 2468 2088 „Stimmung
2498 2028 2555 2088 von
2585 2026 2683 2086 oben"
2712 2027 2769 2087 und
2805 2026 3024 2086 „Lebewohl",
3042 2026 3087 2086 die
3117 2023 3168 2083 der

1980 2075 2082 2135 letzten
2121 2074 2352 2134 Schaffenszeit
2379 2073 2433 2133 des
2466 2076 2611 2136 Dichters
2649 2074 2843 2134 angehören,
2870 2074 3048 2134 offenbaren
3086 2071 3166 2131 seine

1984 2122 2232 2182 Abgeklärtheit.
2278 2122 2413 2182 Reizend
2470 2122 2515 2182 ist
2566 2123 2622 2183 sein
2679 2122 2934 2182 Jugendgedicht
2985 2121 3171 2181 „Straßen¬

1983 2169 2238 2229 konversation",
2260 2169 2337 2229 ganz
2366 2169 2426 2229 aus
2460 2169 2509 2229 der
2543 2169 2732 2229 Stimmung
2766 2169 2815 2229 des
2849 2169 3164 2229 Ringstraßenkorsos

1987 2217 2009 2277 im
2055 2218 2348 2278 Vorkriegs=Wien.
2377 2219 2461 2279 Frau
2496 2217 2597 2277 Chlud
2632 2217 2739 2277 wurde
2768 2215 2891 2275 lebhec
2915 2217 3061 2277 gefeiert.
3084 2214 3163 2274 Auch

1985 2268 2143 2328 Regisseur
2170 2265 2259 2325 Hans
2297 2265 2570 2325 Schweikart
2602 2265 2723 2325 brachte
2755 2265 2818 2325 eine
2850 2262 2976 2322 Novelle
3009 2263 3066 2323 aus
3098 2263 3150 2323 dem

1986 2316 2118 2376 Nachlaß
2157 2314 2339 2374 Schnitzlers
2378 2314 2433 2374 zur
2473 2313 2665 2373 Vorlesung.
2693 2313 2754 2373 Die
2793 2313 3047 2373 Jugendnovelle
3086 2312 3168 2372 „Der

1983 2364 2147 2424 Andere",
2164 2362 2209 2422 die
2232 2363 2355 2423 kürzlich
2385 2361 2413 2421 im
2453 2361 2644 2421 Buchverlag
2673 2361 2820 2421 erschien,
2838 2361 2972 2421 versenkt
2996 2361 3040 2421 sich
3069 2361 3091 2421 in
3120 2359 3170 2419 die

1982 2411 2108 2471 Trauer
2135 2408 2187 2468 des
2220 2408 2361 2468 Mannes
2394 2408 2430 2468 um
2478 2408 2557 2468 seine
2584 2408 2699 2468 Gattin
2731 2408 2794 2468 und
2826 2408 2963 2468 enthüllt
2984 2408 3010 2468 in
3048 2408 3168 2468 psycho¬

1980 2459 2087 2519 logisch
2120 2458 2238 2518 feinster
2266 2456 2362 2516 Weise
2391 2456 2439 2516 den
2472 2456 2639 2516 Moment,
2661 2456 2703 2516 wo
2736 2456 2785 2516 der
2813 2456 2915 2516 Mann
2948 2456 3088 2516 entdeckt,
3110 2459 3163 2519 daß

1982 2507 2061 2567 nicht
2083 2507 2114 2567 er
2135 2506 2224 2566 allein
2251 2506 2283 2566 um
2326 2504 2378 2564 sein
2405 2504 2489 2564 Weib
2516 2504 2653 2564 trauert,
2675 2505 2795 2565 sondern
2828 2504 2891 2564 auch
2923 2504 2965 2564 ihr
2992 2504 3176 2564 Liebhaber.

1984 2555 2041 2615 Die
2070 2554 2324 2614 Jaterpretation
2359 2552 2567 2612 Schweikarts
2597 2554 2665 2614 fand
2701 2555 2868 2615 gleichfalls
2897 2553 3006 2613 großen
3042 2552 3174 2612 Beisall.

2098 2611 2154 2671 Den
2194 2611 2403 2671 musikalischen
2443 2610 2516 2670 Teil
2562 2610 2618 2670 des
2675 2610 2793 2670 Abends
2851 2608 2969 2668 bestritt
3021 2608 3167 2668 Elisabeth

1987 2659 2167 2719 Forini,
2185 2659 2235 2719 von
2269 2659 2365 2719 Alfred
2394 2659 2500 2719 Rosé
2529 2659 2557 2719 am
2604 2658 2710 2718 Flügel
2734 2656 2886 2716 begleitet.
2903 2658 2976 2718 Man
3005 2659 3089 2719 hörte
3118 2656 3168 2716 das

1992 2708 2052 2768 Lied
2086 2708 2135 2768 der
2163 2707 2307 2767 Christine
2341 2707 2390 2767 aus
2418 2707 2468 2767 der
2496 2707 2578 2767 Oper
2606 2707 2794 2767 „Liebelei",
2811 2707 2855 2767 die
2883 2707 2949 2767 nach
2978 2707 3021 2767 dem
3066 2704 3170 2764 gleich¬

1989 2757 2125 2817 namigen
2163 2755 2331 2815 Schauspiel
2358 2755 2410 2815 von
2442 2755 2547 2815 Franz
2569 2755 2732 2815 Neumann
2764 2752 2948 2812 komponiert
2975 2753 3090 2813 wurde.
3112 2756 3169 2816 Die

1988 2806 2072 2866 Oper
2099 2804 2204 2864 erlebte
2231 2803 2283 2863 vor
2310 2803 2357 2863 dem
2400 2803 2505 2863 Kriege
2532 2803 2589 2863 ihre
2616 2803 2847 2863 Uraufführung
2874 2803 2900 2863 in
2932 2802 3095 2862 Frankfurt
3122 2801 3153 2861 am

1989 2853 2077 2913 Main
2111 2850 2165 2910 und
2199 2851 2298 2911 bildete
2326 2853 2414 2913 lange
2437 2852 2508 2912 Zeit
2536 2850 2574 2910 ein
2608 2851 2756 2911 Zugstück.
2773 2851 2817 2911 In
2851 2850 2933 2910 Wien
2967 2850 3082 2910 erschien
3116 2847 3165 2907 das

1989 2900 2078 2960 Werk
2110 2900 2162 2960 vor
2194 2901 2310 2961 einigen
2348 2901 2463 2961 Jahren
2506 2901 2532 2961 im
2580 2898 2759 2958 Repertoire
2791 2898 2843 2958 der
2875 2897 3054 2957 Volksoper.
3108 2898 3170 2958 Der

1989 2949 2165 3009 Komponist
2194 2949 2270 3009 schuf
2299 2949 2359 3009 hiec
2393 2949 2431 3009 ein
2465 2948 2531 3008 Lied
2565 2946 2592 3006 im
2637 2946 2780 3006 Volkston
2842 2945 2869 3005 in
2903 2946 3156 3006 ritornellartigem

1992 2998 2073 3058 Stil,
2095 2997 2143 3057 der
2171 2997 2219 3057 bei
2241 2997 2381 3057 einfacher
2409 2997 2679 3057 Harmonisierung
2707 2997 2755 3057 die
2783 2994 2912 3054 Melodie
2940 2994 3015 3054 schön
3048 2994 3172 3054 heraus¬

1992 3047 2129 3107 arbeitet.
2150 3044 2218 3104 Auch
2245 3044 2346 3104 Oskar
2367 3044 2478 3104 Straus
2510 3044 2583 3104 hatte
2605 3046 2673 3106 sich,
2690 3045 2742 3105 von
2769 3042 2816 3102 dem
2853 3041 2996 3101 grotesken
3028 3041 3175 3101 Puppen¬

1990 3098 2063 3158 spiel
2098 3095 2176 3155 „Der
2206 3092 2324 3152 tapfere
2353 3092 2489 3152 Kassian"
2529 3092 2693 3152 begeistert,
2717 3089 2920 3149 entschlossen,
2944 3089 3034 3149 dieses
3086 3089 3176 3149 Werk

1992 3143 2347 3203 durchzukomponieren.
2373 3140 2430 3200 Die
2461 3140 2615 3200 Romanze
2647 3140 2698 3200 der
2729 3140 2863 3200 Sophie,
2884 3137 2930 3197 die
2961 3137 3023 3197 man
3065 3137 3167 3197 gestern

1994 3194 2097 3254 hörte,
2123 3194 2171 3254 ließ
2209 3192 2313 3252 wieder
2350 3192 2460 3252 einmal
2492 3191 2651 3251 erkennen,
2677 3191 2732 3251 daß
2769 3191 2818 3251 der
2849 3189 2996 3249 populäre
3028 3188 3168 3248 Schöpfer

1970 3281 2029 3341 der
2060 3283 2160 3343 großen
2201 3283 2341 3343 Operette
2374 3286 2413 3346 ein
2454 3287 2725 3347 ausgezeichneter,
2746 3283 2988 3343 verinnerlichter
3019 3284 3149 3344 Musiker

1966 3331 2014 3391 ist.
2041 3331 2165 3391 Starker
2193 3333 2332 3393 Applaus
2365 3333 2462 3393 lohnte
2495 3334 2538 3394 die
2566 3334 2792 3394 Darbietungen
2825 3332 2873 3392 der
2906 3331 3089 3391 Künstlerin.

2076 3379 2210 3439 Heinrich
2243 3382 2480 3442 Schnitzler
2513 3382 2588 3442 hatte
2621 3382 2653 3442 es
2686 3382 2939 3442 unternommen,
2967 3379 3042 3439 eines
3096 3381 3150 3441 der

1969 3427 2189 3487 Meisterwerke
2218 3428 2308 3488 seines
2342 3429 2472 3489 Vaters,
2506 3430 2676 3490 „Leutnant
2710 3430 2834 3490 Gustl",
2863 3430 3077 3490 vorzutragen.
3106 3428 3144 3488 Es

1972 3478 2070 3538 gelang
2099 3477 2176 3537 ihm,
2194 3474 2276 3534 dieses
2304 3477 2521 3537 Kabinettstück
2544 3477 2721 3537 Schnitzlers
2749 3477 2798 3537 mit
2827 3477 2898 3537 aller
2921 3477 3059 3537 Feinheit
3082 3474 3154 3534 vor¬

1969 3525 2122 3585 zutragen.
2151 3525 2282 3585 Mimisch
2316 3522 2371 3582 und
2399 3525 2531 3585 drastisch
2565 3525 2630 3585 fand
2664 3525 2691 3585 er
2719 3525 2768 3585 den
2807 3525 2939 3585 richtigen
2973 3525 3055 3585 Ton,
3078 3522 3149 3582 hielt

1974 3575 2016 3635 sich
2053 3573 2105 3633 von
2143 3573 2216 3633 allen
2254 3571 2523 3631 Uebertreibungen
2560 3573 2645 3633 fern.
2672 3573 2745 3633 Man
2788 3573 2878 3633 lachte
2910 3573 3036 3633 hellaus,
3063 3573 3147 3633 wenn

1968 3623 2000 3683 er
2028 3621 2070 3681 die
2103 3618 2362 3678 heiter-tronischen
2400 3619 2513 3679 Stellen
2546 3621 2724 3681 pointierte,
2751 3621 2805 3681 und
2838 3620 2929 3680 fühlte
2962 3621 3005 3681 die
3032 3619 3150 3679 Todes¬

1971 3670 2056 3730 angst
2084 3669 2132 3729 des
2165 3669 2272 3729 jungen
2311 3667 2477 3727 Leutnants
2516 3669 2585 3729 mit,
2613 3668 2655 3728 die
2688 3666 2715 3726 er
2753 3669 2806 3729 auf
2834 3669 2925 3729 seinem
2969 3669 3141 3729 nächtlichen

1980 3718 2179 3778 Spaziergang
2207 3716 2233 3776 in
2261 3716 2309 3776 den
2342 3716 2449 3776 Prater
2477 3714 2601 3774 erlebte.
2618 3715 2757 3775 Atemlos
2785 3716 2876 3776 folgte
2903 3715 2968 3775 man
2995 3714 3043 3774 der
3071 3713 3151 3773 Vor¬

1975 3767 2090 3827 lesung,
2107 3764 2190 3824 wenn
2218 3764 2267 3824 der
2290 3764 2417 3824 Offizier
2446 3763 2555 3823 immer
2584 3762 2727 3822 neuerlich
2756 3764 2833 3824 seine
2861 3763 3060 3823 Todesstunde
3094 3761 3154 3821 fest¬

1975 3816 2049 3876 legt.
2073 3815 2130 3875 Der
2165 3812 2379 3872 Kirchenbesuch
2414 3811 2465 3871 des
2501 3812 2667 3872 Leutnants
2703 3811 2737 3871 ist
2766 3811 2818 3871 wie
2848 3812 2893 3872 die
2923 3814 3078 3874 Katharsis
3113 3812 3136 3872 im

1972 3863 2087 3923 Drama
2120 3863 2296 3923 novellistisch
2324 3860 2589 3920 durchgearbeitet.
2611 3860 2671 3920 Zum
2711 3860 2820 3920 Schluß
2854 3860 2947 3920 wirkte
2975 3860 3024 3920 der
3047 3860 3151 3920 unter¬

1972 3910 2081 3970 drückte
2111 3910 2272 3970 Aufschrei,
2296 3907 2347 3967 den
2383 3906 2412 3966 er
2441 3905 2504 3965 beim
2551 3907 2811 3967 Bekanntwerden
2847 3907 2892 3967 des
2928 3907 3026 3967 Todes
3061 3907 3153 3967 seines

1972 3960 2109 4020 Gegners
2143 3956 2286 4016 ausstieß,
2308 3955 2501 4015 erschütternd
2535 3955 2590 4015 und
2624 3955 2772 4015 befreiend
2812 3955 2949 4015 zugleich.
2977 3955 3038 4015 Der
3071 3955 3154 4015 Vor¬

1975 4006 2036 4066 trag
2065 4006 2138 4066 diesr
2161 4005 2279 4065 Novelle
2302 4003 2364 4063 war
2387 4003 2448 4063 eine
2477 4003 2725 4063 Meisterleistung
2754 4005 2934 4065 schlechthin.
2952 4004 3154 4064 Stürmischer

1972 4051 2095 4111 Beifall
2120 4054 2173 4114 ließ
2209 4054 2368 4114 erkennen,
2392 4052 2438 4112 daß
2480 4053 2521 4113 die
2551 4054 2805 4114 Interpretation
2841 4051 2923 4111 durch
2977 4053 3024 4113 den
3066 4051 3148 4111 Sohn

1973 4097 2154 4157 Schnitzlers
2180 4102 2210 4162 so
2261 4102 2367 4162 erfolgt
2418 4102 2499 4162 war,
2524 4102 2580 4162 wie
2612 4104 2649 4164 sie
2675 4102 2724 4162 dem
2769 4102 2893 4162 Dichter
2944 4102 3156 4162 vorgeschwebt

1970 4141 2060 4201 haben
2101 4143 2190 4203 muß.
