3436 4320
221 282 237 342 2

377 294 855 354 Schnitzler
924 299 961 359 s
1020 291 1258 351 Death

594 1046 763 1106 Berliner
776 1025 1049 1085 Lörsengeitung
1084 1015 1094 1075 A

594 1117 674 1177 19.
695 1116 817 1176 NOV.
850 1139 1063 1199 1931e

320 1128 439 1188 vom:

254 1342 598 1402 Barnowikys
647 1345 1291 1405 Schnitzler=Gedenkfeier.

504 1413 737 1473 „Professor
771 1416 1029 1476 Bernhardi“

400 1468 429 1528 im
479 1470 696 1530 Deutschen
733 1475 1139 1535 Künstler=Theater.

324 1525 390 1585 Den
420 1525 544 1585 Bußtag
567 1530 699 1590 benutzte
729 1530 905 1590 Barnowsky
928 1534 979 1594 gur
1009 1534 1134 1594 Ehrung
1164 1537 1207 1597 des
1238 1536 1288 1596 da¬

241 1569 486 1629 hingegangenen
532 1570 692 1630 Dichters.
747 1575 937 1635 Allerdings,
975 1575 1042 1635 eine
1089 1578 1288 1638 zweifelhafte

248 1610 392 1670 Ehrung!
434 1611 523 1671 Denn
556 1613 724 1673 „Professor
748 1616 957 1676 Bernhardi“,
977 1618 1065 1678 dieses
1094 1619 1299 1679 schwächliche,

244 1652 503 1712 antiklerikalische
531 1656 758 1716 Tendenzstück,
777 1660 799 1720 in
831 1661 881 1721 dem
922 1661 981 1721 nur
1009 1661 1054 1721 der
1081 1661 1290 1721 Professoren¬

247 1695 469 1755 Konferenzakt
492 1699 569 1759 seine
593 1700 687 1760 Kraft
711 1700 847 1760 gewahrt
866 1704 933 1764 hat,
947 1703 1020 1763 liegt
1043 1706 1211 1766 außerhalb
1238 1706 1288 1766 von

246 1739 422 1799 Schnitzlers
451 1742 590 1802 Sphäre.
633 1741 674 1801 Es
703 1743 739 1803 ist
763 1745 866 1805 sicher:
894 1745 945 1805 das
978 1747 1155 1807 Schauspiel
1179 1750 1216 1810 ist
1239 1749 1281 1809 ein

245 1781 521 1841 unschnitzlerischer
549 1784 726 1844 Schnitzler.
773 1785 813 1845 Er
841 1785 894 1845 hat
918 1787 945 1847 in
982 1790 1072 1850 diesem
1118 1791 1290 1851 bitterernst

240 1825 402 1885 gomeinten
439 1826 557 1886 Drama
603 1828 659 1888 mit
686 1828 734 1888 der
775 1828 961 1888 zugespitzten
1001 1834 1288 1894 Leitartikelsprache

244 1867 286 1927 als
320 1868 439 1928 Dichter
473 1869 602 1929 versagt.
651 1870 717 1930 Das
751 1872 837 1932 Stück
866 1874 937 1934 wird
971 1876 1067 1936 einige
1096 1879 1282 1939 Jahrzehnte

235 1909 304 1969 kaum
345 1911 410 1971 noch
433 1912 626 1972 überdauern

307 1952 381 2012 Aber
405 1955 578 2015 Schnitzler,
597 1957 644 2017 der
668 1957 789 2017 Wiener
809 1960 1100 2020 Heimatskünstler,
1119 1963 1282 2023 Schilderer

235 1996 322 2056 eines
354 1999 481 2059 müben,
508 1999 729 2059 überzüchteten
769 2001 945 2061 Geschlechts
981 2004 1064 2064 einer
1096 2008 1276 2068 bestimmten

237 2040 360 2100 Epoche,
379 2040 410 2100 ist
433 2040 478 2100 als
502 2041 679 2101 dichtender,
698 2043 1003 2103 seelenenthüllender
1026 2046 1176 2106 Gestalter
1204 2049 1285 2109 jener

234 2082 423 2142 gestorbenen
462 2085 650 2145 Generation
689 2085 762 2145 nicht
788 2088 1019 2148 wegzudenken.
1075 2089 1148 2149 Sein
1196 2088 1285 2148 Werl

235 2124 309 2184 wird
336 2127 468 2187 bestehen
499 2127 547 2187 als
587 2129 873 2189 literarhistorisches
904 2133 1093 2193 Dokument,
1120 2133 1203 2193 wenn
1247 2133 1278 2193 es

229 2167 297 2227 auch
329 2169 392 2229 eine
420 2171 560 2231 Zeitlang
592 2172 646 2232 von
683 2172 728 2232 der
760 2172 923 2232 Bildfläche
956 2175 1164 2235 verschwinden
1201 2178 1282 2238 mag.

238 2211 306 2271 Man
338 2213 410 2273 kann
443 2214 547 2274 sagen,
565 2214 628 2274 dies
657 2214 697 2274 sei
716 2215 801 2275 eines
829 2217 1193 2277 Schnitzler=Liebhabers
1220 2218 1283 2278 An¬

234 2255 406 2315 sichtssache.
447 2256 520 2316 Doch
545 2258 589 2318 die
614 2258 727 2318 Ansicht
752 2258 781 2318 ist
806 2261 984 2321 begründet.
1019 2261 1181 2321 Schnitzler
1206 2264 1279 2324 wird

237 2297 380 2357 bleiben!

307 2342 373 2402 Also
398 2342 574 2402 Schnitzlers
599 2342 818 2402 tendenziöses,
833 2345 995 2405 politisches
1019 2348 1277 2408 Klevus=contra¬

231 2384 497 2444 Arzi=Schauspiel
530 2386 586 2446 mit
615 2387 708 2447 seinen
745 2387 993 2447 weitschweifigen
1036 2390 1269 2450 Abhandlungen

229 2426 288 2486 und
325 2427 538 2487 Diskussionen
584 2426 643 2486 und
684 2431 939 2491 aufgeplusterten
981 2431 1126 2491 Intrigen
1172 2434 1280 2494 gehört

229 2468 303 2528 nicht
330 2470 356 2530 zu
392 2470 475 2530 jenen
516 2470 732 2530 Dauerwerken
768 2473 825 2533 wie
852 2472 896 2532 die
927 2473 1196 2533 Anatol=Szenen,
1223 2477 1276 2537 wie

234 2512 392 2572 „Liebelei“
427 2512 482 2572 und
517 2515 606 2575 vieles
641 2515 769 2575 andere.
795 2515 941 2575 Darüber
971 2518 1090 2578 vermag
1125 2520 1189 2580 auch
1224 2519 1275 2579 der

229 2557 387 2617 energische
415 2555 528 2615 Beifall
551 2558 623 2618 nicht
642 2557 950 2617 hinwegzutäuschen,
969 2560 1014 2620 den
1042 2560 1091 2620 das
1119 2562 1209 2622 Stück
1227 2563 1259 2623 am

228 2599 345 2659 Bußtag
373 2602 522 2662 gefunden
555 2602 618 2662 hat.
641 2600 650 2660 —
700 2602 741 2662 In
773 2602 823 2662 der
846 2603 1059 2663 vorjährigen,
1078 2604 1136 2664 doch
1169 2605 1273 2665 aufge¬

227 2640 347 2700 frischten
400 2644 457 2704 und
501 2646 673 2706 gestraffter
712 2646 889 2706 gehaltenen
928 2646 1153 2706 Inszenierung
1187 2647 1254 2707 Bar

227 2684 358 2744 nowsky.

300 2730 361 2790 Den
396 2730 506 2790 großen
540 2730 645 2790 Erfolg
674 2730 794 2790 heimste
828 2731 904 2791 nicht
929 2733 1087 2793 Schnitzler
1121 2734 1183 2794 ein,
1207 2732 1274 2792 son¬

221 2772 281 2832 dern
320 2772 470 2832 wiederum
523 2774 738 2834 Kortner,
773 2774 867 2834 dessen
920 2776 1169 2836 unpathetischer,
1213 2777 1260 2837 von

221 2814 302 2874 einem
349 2816 491 2876 leichten,
517 2817 714 2877 überlegenen
753 2817 873 2877 Humor
903 2820 1138 2880 durchwärmter
1169 2819 1271 2879 Bern¬

223 2855 309 2915 hardi
328 2858 487 2918 schlechthin
515 2858 664 2918 vollendet
683 2860 760 2920 war.
792 2860 837 2920 Er
861 2860 924 2920 gibt
942 2861 983 2921 ihn
1011 2860 1070 2920 still
1098 2858 1111 2918 —
1157 2861 1274 2921 manch¬

223 2900 286 2960 mal
304 2902 426 2962 beinahe
454 2903 481 2963 zu
504 2903 563 2963 still
581 2903 630 2963 —,
644 2903 717 2963 ohne
740 2903 794 2963 viel
817 2902 989 2962 Aufhebens
1012 2903 1039 2963 zu
1066 2903 1202 2963 machen,
1216 2907 1270 2967 mit

223 2942 367 3002 lebhaften
399 2944 575 3004 Gebärden,
594 2945 638 3005 die
666 2945 806 3005 zuweilen
838 2948 923 3008 witzig
955 2948 1163 3008 unterstrichen
1195 2948 1267 3008 sind.

223 2985 288 3045 Nur
311 2987 363 3047 das
394 2987 482 3047 Wort
505 2989 588 3049 sollte
615 2987 746 3047 Kortner
773 2989 856 3049 mehr
883 2989 935 3049 zur
962 2988 1098 3048 Geltung
1125 2990 1270 3050 bringen.

224 3029 281 3089 Der
306 3030 392 3090 Trieb
426 3032 488 3092 nach
523 3032 739 3092 Natürlichkeit
759 3030 845 3090 führt
870 3031 917 3091 ihn
952 3032 999 3092 zur
1028 3034 1273 3094 Undeutlichkeit.

290 3070 344 3130 Die
394 3073 612 3133 Aufführung,
653 3074 703 3134 von
758 3073 1012 3133 Barnowsky
1054 3076 1180 3136 zumeist
1222 3075 1248 3135 im

216 3114 332 3174 leichten
383 3117 682 3177 Unterhaltungston
734 3118 892 3178 gehalten,
931 3118 986 3178 ließ
1038 3118 1079 3178 ein
1132 3118 1261 3178 Dutzend

216 3160 471 3220 Medizinertypen
509 3160 564 3220 auf
588 3160 639 3220 der
672 3160 779 3220 Bühne
807 3160 1091 3220 herumschwirren:
1129 3160 1254 3220 Willy

218 3203 361 3263 Grill,
381 3205 405 3265 in
439 3203 519 3263 einer
549 3202 865 3262 Mommsen=Maske;
889 3202 1023 3262 Heinz
1052 3205 1268 3265 Salfner,

219 3244 349 3304 Harry
396 3247 559 3307 Hardt,
600 3246 718 3306 Emil
764 3245 1000 3305 Mamelok,
1041 3247 1254 3307 Hermann

216 3288 364 3348 Wlach,
388 3288 550 3348 Rudolf
580 3288 746 3348 Platte.
790 3288 1024 3348 Ausgezeichnet
1048 3289 1100 3349 der
1130 3289 1258 3349 Pfarrer

211 3329 332 3389 Ernst
369 3333 785 3393 Stahl=Nachbaurs
827 3331 883 3391 und
930 3332 1051 3392 Ernst
1094 3333 1261 3393 Wurm¬

208 3374 305 3434 sers
331 3374 537 3434 Verteidiger.

277 3414 340 3474 Der
364 3417 482 3477 Beifall
501 3415 510 3475 —
556 3417 734 3477 namentlich
762 3417 812 3477 für
835 3418 963 3478 Kortner
991 3417 1045 3477 und
1073 3420 1251 3480 Barnowsky

226 3453 234 3513 —
270 3461 397 3521 brauste.
433 3459 477 3519 Er
499 3459 613 3519 brauste
636 3461 706 3521 aber
729 3460 803 3520 nicht
821 3460 882 3520 nach
909 3461 957 3521 der
980 3459 988 3519 —
1033 3461 1085 3521 auf
1108 3463 1178 3523 Witz
1196 3464 1253 3524 und

201 3503 327 3563 Skepsis
359 3503 585 3563 gegründeten,
613 3503 772 3563 Schnitzler
804 3503 894 3563 knapp
931 3503 985 3563 und
1022 3505 1162 3565 liebevoll
1190 3505 1257 3565 um¬

216 3545 369 3605 reißenden

492 3548 752 3608 viertelstündigen
802 3546 989 3606 Gedenkrede
1035 3548 1099 3608 Dr.
1141 3551 1250 3611 Egon

500 3590 546 3650 die
588 3590 644 3650 der
691 3588 887 3648 Aufführung
939 3590 1126 3650 voranging.
1187 3593 1252 3653 Der

210 3628 352 3688 Puscen

257 3629 702 3689 Friedell,
731 3632 785 3692 der
823 3634 894 3694 eine
932 3634 1014 3694 recht
1060 3635 1250 3695 gewaltsame

213 3673 362 3733 Parallele
390 3673 517 3733 zwischen
549 3676 598 3736 dem
640 3676 762 3736 Märker
785 3676 921 3736 Theodor
945 3678 1081 3738 Fontane
1108 3678 1163 3738 und
1190 3679 1240 3739 dem

213 3714 329 3774 Wiener
353 3715 469 3775 Arthur
493 3718 651 3778 Schnitzler
675 3720 740 3780 zog,
760 3718 932 3778 bezeichnete
956 3721 1067 3781 diesen,
1086 3721 1156 3781 allzu
1189 3724 1254 3784 tief¬

214 3757 374 3817 schürfend,
395 3759 439 3819 als
470 3761 550 3821 einen
581 3763 792 3823 „Entgötterer
818 3763 873 3823 aus
898 3763 1119 3823 Humanität“.

922 3808 1029 3868 dulus
1061 3811 1186 3871 Knont.

1476 285 1601 345 box
1681 288 1869 348 44/1

1670 955 2379 1015 OBSERVER

1754 1022 1779 1082 I.
1793 1019 1913 1079 österr.
1926 1018 2072 1078 behördl.
2086 1013 2387 1073 konzessioniertes

1709 1063 1949 1123 Unternehmen
1976 1060 2025 1120 für
2052 1053 2439 1113 Zeitungs-Ausschnitte

1759 1121 1906 1181 WIEN,
1934 1123 1980 1183 I.,
2008 1118 2298 1178 WOLLZEILE
2345 1114 2385 1174 11

1859 1171 2073 1231 TELEPHON
2111 1167 2284 1227 R-23-0-43

1551 1330 1701 1390 dreuse:

1824 1401 1930 1461 EUr2
1967 1381 2300 1441 ONOV.1931

1549 1431 1652 1491 ate:

1931 1591 2310 1651 Schnitzler-Feier
2344 1593 2407 1653 bei
2441 1595 2731 1655 Bårnowsky.

1803 1655 1808 1715 I
1877 1654 2036 1714 Deutschey
2074 1655 2376 1715 Künstler=Theater
2414 1655 2462 1715 bot
2494 1656 2604 1716 Viktor
2636 1656 2820 1716 Parnowski
2851 1655 2900 1715 ols

1719 1695 2029 1755 Gedächtnisfeiern/
2045 1693 2097 1753 für
2123 1694 2299 1754 Arthur
2330 1694 2568 1754 Schnitzler
2600 1697 2667 1757 eine
2703 1697 2905 1757 Aufführung

1725 1733 1769 1793 des
1805 1733 2057 1793 „Professr
2087 1733 2384 1793 Bezrnhardi“.
2425 1735 2495 1795 Mit
2521 1733 2606 1793 Fritz
2632 1735 2767 1795 Kortner
2798 1735 2823 1795 in
2858 1733 2908 1793 der

1722 1772 1895 1832 Titelrolle,
1919 1770 1967 1830 der
1996 1771 2058 1831 nach
2088 1772 2232 1832 längerer
2262 1772 2362 1832 Pause
2387 1773 2439 1833 zum
2478 1773 2570 1833 ersten
2604 1774 2690 1834 Male
2720 1773 2835 1833 wieder
2864 1775 2907 1835 die

1725 1809 1827 1869 Bühne
1856 1808 1964 1868 betrat
1997 1810 2053 1870 und
2091 1809 2147 1869 von
2185 1812 2283 1872 seiner
2316 1813 2499 1873 zahlreichen
2538 1811 2800 1871 Anhängerschaft
2833 1811 2917 1871 dem¬

1723 1846 1927 1906 entsprechend
1961 1848 2091 1908 gefeiert
2115 1851 2236 1911 wurde,
2259 1852 2403 1912 gelangte
2431 1851 2487 1911 das
2520 1850 2622 1910 Stück,
2646 1849 2767 1909 obwohl
2795 1851 2827 1911 es
2860 1849 2911 1909 für

1723 1885 1788 1945 eine
1830 1886 1904 1946 weit
1947 1888 2184 1948 zurückliegende
2231 1891 2300 1951 Zeit
2342 1891 2519 1951 geschrieben
2570 1891 2672 1951 wurde
2719 1888 2774 1948 und
2817 1889 2909 1949 heute

1723 1924 1872 1984 vielleicht
1905 1927 2013 1987 gerade
2045 1927 2095 1987 die
2127 1930 2335 1990 umgekehrten
2376 1930 2553 1990 Vorzeichen
2590 1930 2757 1990 bekommen
2803 1927 2916 1987 müßte,

1724 1964 1836 2024 wieder
1869 1966 1896 2026 zu
1934 1966 1999 2026 sehr
2033 1966 2144 2026 starker
2177 1968 2340 2028 Wirkung.
2392 1969 2471 2029 Auch
2509 1969 2569 2029 wer
2602 1968 2653 2028 der
2686 1968 2788 2028 Fabel
2817 1968 2909 2028 dieses

1722 2004 1847 2064 Wiener
1880 2005 2072 2065 Zeitbildes,
2096 2005 2147 2065 der
2180 2008 2376 2068 Verfolgung
2409 2008 2460 2068 des
2498 2007 2582 2067 edlen
2615 2008 2760 2068 jüdischen
2803 2005 2909 2065 Arztes

1726 2041 1804 2101 durch
1840 2043 2238 2103 klerikal=nationalistische
2273 2046 2538 2106 Unduldsamkeit,
2569 2044 2626 2104 und
2658 2045 2710 2105 der
2741 2045 2816 2105 recht
2843 2043 2918 2103 par¬

1720 2080 1851 2140 teiischen
1884 2082 2070 2142 Verteilung
2103 2083 2154 2143 von
2192 2083 2270 2143 Licht
2304 2085 2359 2145 und
2392 2085 2532 2145 Schatten
2569 2084 2695 2144 skeptisch
2733 2083 2788 2143 und
2821 2083 2914 2143 zwei¬

1723 2121 1802 2181 felnd
1835 2121 2095 2181 gegenübersteht,
2124 2123 2198 2183 wird
2231 2121 2282 2181 zum
2329 2124 2492 2184 mindesten
2529 2122 2608 2182 durch
2646 2122 2692 2182 die
2725 2121 2753 2181 im
2800 2121 2892 2181 bestem

1726 2157 1826 2217 Sinne
1853 2160 2096 2220 theatermäßige
2123 2160 2180 2220 und
2207 2163 2383 2223 spannende
2411 2163 2679 2223 Dramatisierung
2711 2161 2803 2221 dieses
2834 2160 2918 2220 Kon¬

1728 2196 1802 2256 flikts
1840 2196 1988 2256 gefesselt.
2036 2199 2176 2259 Kortner
2209 2199 2288 2259 zeigt
2321 2200 2367 2260 sich
2405 2201 2470 2261 hier
2507 2199 2591 2259 wohl
2625 2199 2652 2259 in
2695 2199 2778 2259 einer
2811 2199 2909 2259 seiner

1723 2234 1816 2294 besten
1849 2236 1974 2296 Rollen,
1998 2236 2053 2296 und
2086 2235 2137 2295 der
2161 2237 2328 2297 stürmische
2357 2237 2463 2297 Erfolg
2496 2237 2547 2297 für
2575 2237 2616 2297 ihn
2654 2237 2709 2297 und
2738 2238 2816 2298 seine
2850 2236 2895 2296 zum

1718 2276 1828 2336 großen
1857 2276 1928 2336 Teil
1948 2276 2097 2336 ebenfalls
2126 2278 2347 2338 vortrefflichen
2381 2279 2558 2339 Mitspieler
2583 2279 2650 2339 war
2674 2276 2919 2336 wohlverdient.

1802 2330 1861 2390 Die
1887 2333 2068 2393 einleitende
2094 2334 2350 2394 Gedächtnisrede
2376 2336 2446 2396 Dr.
2467 2333 2572 2393 Egon
2608 2334 2763 2394 Friede

1723 2372 1872 2432 schäftigte
1901 2372 1944 2432 sich
1973 2372 2049 2432 zwar
2079 2372 2212 2432 weniger
2242 2372 2299 2432 mit
2323 2372 2371 2432 dem
2415 2372 2491 2432 toten
2520 2372 2644 2432 Dichter
2669 2372 2755 2432 selbst

1731 2411 1821 2471 seiner
1849 2411 1985 2471 geistigen
2021 2410 2076 2470 und
2108 2411 2290 2471 räumlichen
2326 2411 2476 2471 Umwelt.
2518 2410 2599 2470 Aber
2627 2411 2658 2471 sie
2686 2411 2840 2471 entwarf,
2863 2411 2917 2471 wie

1726 2449 1784 2509 alle
1812 2449 2043 2509 Darbietungen
2079 2446 2170 2506 dieses
2202 2449 2305 2509 klugen
2343 2448 2401 2508 und
2429 2449 2564 2509 überaus
2596 2449 2750 2509 belesenen
2787 2449 2917 2509 Kultur¬

1723 2486 1881 2546 kritikers,
1900 2487 1940 2547 ein
1968 2487 2063 2547 klares
2091 2486 2144 2546 und
2168 2488 2290 2548 zugleich
2317 2488 2585 2548 farbenfreudiges
2608 2488 2680 2548 Bild
2703 2488 2789 2548 jenes
2812 2488 2920 2548 Wien,

1723 2525 1777 2585 der
1814 2527 2185 2587 „europäisch=asiatischen
2227 2528 2444 2588 Grenzstadt“,
2477 2527 2530 2587 aus
2567 2527 2653 2587 deren
2699 2527 2916 2587 Barockkultur

1724 2563 1782 2623 und
1817 2565 1925 2625 müder
1955 2566 2156 2626 Resignation
2191 2569 2373 2629 Schnitzlers
2408 2569 2648 2629 Persönlichkeit
2683 2566 2737 2626 und
2772 2566 2914 2626 Schaffen

1722 2603 1778 2663 erst
1809 2605 2009 2665 verständlich
2046 2605 2138 2665 wird.

2842 2608 2887 2668 N.

1887 3049 1961 3109 20

2284 3058 2450 3118 1931

2348 3252 2354 3312 —

1787 3315 2030 3375 Gedächtnisseier
2066 3309 2113 3369 für
2161 3305 2274 3365 Arthur
2310 3302 2487 3362 Schnitzler.
2535 3295 2629 3355 „Pro¬

1718 3358 1792 3418 fessor
1822 3354 2007 3414 Pernardi",
2031 3351 2082 3411 das
2130 3348 2152 3408 in
2188 3345 2239 3405 der
2287 3342 2477 3402 Würdigung
2525 3334 2628 3394 Alfred

1710 3396 1803 3456 Ferrs
1833 3394 1881 3454 als
1912 3394 1975 3454 „das
2005 3390 2138 3450 Zeitstück
2163 3386 2211 3446 von
2246 3382 2413 3442 bleibendem
2458 3375 2556 3435 Wert“
2581 3373 2634 3433 be¬

1710 3438 1835 3498 zeichnet
1859 3434 1947 3494 wird,
1966 3431 2063 3491 gehört
2092 3429 2114 3489 zu
2148 3427 2194 3487 den
2227 3420 2469 3480 interessantesten
2502 3417 2557 3477 und
2586 3414 2632 3474 be¬

1712 3476 1893 3536 deutendsten
1922 3467 2123 3527 Schöpfungen
2153 3465 2200 3525 des
2224 3462 2377 3522 Dichters.
2392 3458 2459 3518 Das
2483 3456 2569 3516 Werk
2589 3453 2636 3513 ge¬

1711 3515 1797 3575 langt
1820 3514 1856 3574 an
1893 3510 2006 3570 unserer
2035 3506 2143 3566 Bühne
2166 3503 2312 3563 Montag,
2340 3503 2385 3563 den
2422 3497 2480 3557 23.,
2504 3495 2553 3555 rot
2581 3490 2635 3550 und

1707 3554 2005 3614 Arbeiterkunststelle
2033 3547 2078 3607 rot
2106 3546 2146 3606 A,
2169 3544 2219 3604 zum
2265 3542 2346 3602 ersten
2383 3538 2450 3598 Mal
2483 3535 2532 3595 zur
2560 3532 2636 3592 Auf¬

1710 3594 1858 3654 führung.
1882 3592 1934 3652 Die
1959 3587 2116 3647 Titelrolle
2141 3584 2213 3644 stellt
2237 3581 2375 3641 Direktor
2404 3575 2519 3635 Rudolf
2544 3572 2639 3632 Zeisel

1715 3635 1764 3695 dar
1800 3634 1843 3694 In
1880 3632 1928 3692 den
1978 3627 2097 3687 übrigen
2133 3624 2324 3684 Hauptrollen
2361 3620 2391 3680 ist
2441 3617 2489 3677 das
2521 3615 2645 3675 gesamte

1722 3672 1973 3732 Herrentersonal
1995 3666 2174 3726 beschäftiot.
