3392 4224
310 141 430 201 iodical.
448 141 530 201 When
558 142 603 202 his
624 145 723 205 father
744 146 827 206 died.
841 145 864 205 in
893 146 954 206 1893

294 171 459 231 Schnitzler
486 172 602 232 became
629 174 721 234 edtior
748 174 777 234 of
801 176 847 236 the
874 177 970 237 medi¬

298 201 340 261 cal
357 204 489 264 journal,
503 204 556 264 but
576 204 585 264 a
609 204 675 264 year
695 207 764 267 later
781 207 814 267 he
831 207 966 267 definite¬

295 234 318 294 ly
355 234 493 294 withdrew
534 236 596 296 from
643 238 705 298 this
735 240 881 300 position,
904 240 960 300 and

292 267 304 327 a
333 266 375 326 few
410 264 487 324 years
513 267 586 327 later
609 270 676 330 gave
705 270 736 330 up
766 270 814 330 the
840 270 967 330 practice

286 297 313 357 of
335 298 495 358 medicine.
530 299 586 359 For
607 301 656 361 the
684 303 739 363 last
764 304 855 364 thirty
883 304 963 364 years

297 332 324 392 he
356 331 407 391 had
435 333 555 393 devoted
586 336 705 396 himself
730 339 901 399 exclusively
933 339 956 399 to

298 362 431 422 writing.

349 403 500 463 "Anatol."
532 404 603 464 First
632 407 786 467 Published
821 410 896 470 Work

328 444 382 504 The
414 448 548 508 author's
584 446 648 506 first
680 452 836 512 published
875 452 968 512 work.

297 478 439 538 Anatol."
471 477 484 537 a
516 476 603 536 series
632 480 664 540 of
693 482 838 542 dramatic
868 482 970 542 scenes

288 509 308 569 in
338 511 384 571 the
408 512 454 572 life
478 510 504 570 of
525 512 534 572 a
558 515 764 575 philanderer,
775 515 828 575 was
845 515 954 575 printed

286 542 316 602 at
346 542 536 602 Schnitzler's
566 543 625 603 own
662 548 785 608 expense
822 550 845 610 in
886 548 965 608 1893.

286 572 345 632 he
372 571 494 631 absence
522 574 551 634 of
578 579 720 639 crudities
744 580 776 640 of
800 580 859 640 form
903 580 955 640 and

288 604 375 664 style,
395 607 448 667 and
482 607 529 667 the
563 610 733 670 brightness
760 611 793 671 of
820 612 867 672 the
897 612 964 672 dia¬

286 637 369 697 logue
403 637 545 697 attracted
582 642 632 702 the
665 643 811 703 attention
851 646 877 706 of
911 644 957 704 the

283 670 400 730 critics,
423 671 480 731 but
510 673 570 733 this
601 675 721 735 famous
751 678 814 738 play
848 677 868 737 is
898 676 955 736 now

286 704 452 764 considered
486 706 552 766 only
582 708 632 768 the
662 712 785 772 starting
818 712 905 772 point
932 712 961 772 of

286 735 478 795 Schnitzler's
501 736 615 796 career.

322 768 381 828 The
402 768 481 828 elder
502 771 680 831 Schnitzler,
698 774 777 834 until
798 774 839 834 his
860 774 942 834 death

286 801 461 861 thoroughly
498 804 627 864 detested
667 806 716 866 the
750 807 812 867 idea
849 805 878 865 of
912 807 958 867 his

285 834 361 894 son's
384 834 530 894 becoming
556 834 566 894 a
591 836 700 896 writer,
716 839 767 899 and
793 840 840 900 the
860 838 955 898 young

283 867 379 927 man's
405 869 590 929 aristocratic
619 870 750 930 friends,
773 871 856 931 while
885 869 958 929 will¬

280 900 327 960 ing
354 900 463 960 enough
494 900 517 960 to
544 903 667 963 concede
695 903 737 963 him
775 903 824 963 the
848 903 958 963 talents

280 930 313 990 of
343 932 353 992 a
386 934 561 994 dilettante,
585 936 697 996 refused
734 936 760 996 to
794 938 860 998 take
893 938 936 998 him

285 965 423 1025 seriously
447 965 547 1025 except
572 968 599 1028 as
620 968 634 1028 a
658 966 830 1026 physician.
845 968 916 1028 Only
941 968 951 1028 a

277 995 323 1055 few
360 998 446 1058 other
477 999 593 1059 literary
626 1001 709 1061 men,
733 1001 836 1061 among
869 1001 935 1061 them

286 1031 362 1091 Hugo
410 1028 459 1088 von
510 1031 737 1091 Hoffmansthal
778 1031 831 1091 and
881 1031 954 1091 Felix

284 1063 397 1123 Salten,
415 1061 534 1121 believed
563 1065 583 1125 in
611 1065 690 1125 him.
704 1067 796 1127 until.
814 1065 875 1125 with
903 1067 951 1127 the

280 1094 442 1154 successful
472 1097 674 1157 performance
707 1097 737 1157 of
767 1099 813 1159 his
847 1098 949 1158 “Light

276 1127 307 1187 o'
331 1126 420 1186 Love"
448 1126 482 1186 at
510 1128 558 1188 the
589 1129 789 1189 Burgtheater
817 1130 840 1190 in
875 1130 940 1190 1895

281 1161 469 1221 Schnitzler's
500 1163 668 1223 reputation
710 1163 764 1223 was
799 1166 946 1226 definitely

281 1195 486 1255 established.

406 1234 481 1294 Kept
511 1234 560 1294 the
589 1235 715 1295 Censors
741 1237 819 1297 Busy

308 1276 475 1336 Schnitzler
496 1276 551 1336 was
568 1279 808 1339 fundamentally
829 1277 839 1337 a
863 1278 948 1338 Vien¬

273 1309 359 1369 nese,
376 1309 425 1369 and
455 1308 487 1368 he
514 1309 596 1369 chose
623 1310 672 1370 the
699 1309 751 1369 city
781 1312 811 1372 of
834 1312 942 1372 Vienna

275 1342 302 1402 as
326 1342 374 1402 the
398 1342 476 1402 scene
501 1342 531 1402 of
552 1344 658 1404 almost
682 1345 720 1405 all
741 1345 767 1405 of
792 1345 836 1405 his
857 1344 952 1404 plays,

273 1374 434 1434 novelettes
461 1374 514 1434 and
540 1373 659 1433 stories.
699 1374 732 1434 As
755 1374 765 1434 a
798 1376 952 1436 Viennese,

271 1406 304 1466 he
338 1406 394 1466 was
417 1408 487 1468 gay,
507 1407 740 1467 sophisticated,
764 1408 773 1468 a
807 1407 949 1467 complete

275 1440 333 1500 man
371 1440 398 1500 of
426 1439 474 1499 the
505 1440 608 1500 world,
629 1441 684 1501 and
715 1441 739 1501 in
774 1441 822 1501 his
849 1440 952 1500 books,

274 1473 396 1533 marital
422 1473 587 1533 infidelity,
614 1473 656 1533 did
696 1473 748 1533 not
782 1474 897 1534 become
930 1473 940 1533 a

271 1506 388 1566 problem
426 1506 453 1566 as
481 1506 543 1566 long
571 1506 601 1566 as
626 1506 649 1566 it
674 1506 729 1566 was
753 1509 884 1569 confined
915 1506 942 1566 to

268 1539 316 1599 the
340 1536 498 1596 husband.

305 1569 376 1629 This
408 1569 539 1629 attitude
575 1569 646 1629 kept
679 1570 724 1630 him
775 1570 799 1630 in
839 1569 945 1629 almost

268 1601 413 1661 constant
440 1602 609 1662 difficuities
642 1601 705 1661 with
742 1603 791 1663 the
821 1601 949 1661 censors.

271 1635 319 1695 and
350 1636 401 1696 one
425 1634 453 1694 of
477 1636 521 1696 his
542 1634 638 1694 plays.
656 1636 772 1696 “Hands
800 1634 940 1694 Around,"

269 1666 379 1726 written
408 1669 433 1729 in
465 1664 604 1724 1896-97,
622 1665 679 1725 was
701 1667 725 1727 so
750 1667 850 1727 daring
875 1667 946 1727 that

268 1700 291 1760 It
314 1700 366 1760 was
390 1700 442 1760 not
462 1697 624 1757 produced,
641 1700 706 1760 even
733 1700 756 1760 in
786 1700 930 1760 Germany

272 1733 349 1793 until
371 1733 445 1793 after
474 1732 523 1792 the
552 1730 641 1790 World
673 1732 751 1792 War.
787 1733 847 1793 The
876 1733 935 1793 play

265 1762 318 1822 was
345 1766 511 1826 eventually
541 1766 621 1826 given
654 1766 664 1826 a
694 1764 770 1824 clean
804 1766 877 1826 slate
907 1763 937 1823 by

268 1797 298 1857 he
331 1796 430 1856 courts
457 1796 489 1856 of
516 1796 625 1856 almost
656 1798 695 1858 all
722 1798 887 1858 countries,
910 1795 933 1855 in

268 1830 419 1890 published
440 1828 532 1888 form,
546 1829 597 1889 but
618 1830 638 1890 it
659 1831 679 1891 is
697 1831 762 1891 still
779 1831 868 1891 under
889 1828 936 1888 the

265 1861 313 1921 ban
341 1863 372 1923 of
390 1862 462 1922 John
489 1861 520 1921 S.
535 1861 662 1921 Sumner
683 1861 707 1921 in
735 1861 790 1921 New
821 1861 910 1921 York.

299 1894 388 1954 Until
410 1894 470 1954 1925
496 1894 688 1954 Schnitzler's
714 1896 878 1956 reputation
911 1896 935 1956 in

265 1927 315 1987 the
348 1929 450 1989 United
487 1927 586 1987 States
619 1927 708 1987 rested
748 1930 857 1990 almost
887 1927 939 1987 en¬

271 1961 350 2021 tirely
377 1963 407 2023 on
440 1962 486 2022 his
516 1960 585 2020 work
619 1961 648 2021 as
675 1960 685 2020 a
715 1963 887 2023 dramatist,
910 1961 940 2021 as

268 1992 380 2052 several
397 1995 426 2055 of
446 1995 489 2055 his
512 1994 591 2054 plays
614 1994 667 2054 had
697 1993 759 2053 been
792 1995 934 2055 produced

262 2028 456 2088 successfully
477 2028 560 2088 here,
577 2026 659 2086 while
680 2028 724 2088 few
755 2028 786 2088 of
803 2029 847 2089 his
868 2027 940 2087 nov¬

265 2064 370 2124 elettes
404 2061 473 2121 were
506 2061 650 2121 avallable
684 2062 710 2122 in
747 2061 921 2121 translation

265 2095 333 2155 This
351 2095 505 2155 shortened
529 2095 587 2155 form
625 2096 652 2156 of
673 2094 759 2154 novel
776 2096 827 2156 had
852 2094 937 2154 never

268 2132 354 2192 found
389 2130 433 2190 the
464 2130 564 2190 public
592 2127 674 2187 favor
702 2130 726 2190 in
761 2130 822 2190 this
847 2129 939 2189 coun¬

268 2165 306 2225 try
354 2163 443 2223 which
496 2163 523 2223 it
565 2163 667 2223 enjoys
712 2163 840 2223 abroad,
878 2163 932 2223 and

263 2198 430 2258 Schnitzler
458 2195 547 2255 wrote
576 2194 639 2254 only
672 2193 724 2253 two
757 2195 930 2255 full-length

263 2231 376 2291 noyels.
412 2231 505 2291 These
530 2226 597 2286 were
629 2230 700 2290 “The
729 2228 803 2288 Road
832 2228 860 2288 to
886 2228 935 2288 the

280 2266 372 2326 pen,"
405 2263 493 2323 which
529 2264 671 2324 appeared
707 2263 732 2323 in
772 2263 853 2323 1908.
879 2263 931 2323 and

283 2297 430 2357 Theresa."
465 2299 557 2359 issued
592 2297 705 2357 twenty
736 2297 821 2357 years
849 2297 941 2357 later.

263 2331 319 2391 The
344 2333 429 2393 latter
451 2331 472 2391 is
494 2333 539 2393 the
561 2332 628 2392 only
650 2331 824 2391 full-length
853 2330 938 2390 novel

263 2366 291 2426 of
313 2368 475 2428 Schnitzler
497 2366 585 2426 which
614 2366 663 2426 has
685 2364 749 2424 been
778 2364 929 2424 published

262 2401 345 2461 here,
369 2401 421 2461 but
449 2401 458 2461 a
489 2398 618 2458 number
645 2398 675 2458 of
702 2398 744 2458 his
775 2397 937 2457 novelettes

259 2434 328 2494 have
352 2434 418 2494 been
445 2433 537 2493 issued
564 2431 594 2491 by
617 2431 663 2491 his
684 2431 833 2491 American
856 2430 932 2490 pub¬

264 2469 366 2529 lishers
396 2467 421 2527 in
459 2466 506 2526 the
539 2465 598 2525 last
628 2467 668 2527 six
702 2464 797 2524 years.
842 2463 929 2523 These

265 2503 334 2563 have
358 2501 485 2561 brought
510 2500 551 2560 his
572 2500 692 2560 critical
710 2500 874 2560 reputation
906 2497 929 2557 in

264 2536 387 2596 America
429 2536 459 2596 to
498 2536 511 2596 a
553 2536 631 2596 level
666 2533 731 2593 with
780 2533 927 2593 European

262 2571 435 2631 estimates.

394 2610 562 2670 Influenced
593 2607 626 2667 by
661 2607 807 2667 Medielne

296 2652 469 2712 Schultler's
498 2649 572 2709 early
601 2651 728 2711 training
757 2649 789 2709 as
818 2649 828 2709 a
857 2648 931 2708 phy¬

261 2685 347 2745 sician
381 2685 403 2745 is
430 2684 573 2744 admitted
606 2682 735 2742 tohave
762 2681 927 2741 influenced

262 2718 438 2778 profoundly
462 2715 506 2775 his
527 2715 596 2775 work
620 2715 651 2775 as
672 2715 682 2775 a
707 2715 816 2775 writer.
848 2712 930 2772 Some

259 2751 290 2811 of
314 2750 358 2810 his
379 2748 478 2808 earlier
503 2747 633 2807 writings
657 2745 725 2805 were
750 2748 828 2808 little
852 2745 927 2805 more

259 2783 328 2843 than
365 2780 483 2840 clinical
513 2779 576 2839 case
606 2780 761 2840 histories,
784 2777 926 2837 objective

262 2814 398 2874 probings
422 2813 481 2873 into
508 2813 617 2873 human
644 2810 724 2870 souls
748 2811 797 2871 bya
828 2809 933 2869 master

256 2846 491 2906 diagnostician.
525 2845 571 2905 His
591 2843 667 2903 later
687 2843 776 2903 work.
793 2843 935 2903 however.

259 2876 282 2936 is
315 2879 480 2939 considered
517 2876 543 2936 to
579 2876 609 2936 be
652 2878 800 2938 animated
847 2876 876 2936 by
913 2876 922 2936 a

258 2912 380 2972 broader
406 2912 459 2972 and
493 2909 568 2969 more
608 2911 717 2971 human
760 2909 934 2969 sympathy,

259 2944 307 3004 and
338 2942 372 3002 by
400 2942 490 3002 sound
518 2942 707 3002 philosophic
732 2942 862 3002 insight.

292 2976 328 3036 As
355 2975 368 3035 a
398 2975 539 3035 workman
576 2975 609 3035 he
642 2975 695 3035 was
725 2975 932 3035 palnstaking,

258 3006 370 3066 writing
394 3007 443 3067 and
470 3007 631 3067 re-writing
655 3004 761 3064 dozens
784 3004 813 3064 of
834 3007 932 3067 times,

262 3040 403 3100 polishing
437 3040 526 3100 single
561 3040 732 3100 sentences,
757 3039 924 3099 tightening

256 3073 302 3133 his
336 3072 467 3132 dialogue
500 3073 582 3133 until
622 3070 655 3130 he
692 3070 744 3130 was
784 3070 932 3130 satisfied.

259 3104 334 3164 Then
365 3106 399 3166 he
426 3103 515 3163 would
546 3103 590 3163 lay
618 3104 665 3164 the
696 3103 815 3163 finished
850 3103 918 3163 work

257 3137 332 3197 aside
363 3138 408 3198 for
436 3136 473 3196 six
504 3136 642 3196 months,
663 3137 738 3197 after
769 3136 859 3196 which
893 3133 924 3193 he

256 3169 348 3229 would
374 3169 552 3229 re-examine
575 3169 597 3229 it
619 3171 711 3231 coldly
734 3169 794 3229 from
833 3169 842 3229 a
868 3168 915 3228 new

259 3201 447 3261 perspective.
488 3201 527 3261 He
557 3201 666 3261 almost
696 3198 782 3258 never
812 3198 918 3258 worked

253 3234 282 3294 on
319 3236 372 3296 less
402 3234 471 3294 than
505 3234 557 3294 two
587 3234 716 3294 projects
747 3233 925 3293 simultane¬

253 3267 352 3327 ously,
375 3267 427 3327 and
461 3267 539 3327 often
576 3266 661 3326 wrote
695 3264 747 3324 two
781 3264 810 3324 or
840 3263 919 3323 three

253 3300 335 3360 plays
365 3300 418 3360 and
455 3297 468 3357 a
501 3297 604 3357 couple
640 3297 670 3357 of
700 3297 862 3357 novelettes
895 3295 925 3355 at

253 3332 342 3392 once,
360 3333 504 3393 changing
536 3331 573 3391 off
597 3332 659 3392 from
701 3331 748 3391 the
780 3330 924 3390 narrative

253 3364 312 3424 form
349 3363 372 3423 to
395 3363 441 3423 the
461 3364 554 3424 dratic
574 3363 623 3423 and
650 3363 706 3423 vice
730 3363 805 3423 versa
829 3364 924 3424 when¬

252 3396 317 3456 ever
344 3398 377 3458 he
403 3398 517 3458 became
543 3398 624 3458 bored
658 3397 720 3457 with
750 3398 861 3458 elther.

394 3445 482 3505 World
509 3446 609 3506 Figure
632 3444 654 3504 In
684 3446 784 3506 brama

280 3488 317 3548 As
337 3488 346 3548 a
367 3488 536 3548 dramatist.
546 3488 716 3548 Schnitzler
729 3487 782 3547 was
802 3488 812 3548 a
836 3487 921 3547 figure

253 3521 280 3581 of
308 3521 482 3581 world-wide
510 3521 712 3581 importance.
746 3518 804 3578 The
832 3520 924 3580 Burg¬

254 3554 367 3614 theater
385 3553 406 3613 in
431 3553 555 3613 Vienna,
570 3554 580 3614 u
605 3554 651 3614 pto
673 3554 750 3614 1914.
765 3554 814 3614 had
840 3551 914 3611 given

253 3583 332 3643 twice
352 3586 381 3646 as
402 3586 484 3646 many
508 3585 723 3645 performances
743 3584 772 3644 of
793 3583 872 3643 plays
889 3581 921 3641 by

251 3619 417 3679 Schnitzler
449 3616 477 3676 as
510 3618 537 3678 of
566 3616 651 3676 those
684 3616 719 3676 by
751 3618 804 3678 any
836 3615 921 3675 other

251 3652 386 3712 Austrian
409 3650 597 3710 playwright.
619 3652 671 3712 His
689 3649 840 3709 "Anatol,"
859 3647 921 3707 pro¬

252 3685 339 3745 duced
362 3685 383 3745 in
409 3682 534 3742 America
557 3684 582 3744 at
601 3683 663 3743 first
682 3681 711 3741 as
730 3680 799 3740 “The
822 3682 921 3742 Affairs

250 3721 279 3781 of
301 3718 434 3778 Anatol."
460 3715 511 3775 was
534 3716 633 3776 played
663 3715 685 3775 in
715 3715 773 3775 this
796 3715 917 3775 country

251 3751 281 3811 by
306 3751 377 3811 John
405 3748 587 3808 Barrymore,
601 3750 673 3810 and,
691 3748 718 3808 on
746 3748 793 3808 the
814 3748 903 3808 screen

248 3782 281 3842 by
303 3783 425 3843 Wallace
444 3782 532 3842 Reid.
559 3781 588 3841 It
607 3781 658 3841 was
681 3780 787 3840 revived
814 3782 836 3842 in
858 3781 913 3841 New

251 3816 318 3876 York
347 3815 400 3875 last
422 3815 514 3875 season
543 3810 575 3870 by
596 3812 660 3872 Bela
685 3813 770 3873 Blau.

284 3849 394 3909 Among
417 3849 457 3909 his
479 3848 542 3908 best
557 3845 660 3905 known
687 3850 763 3910 plays
782 3842 826 3902 are
849 3843 919 3903 "Das

731 3875 904 3935 "Freiwild.

254 3879 431 3939 Maerchen,"
502 3876 671 3936 "Liebelel,"

257 3912 401 3972 Reigen."
442 3909 511 3969 “Der
549 3909 678 3969 einsame
719 3909 807 3969 Weg."
848 3908 918 3968 “Das

250 3942 327 4002 weite
349 3943 441 4003 Land"
467 3941 517 4001 and
545 3939 706 3999 “Professor
727 3941 912 4001 Bernhardi."

253 3978 356 4038 Among
401 3975 452 4035 the
494 3972 658 4032 novelettes
700 3973 744 4033 are
793 3975 916 4035 “Doktor

254 4004 406 4064 Graesler.”
431 4004 613 4064 “Lieutnant
635 4006 734 4066 Gusl.“
759 4007 908 4067 published

251 4040 313 4100 here
346 4043 438 4103 under
471 4037 519 4097 the
553 4039 615 4099 title
648 4039 744 4099 "None
778 4042 836 4102 But
866 4040 913 4100 the

791 4071 912 4131 Traum¬

413 4071 570 4131 "Fraulein
630 4070 711 4130 Else.

252 4074 363 4134 Brave"

251 4104 387 4164 novelle."
413 4100 508 4160 “Spiel
531 4103 553 4163 in
582 4103 833 4163 Morgengrauen"
859 4105 910 4165 and

257 4132 335 4192 Frau
374 4131 460 4191 Beate
499 4133 552 4193 und
592 4135 638 4195 ihr
674 4135 770 4195 Sohn"
813 4134 912 4194 ("Bea¬

1810 351 1905 411 NY
1950 356 2109 416 TIMES

1509 628 1739 688 ARTHUR
1779 634 2124 694 SCHNITZLER

1577 736 1697 796 DIES
1738 742 1802 802 UF
1843 742 1875 802 A
1916 742 2149 802 SIROKE

1495 858 1677 918 Austria's
1730 863 1883 923 Laading
1941 864 2170 924 Dramatist,

1519 922 1683 982 Novelist
1721 924 1791 984 and
1834 927 1928 987 Poet
1966 927 2130 987 Stricken

1591 986 1700 1046 While
1728 989 1876 1049 Writing
1915 992 1926 1052 a
1959 995 2068 1055 Play.

1491 1117 1507 1177 A
1541 1115 1768 1175 PHYSICIAN
1802 1119 1835 1179 IN
1869 1119 2007 1179 EARLY
2041 1119 2151 1179 DAYS

1493 1240 1597 1300 Wrote
1626 1240 1638 1300 a
1675 1240 1828 1300 Five-Act
1857 1243 1998 1303 Tragedy
2035 1246 2067 1306 at
2092 1246 2156 1306 Age

1518 1294 1552 1354 of
1571 1296 1758 1356 Nine—His
1782 1299 1866 1359 Most
1885 1300 2007 1360 Recent
2026 1300 2125 1360 Novel

1580 1351 1604 1411 Is
1636 1353 1712 1413 Soon
1749 1356 1776 1416 to
1813 1354 1852 1414 Be
1885 1357 2077 1417 Published.

1569 1467 1682 1527 Wireless
1699 1470 1722 1530 tO
1739 1473 1795 1533 TIIE
1812 1473 1865 1533 NEW
1892 1474 1958 1534 YORK
1978 1476 2074 1536 TIMES.

1515 1509 1689 1569 VIENNA,
1705 1512 1778 1572 Oct.
1795 1512 1994 1572 21.—Arthur
2015 1515 2160 1575 Schnitz-

1475 1551 1536 1611 ler,
1559 1551 1720 1611 Austria's
1748 1554 1870 1614 leading
1905 1555 2059 1615 novelist,
2086 1555 2158 1615 poet

1481 1592 1536 1652 and
1580 1592 1764 1652 dramatist,
1797 1592 1863 1652 died
1907 1595 2036 1655 tonight
2069 1595 2098 1655 of
2135 1595 2146 1655 a

1481 1631 1587 1691 stroke
1612 1634 1750 1694 suffered
1779 1634 1789 1694 a
1822 1634 1868 1694 few
1907 1634 2003 1694 hours
2031 1637 2159 1697 earlier.

1478 1670 1523 1730 He
1554 1673 1615 1733 was
1642 1673 1672 1733 69
1699 1673 1790 1733 years
1821 1675 1885 1735 old.
1924 1676 1985 1736 For
2016 1677 2065 1737 the
2092 1679 2153 1739 last

1481 1713 1537 1773 two
1577 1715 1669 1775 years
1708 1712 1744 1772 he
1783 1714 1843 1774 had
1883 1716 2025 1776 suffered
2069 1718 2136 1778 from

1478 1756 1573 1816 heart
1606 1757 1726 1817 disease
1763 1756 1819 1816 but
1852 1755 1887 1815 he
1927 1757 1983 1817 had
2027 1758 2079 1818 not
2112 1757 2158 1817 al¬

1472 1795 1568 1855 lowed
1597 1798 1622 1858 it
1643 1796 1671 1856 to
1697 1795 1851 1855 interfere
1880 1796 1948 1856 with
1980 1798 2026 1858 his
2056 1798 2155 1858 work.

1478 1837 1556 1897 Herr
1585 1839 1764 1899 Schnitzler
1793 1838 1857 1898 was
1886 1837 2025 1897 stricken
2061 1840 2150 1900 while

1481 1878 1617 1938 working
1644 1879 1678 1939 on
1709 1879 1758 1939 the
1785 1879 1846 1939 last
1869 1876 1922 1936 act
1945 1877 1979 1937 of
2002 1879 2051 1939 the
2078 1881 2146 1941 play

1481 1913 1563 1973 "The
1595 1920 1666 1980 Call
1690 1919 1725 1979 of
1753 1917 1851 1977 Life,"
1891 1917 1984 1977 which
2020 1921 2056 1981 he
2087 1921 2146 1981 had

1478 1956 1523 2016 set
1542 1957 1669 2017 himself
1691 1957 1716 2017 to
1741 1957 1880 2017 rewrite.
1898 1958 1944 2018 He
1969 1960 2030 2020 was
2051 1962 2143 2022 found

1480 1996 1556 2056 lying
1583 1998 1791 2058 unconscious
1811 1998 1845 2058 on
1872 2000 1921 2060 the
1944 2000 2024 2060 floor
2047 2001 2077 2061 by
2104 2004 2149 2064 his

1473 2037 1628 2097 secretary
1654 2040 1709 2100 and
1739 2040 1799 2100 was
1817 2040 1936 2100 carried
1962 2043 1988 2103 to
2014 2043 2058 2103 his
2081 2043 2151 2103 bed.

1477 2078 1518 2138 He
1543 2079 1636 2139 never
1657 2082 1802 2142 regained
1830 2085 2093 2145 consciousness.

1499 2121 1702 2181 Schnitzler's
1731 2123 1817 2183 fame
1850 2124 1910 2184 was
1943 2127 2153 2187 world-wide,

1473 2161 1531 2221 and
1568 2163 1612 2223 his
1645 2163 1807 2223 principal
1837 2163 1940 2223 works
1973 2167 2032 2227 had
2069 2168 2138 2228 been

1475 2202 1645 2262 translated
1695 2204 1762 2264 into
1812 2207 1904 2267 many
1958 2209 2149 2269 languages.

1469 2243 1593 2303 Shortly
1620 2245 1723 2305 before
1746 2246 1789 2306 his
1816 2247 1904 2307 death
1930 2247 1967 2307 he
1993 2249 2052 2309 was
2074 2252 2148 2312 con¬

1462 2286 1597 2346 sidering
1642 2288 1656 2348 a
1709 2291 1892 2351 suggestion
1945 2290 1978 2350 of
2024 2294 2135 2354 Joseph

1469 2330 1672 2390 Schildkraut
1703 2332 1776 2392 that
1811 2332 1845 2392 he
1880 2332 1968 2392 write
2003 2335 2052 2395 for
2091 2335 2140 2395 the

1471 2372 1591 2432 talking
1625 2374 1729 2434 films.

1514 2455 1725 2515 Paradoxical
1747 2455 1844 2515 Union
1870 2458 1899 2518 of
1920 2461 2089 2521 Qualities.

1496 2504 1614 2564 Arthur
1637 2506 1812 2566 Schnitzler
1843 2506 1903 2566 was
1930 2507 1941 2567 a
1972 2509 2132 2569 physician

1466 2545 1521 2605 and
1554 2545 1565 2605 a
1598 2545 1764 2605 Viennese.
1805 2547 1852 2607 He
1879 2550 2025 2610 acquired
2055 2551 2121 2611 from

1466 2583 1522 2643 one
1554 2584 1615 2644 rôle
1647 2586 1657 2646 a
1694 2587 1903 2647 combination
1943 2588 1974 2648 of
2003 2591 2141 2651 intellec¬

1465 2623 1533 2683 tual
1561 2626 1716 2686 aloofness
1751 2628 1806 2688 and
1840 2628 1854 2688 a
1888 2628 1967 2688 warm
2016 2631 2142 2691 sympa¬

1468 2667 1535 2727 thy,
1553 2667 1610 2727 and
1635 2667 1702 2727 from
1742 2667 1791 2727 the
1813 2670 1905 2730 other
1927 2670 1937 2730 a
1962 2673 2139 2733 somewhat

1467 2709 1672 2769 paradoxical
1691 2711 1778 2771 union
1805 2710 1835 2770 of
1858 2712 2036 2772 brightness
2063 2714 2131 2774 with

1464 2748 1496 2808 an
1526 2748 1759 2808 undercurrent
1785 2751 1814 2811 of
1841 2754 2055 2814 melancholy.
2092 2754 2136 2814 He

1466 2786 1521 2846 was
1547 2788 1577 2848 of
1596 2787 1707 2847 Jewish
1737 2791 1907 2851 extraction
1934 2795 2011 2855 and,
2026 2795 2141 2855 spend¬

1455 2829 1503 2889 ing
1536 2831 1581 2891 his
1610 2831 1658 2891 life
1687 2831 1715 2891 in
1748 2831 1781 2891 an
1814 2834 2025 2894 anti-Semitic
2059 2839 2136 2899 city,

1463 2868 1521 2928 was
1548 2870 1676 2930 exposed
1706 2871 1736 2931 to
1762 2873 1854 2933 abuse
1884 2875 1939 2935 and
1969 2879 2138 2939 criticism.

1458 2912 1516 2972 His
1558 2914 1739 2974 occasional
1776 2915 1942 2975 pessimism
2002 2921 2135 2981 perhaps

1462 2954 1544 3014 came
1569 2954 1596 3014 to
1620 2954 1665 3014 him
1703 2954 1768 3014 from
1810 2954 1895 3014 these
1919 2959 2135 3019 experiences.

1487 2983 1531 3043 He
1557 2983 1615 3043 was
1641 2985 1711 3045 born
1741 2986 1766 3046 in
1792 2989 1910 3049 Vienna
1936 2989 1968 3049 on
1998 2992 2064 3052 May
2090 2992 2134 3052 15,

1463 3020 1540 3080 1862,
1563 3017 1592 3077 in
1626 3019 1710 3079 what
1737 3019 1762 3079 is
1792 3019 1847 3079 now
1892 3021 1984 3081 called
2022 3023 2132 3083 Prater

1460 3049 1574 3109 Street.
1611 3049 1670 3109 His
1696 3051 1799 3111 father
1829 3051 1892 3111 was
1922 3052 1933 3112 a
1963 3055 2124 3115 physician

1457 3082 1541 3142 must
1563 3082 1589 3142 in
1619 3082 1711 3142 favor
1737 3084 1802 3144 with
1832 3085 1883 3145 the
1910 3085 1994 3145 stars
2020 3088 2053 3148 of
2079 3088 2127 3148 the

1457 3115 1542 3175 opera
1578 3117 1634 3177 and
1670 3118 1792 3178 theatre
1824 3115 1881 3175 and
1917 3116 1967 3176 the
1999 3121 2130 3181 aristoc¬

1448 3145 1544 3205 racy;
1567 3147 1600 3207 an
1630 3146 1749 3206 editor,
1768 3148 1779 3208 a
1806 3148 1969 3208 professor
1995 3151 2051 3211 and
2081 3153 2129 3213 the

1454 3178 1610 3238 recipient
1628 3178 1656 3238 of
1674 3178 1791 3238 foreign
1824 3180 2040 3240 decorations.
2065 3183 2125 3243 The

1453 3207 1502 3267 son
1539 3211 1612 3271 grew
1656 3210 1692 3270 up
1725 3210 1752 3270 in
1789 3210 1822 3270 an
1862 3213 2065 3273 atmosphere
2098 3216 2131 3276 of

1451 3240 1561 3300 luxury
1590 3243 1647 3303 and
1676 3240 1819 3300 followed
1851 3243 1901 3303 the
1934 3247 2026 3307 usual
2051 3246 2126 3306 lines

1454 3273 1482 3333 of
1500 3273 1683 3333 education.
1708 3275 1754 3335 He
1776 3276 1948 3336 graduated
1973 3279 2041 3339 from
2077 3279 2127 3339 the

1457 3306 1618 3366 Aoademic
1652 3307 1844 3367 Gymnasium
1892 3309 1917 3369 in
1955 3309 2039 3369 1879,
2061 3312 2120 3372 and

1456 3337 1519 3397 then
1570 3336 1651 3396 went
1695 3339 1723 3399 to
1767 3339 1820 3399 the
1866 3339 2048 3399 University
2095 3342 2127 3402 of

1453 3369 1569 3429 Vienna
1608 3369 1638 3429 as
1673 3369 1686 3429 a
1728 3371 1858 3431 student
1892 3372 1923 3432 of
1958 3377 2129 3437 medicine,

1451 3401 1587 3461 winning
1617 3401 1661 3461 his
1684 3401 1795 3461 degree
1817 3404 1843 3464 in
1873 3401 1953 3461 1885.

1481 3431 1602 3491 Always
1629 3432 1799 3492 interested
1832 3436 1854 3496 in
1888 3437 1939 3497 the
1969 3437 2021 3497 life
2051 3437 2080 3497 of
2107 3437 2117 3497 a

1451 3466 1628 3526 physician,
1664 3467 1785 3527 despite
1829 3467 1874 3527 his
1918 3467 1996 3527 later
2039 3467 2128 3527 with¬

1445 3497 1570 3557 drawal
1588 3497 1656 3557 from
1695 3499 1734 3559 it,
1752 3500 1931 3560 Schnitzler
1956 3500 2049 3560 spent
2071 3502 2120 3562 the

1447 3527 1523 3587 next
1553 3527 1602 3587 few
1646 3530 1738 3590 years
1772 3530 1798 3590 in
1838 3533 1963 3593 various
2000 3534 2125 3594 clinics.

1453 3560 1528 3620 Once
1563 3560 1597 3620 he
1631 3561 1713 3621 went
1741 3563 1768 3623 to
1803 3563 1929 3623 London
1964 3563 1994 3623 to
2025 3566 2114 3626 study

1445 3592 1587 3652 hospital
1609 3595 1801 3655 conditions.
1844 3594 1890 3654 He
1923 3594 1983 3654 was
2012 3597 2036 3657 in
2069 3598 2121 3658 ad¬

1445 3625 1540 3685 dition
1572 3625 1586 3685 a
1618 3625 1767 3685 reviewer
1796 3627 1827 3687 of
1856 3628 1994 3688 medical
2019 3630 2114 3690 books

1441 3658 1493 3718 and
1527 3655 1560 3715 an
1593 3657 1694 3717 editor
1724 3656 1753 3716 of
1783 3658 1794 3718 a
1828 3658 1965 3718 medical
1992 3661 2121 3721 journal

1446 3689 1578 3749 founded
1605 3688 1639 3748 by
1666 3690 1708 3750 his
1731 3689 1852 3749 father.
1887 3691 1925 3751 Of
1944 3692 2005 3752 late
2028 3693 2115 3753 years

1448 3721 1532 3781 there
1562 3722 1676 3782 sprang
1709 3724 1746 3784 up
1776 3724 1786 3784 a
1820 3724 1930 3784 legend
1963 3727 2048 3787 that,
2074 3726 2121 3786 re¬

1446 3754 1585 3814 gardless
1608 3754 1640 3814 of
1659 3754 1703 3814 his
1726 3757 1806 3817 fame
1828 3757 1850 3817 in
1877 3757 2012 3817 another
2031 3757 2119 3817 field.

1445 3785 1477 3845 he
1515 3783 1584 3843 stili
1614 3786 1768 3846 practiced
1809 3786 1860 3846 the
1901 3787 1963 3847 arts
2004 3789 2033 3849 of
2071 3789 2114 3849 his

1444 3816 1554 3876 earlier
1580 3816 1668 3876 love;
1694 3819 1764 3879 that
1790 3819 1812 3879 is
1842 3819 1970 3879 wrong;
1997 3820 2033 3880 he
2059 3822 2118 3882 left

1445 3849 1593 3909 medicine
1618 3849 1689 3909 save
1718 3850 1763 3910 for
1789 3852 1834 3912 his
1860 3855 1994 3915 undying
2019 3855 2118 3915 inter¬

1444 3879 1488 3939 est
1508 3883 1533 3943 in
1564 3882 1586 3942 it
1612 3883 1705 3943 thirty
1732 3885 1821 3945 years
1848 3888 1922 3948 ago.

1554 3930 1571 3990 A
1606 3931 1801 3991 Playwright
1828 3936 1849 3996 in
1880 3936 2001 3996 Youth.

1472 3981 1523 4041 His
1543 3983 1668 4043 literary
1692 3984 1931 4044 compositions,
1947 3989 1982 4049 as
2002 3989 2025 4049 is
2045 3987 2115 4047 usu¬

1433 4020 1491 4080 ally
1521 4020 1572 4080 the
1598 4023 1683 4083 case,
1706 4025 1790 4085 trace
1820 4028 1890 4088 back
1924 4025 1949 4085 to
1979 4027 2031 4087 the
2057 4028 2112 4088 age

1436 4058 1471 4118 of
1492 4060 1520 4120 9,
1542 4064 1623 4124 when
1653 4063 1688 4123 he
1716 4064 1809 4124 wrote
1834 4067 1844 4127 a
1873 4067 2004 4127 five-act
2030 4069 2111 4129 trag¬

1433 4100 1509 4160 edy.
1543 4102 1603 4162 The
1627 4105 1699 4165 first
1715 4104 1805 4164 items
1828 4106 1855 4166 to
1878 4106 1908 4166 be
1931 4109 2113 4169 published,

1432 4142 1595 4202 however,
1613 4148 1766 4208 appeared
1795 4148 1819 4208 in
1849 4150 1859 4210 a
1888 4153 2087 4213 conservativ

2268 1670 2434 1730 ARTHUR
2466 1674 2752 1734 SCHNITZLER.
