3344 4352
352 315 828 375 hnitzler's
902 312 1133 372 Death

225 1901 421 1961 Schnitzlers
455 1900 588 1960 weilen,
613 1900 670 1960 der
704 1900 766 1960 sich
805 1900 861 1960 bei
891 1900 947 1960 der
982 1900 1053 1960 Ab¬

225 1949 357 2009 faszung
397 1947 455 2007 des
495 1947 671 2007 Büchleins
711 1948 760 2008 als
800 1947 1049 2007 wohlwollend¬

226 1999 350 2059 Fütiger
381 1997 520 2057 Berater
547 1995 670 2055 zeigte.
692 1998 842 2058 Niemals
868 1998 961 2058 hatte
993 1998 1049 2058 der

236 2046 373 2106 Jüngling
405 2046 468 2106 das
500 2046 716 2106 Empfinden,
743 2046 832 2106 einem
875 2046 1054 2106 Aelteren,

222 2096 312 2156 einem
356 2094 489 2154 Großen
528 2097 901 2157 gegenüberzustehen.
931 2094 1045 2154 Immer

226 2144 371 2204 überwog
408 2141 470 2201 das
507 2142 636 2202 Gefühl
673 2142 730 2202 der
767 2144 1052 2204 Gleichberechti¬

226 2195 323 2255 gung,
355 2192 412 2252 der
443 2192 878 2252 Kameradschaftlichkeit.
905 2192 1054 2252 Schnitz¬

220 2241 284 2301 ler,
314 2240 550 2300 Bahnbrecher
590 2240 653 2300 und
698 2240 924 2300 Vorkämpfer
989 2240 1047 2300 der

226 2288 370 2348 Freiheit
392 2290 422 2350 in
454 2288 510 2348 der
541 2291 723 2351 Literatur,
744 2291 811 2351 war
837 2290 909 2350 auch
941 2290 1054 2350 Bahn¬

223 2338 354 2398 brecher
395 2338 454 2398 und
500 2338 722 2398 Vorkämpfer
763 2338 821 2398 des
858 2335 930 2395 erst
967 2338 1039 2398 nach

228 2389 282 2449 dem
336 2389 512 2449 Umsturze
557 2389 762 2449 Gemeingut
821 2386 1041 2446 gewordenen

232 2437 428 2497 Leitsatzes:
454 2437 511 2497 Die
547 2437 671 2497 Jugend
708 2437 826 2497 voran!

264 2505 329 2565 Und
374 2505 451 2565 noch
496 2506 584 2566 eines
623 2505 839 2565 überraschte
884 2503 938 2563 den
983 2503 1027 2563 Be

225 2553 338 2613 sucher
369 2553 422 2613 bei
452 2552 605 2612 längerem
655 2553 857 2613 Verweilen:
887 2551 946 2611 der
976 2553 1054 2613 son¬

229 2602 292 2662 nige
324 2602 451 2662 Humor
484 2601 700 2661 Schnitzlers,
722 2601 780 2661 der
807 2601 950 2661 niemals
982 2600 1034 2660 ver

231 2652 338 2712 letzte,
363 2652 465 2712 dabei
483 2652 538 2712 oft
562 2652 592 2712 in
623 2652 845 2712 Selbstironie
876 2653 1050 2713 überging.

261 2729 307 2789 Ich
344 2729 492 2789 erinnere
524 2729 621 2789 mich,
648 2729 704 2789 daß
746 2729 869 2789 Arthur
901 2729 1050 2789 Schnitz¬

228 2780 271 2840 ler
300 2780 428 2840 damals
458 2778 481 2838 in
520 2777 610 2837 einem
659 2777 955 2837 mustergültigen,
985 2777 1046 2837 nur

225 2828 277 2888 von
311 2828 411 2888 Glück
445 2828 598 2888 erfülltem
647 2828 900 2888 Familienleben
939 2828 1053 2888 stand,

228 2876 282 2936 das
317 2876 479 2936 durchaus
514 2876 720 2936 bürgerlich,
746 2878 774 2938 ja
815 2877 1050 2937 spießbürger-

228 2927 274 2987 lich
321 2927 488 2987 anmutete
531 2927 591 2987 und
639 2927 759 2987 seltsam
816 2927 872 2987 zum
933 2924 1044 2984 Geiste

223 2974 326 3034 seiner
357 2974 381 3034 in
416 2974 510 3034 jener
540 2974 614 3034 Zeit
640 2974 857 3034 populärsten
893 2974 1055 3034 Dichtun¬-

226 3023 280 3083 gen
321 3024 579 3084 kontrastierte.
612 3024 638 3084 Im
698 3023 897 3083 Vorzimmer
938 3022 1046 3082 seiner

228 3071 390 3131 Wohnung
429 3073 567 3133 spielten
606 3071 687 3131 zwei
721 3071 864 3131 Kinder,
889 3072 936 3132 ein
975 3072 1041 3132 Bub

222 3122 284 3182 und
323 3121 370 3181 ein
405 3121 534 3181 Mädel.
563 3121 659 3181 Jeden
703 3121 899 3181 Augenblick
938 3121 1048 3181 wurde

227 3171 280 3231 der
311 3171 475 3231 Besucher
502 3171 582 3231 ganz
613 3171 692 3231 ohne
729 3170 954 3230 Zeremoniell
981 3168 1034 3228 zum

228 3219 410 3279 Mitspielen
459 3219 670 3279 eingeladen.
729 3219 800 3279 Und
845 3218 906 3278 der
946 3216 1051 3276 Vater

228 3267 327 3327 lachte
364 3268 545 3328 vergnügt,
572 3267 726 3327 während
768 3266 803 3326 er
840 3267 899 3327 auf
935 3267 1048 3327 seiner

225 3316 446 3376 Bücherleiter
479 3318 751 3378 emporkletterte
783 3315 842 3375 und
878 3315 937 3375 das
969 3315 1050 3375 Kin¬

225 3365 382 3425 derpuar,
407 3365 465 3425 das
505 3365 564 3425 dem
613 3365 716 3425 Gaste
751 3362 937 3422 nachgeeilt
972 3365 1055 3425 war,

227 3416 282 3476 auf
311 3416 357 3476 ihn
396 3417 470 3477 Jagd
508 3416 630 3476 machte
654 3416 667 3476 .
686 3416 700 3476 .
715 3416 728 3476 .

1353 309 1475 369 box
1553 313 1737 373 43/2

1144 1897 1267 1957 Seither
1297 1897 1365 1957 sind
1400 1897 1689 1957 fünfundzwanzig
1724 1895 1817 1955 Jahre
1852 1893 1920 1953 ver¬

1109 1947 1257 2007 strichen.
1277 1947 1327 2007 Sie
1356 1947 1458 2007 haben
1491 1944 1719 2004 Oesterreich,
1738 1944 1784 2004 sie
1813 1944 1915 2004 haben

1112 1995 1212 2055 Wien,
1232 1995 1274 2055 sie
1303 1995 1408 2055 haben
1437 1995 1565 2055 Arthur
1590 1993 1771 2053 Schnitzler
1800 1992 1924 2052 grund¬

1110 2045 1240 2105 legende
1271 2043 1492 2103 Wandlungen
1523 2043 1694 2103 gebracht.
1714 2042 1784 2102 Man
1820 2040 1920 2100 kann¬

1105 2096 1131 2156 te
1172 2094 1228 2154 sie,
1260 2094 1335 2154 aber
1371 2094 1442 2154 man
1482 2094 1623 2154 vermied
1664 2091 1716 2151 es,
1743 2091 1769 2151 in
1815 2091 1920 2151 seiner

1112 2142 1298 2202 Gegenwart
1323 2141 1419 2201 davon
1448 2141 1481 2201 zu
1510 2141 1688 2201 sprechen.
1707 2140 1798 2200 Seine
1823 2141 1913 2201 Scheu

1110 2192 1164 2252 vor
1190 2191 1240 2251 der
1261 2192 1543 2252 Oeffentlichkeit
1564 2189 1654 2249 hatte
1680 2189 1740 2249 mit
1760 2189 1816 2249 den
1851 2187 1921 2247 Jah¬

1107 2242 1155 2302 ren
1189 2240 1434 2300 zugenommen,
1458 2240 1506 2300 die
1540 2239 1780 2299 angedeuteten
1809 2237 1924 2297 Wand¬

1109 2290 1217 2350 lungen
1257 2288 1434 2348 steigerten
1474 2288 1562 2348 seine
1602 2287 1818 2347 Abneigung,
1848 2287 1926 2347 her¬

1109 2338 1325 2398 vorzutreten.
1355 2337 1418 2397 Der
1453 2335 1585 2395 Dichter
1625 2335 1683 2395 der
1718 2335 1923 2395 Einsamkeit

1109 2386 1168 2446 war
1203 2386 1310 2446 einsam
1360 2386 1557 2446 geworden.
1587 2383 1655 2443 Der
1690 2383 1822 2443 Dichter
1862 2383 1920 2443 der

1113 2434 1198 2494 Liebe
1223 2437 1314 2497 hatte
1345 2437 1395 2497 die
1421 2434 1516 2494 Liebe
1552 2432 1718 2492 verloren.
1739 2431 1804 2491 Der
1830 2431 1925 2491 Dich¬

1113 2485 1155 2545 ter
1187 2485 1288 2545 Wiens
1320 2485 1410 2545 hatte
1442 2482 1510 2542 kein
1548 2483 1632 2543 Wien
1670 2482 1776 2542 mehr.
1803 2482 1919 2542 Uebrig

1110 2532 1189 2592 blieb
1227 2532 1279 2592 der
1311 2532 1443 2592 Dichter
1476 2532 1534 2592 des
1571 2531 1731 2591 Sterbens
1763 2530 1826 2590 und
1864 2530 1921 2590 des

1110 2580 1305 2640 Abschieds.

1145 2631 1336 2691 Schnitzler,
1352 2629 1579 2689 Oesterreichs
1605 2628 1922 2688 repräsentativster

1110 2679 1235 2739 Dichter
1261 2679 1316 2739 der
1342 2679 1519 2739 Letztzeit,
1539 2678 1590 2738 wie
1620 2679 1690 2739 man
1722 2676 1771 2736 ihn
1802 2676 1827 2736 in
1858 2676 1918 2736 den

1110 2729 1281 2789 Nachrufen
1317 2727 1459 2787 nannte,
1485 2725 1530 2785 ist
1561 2727 1616 2787 bei
1647 2727 1712 2787 Rer
1743 2726 1925 2786 äsentatio¬

1107 2774 1159 2834 nen
1198 2777 1336 2837 niemals
1370 2774 1403 2834 zu
1442 2774 1538 2834 sehen
1581 2774 1748 2834 gewesen.
1778 2774 1835 2834 Er,
1864 2773 1921 2833 der

1106 2825 1224 2885 Führer
1254 2825 1278 2885 im
1317 2825 1568 2885 Geistesleben,
1588 2825 1646 2885 hat
1672 2823 1809 2883 niemals
1839 2822 1921 2882 Titel

1111 2873 1163 2933 und
1202 2874 1336 2934 Würden
1370 2873 1394 2933 in
1428 2873 1485 2933 den
1525 2873 1918 2933 Geisteskorporationen

1111 2923 1208 2983 dieses
1237 2924 1386 2984 Landes,
1405 2921 1516 2981 dieser
1545 2921 1642 2981 Stadt
1671 2921 1926 2981 angenommen,

1112 2971 1197 3031 deren
1234 2972 1293 3032 sich
1330 2970 1361 3030 so
1398 2969 1475 3029 viele
1517 2969 1698 3029 vergebens
1731 2970 1926 3030 bemühten,

1106 3020 1155 3080 ihn
1190 3022 1239 3082 als
1274 3019 1509 3079 „Präsidenten
1570 3019 1603 3079 zu
1643 3019 1830 3079 gewinnen.
1880 3016 1919 3076 So

1109 3068 1161 3128 wie
1195 3070 1371 3130 Schnitzler
1405 3067 1543 3127 niemals
1577 3067 1625 3127 ein
1663 3067 1825 3127 Interview
1869 3062 1921 3122 ge¬

1112 3118 1223 3178 währte
1251 3120 1307 3180 und
1340 3118 1395 3178 wie
1424 3118 1456 3178 es
1484 3118 1544 3178 mir
1568 3116 1623 3176 vor
1652 3117 1740 3177 einem
1782 3118 1921 3178 Viertel¬

1111 3168 1337 3228 jahrhunderte
1382 3165 1470 3225 nicht
1510 3165 1647 3225 gelang,
1682 3165 1736 3225 ihn
1781 3165 1814 3225 zu
1864 3165 1922 3225 be¬

1112 3216 1230 3276 wegen,
1258 3216 1316 3276 mir
1349 3215 1421 3275 auch
1463 3215 1526 3275 nur
1563 3213 1609 3273 ein
1646 3213 1728 3273 paar
1765 3213 1919 3273 Angaben

1109 3264 1185 3324 über
1222 3264 1285 3324 sein
1326 3264 1430 3324 Leben
1476 3264 1507 3324 zu
1553 3261 1675 3321 sagen.
1707 3261 1811 3321 Sogar
1848 3261 1915 3321 sein

1109 3315 1380 3375 Geburtsdatum,
1404 3312 1525 3372 damals
1554 3310 1623 3370 noch
1657 3309 1745 3369 nicht
1769 3309 1797 3369 so
1826 3309 1923 3369 leicht

1102 3362 1133 3422 zu
1186 3363 1353 3423 erfahren,
1389 3362 1499 3422 mußte
1543 3359 1587 3419 ich
1640 3359 1746 3419 hinter
1795 3359 1900 3419 seinem

1102 3410 1228 3470 Rücken
1267 3413 1323 3473 bei
1352 3412 1464 3472 seiner
1498 3410 1577 3470 Frau
1620 3410 1813 3470 erkunden.

2018 1892 2091 1952 Man
2131 1894 2187 1954 hat
2222 1891 2345 1951 Arthur
2380 1891 2566 1951 Schnitzler
2601 1891 2663 1951 viel
2697 1893 2798 1953 ange¬

1981 1941 2121 2001 feindet.
2142 1941 2196 2001 Die
2227 1941 2342 2001 Einen,
2363 1938 2439 1998 weil
2459 1938 2494 1998 er
2520 1938 2605 1998 einst
2626 1941 2801 2001 finanziell

1980 1989 2204 2049 unabhängig,
2224 1989 2271 2049 die
2300 1986 2467 2046 Anderen,
2486 1986 2558 2046 weil
2577 1988 2610 2048 er
2630 1989 2706 2049 Jude
2725 1989 2806 2049 war,

1984 2038 2031 2098 die
2058 2037 2205 2097 Dritten,
2227 2037 2300 2097 weil
2327 2037 2368 2097 sie
2401 2035 2485 2095 nicht
2512 2037 2674 2097 begreifen
2707 2037 2801 2097 woll¬

1981 2086 2048 2146 ten,
2067 2085 2124 2145 daß
2159 2085 2249 2145 einer
2278 2085 2393 2145 anders
2423 2085 2485 2145 sein
2519 2085 2658 2145 könnte,
2682 2087 2725 2147 als
2754 2085 2796 2145 sie

1983 2134 2098 2194 selbst,
2119 2135 2168 2195 die
2199 2133 2416 2193 vermeinten,
2437 2133 2492 2193 das
2517 2133 2693 2193 heimische
2724 2133 2804 2193 Gei¬

1983 2183 2145 2243 stesleben
2180 2182 2238 2242 und
2268 2180 2523 2240 Geisteswirken
2557 2181 2734 2241 gepachtet
2759 2183 2792 2243 zu

1979 2231 2104 2291 haben.
2125 2231 2190 2291 Das
2221 2231 2321 2291 waren
2357 2231 2427 2291 auch
2464 2229 2670 2289 diejenigen,
2696 2231 2796 2291 denen

1979 2281 2011 2341 es
2044 2282 2212 2342 unfaßbar
2239 2282 2347 2342 blieb,
2370 2279 2429 2339 daß
2462 2276 2592 2336 Arthur
2620 2279 2798 2339 Schnitzler

1980 2327 2012 2387 es
2050 2330 2185 2390 vorzog,
2213 2330 2241 2390 in
2283 2329 2391 2389 seinen
2433 2327 2658 2387 Meldezettel
2691 2329 2802 2389 einzu¬

1985 2377 2111 2437 tragen:
2168 2377 2233 2437 Dr.
2267 2377 2388 2437 Arthur
2428 2375 2627 2435 Schnitzler,
2661 2377 2799 2437 Schrift¬

1984 2425 2092 2485 steller
2136 2426 2221 2486 (auch
2271 2425 2330 2485 den
2374 2425 2578 2485 Doktorgrad
2628 2425 2795 2485 erwähnte

1983 2476 2011 2536 er
2045 2476 2103 2536 nur
2137 2476 2165 2536 in
2200 2476 2373 2536 amtlichen
2412 2473 2662 2533 Formularen).

2016 2551 2046 2611 Im
2104 2553 2274 2613 Auslande
2316 2550 2408 2610 hatte
2450 2550 2574 2610 Arthur
2616 2550 2796 2610 Schnitzler

1980 2601 2063 2661 einen
2099 2601 2301 2661 glänzenden
2331 2598 2473 2658 Namen,
2493 2598 2626 2658 überall
2651 2599 2695 2659 las
2725 2601 2794 2661 man

1980 2649 2066 2709 seine
2100 2649 2238 2709 Bücher,
2262 2649 2319 2709 gab
2353 2649 2424 2709 man
2458 2646 2544 2706 seine
2578 2646 2711 2706 Stücke,
2735 2648 2797 2708 wo¬

1983 2700 2032 2760 bei
2057 2700 2145 2760 seine
2175 2697 2445 2757 Weltfremdheit
2470 2697 2494 2757 in
2529 2697 2790 2757 kommerziellen

1983 2747 2101 2807 Dingen
2136 2747 2185 2807 ihm
2229 2747 2327 2807 meist
2352 2744 2445 2804 argen
2480 2745 2633 2805 Nachteil
2658 2744 2804 2804 brachte,

1983 2795 2101 2855 ähnlich
2140 2795 2194 2855 wie
2234 2795 2268 2855 es
2298 2795 2352 2855 ihm
2402 2793 2529 2853 damals
2564 2795 2652 2855 ging,
2682 2795 2726 2855 als
2761 2794 2795 2854 er

1983 2843 2037 2903 sich
2067 2843 2135 2903 nach
2165 2843 2317 2903 längerem
2362 2842 2603 2902 Widerstreben
2633 2843 2687 2903 dem
2722 2843 2780 2903 Film

1979 2891 2010 2951 zu
2043 2894 2165 2954 nähern
2201 2893 2346 2953 begann.
2369 2891 2437 2951 Der
2465 2888 2573 2948 Streit
2601 2891 2632 2951 um
2682 2891 2791 2951 seinen

1980 2939 2161 2999 „Reigen",
2192 2941 2245 3001 bei
2280 2940 2344 3000 uns
2379 2939 2447 2999 seit
2482 2938 2541 2998 der
2576 2938 2679 2998 neuen
2724 2938 2797 2998 Zeit

1981 2989 2140 3049 begraben
2178 2989 2233 3049 und
2271 2989 2317 3049 als
2351 2986 2612 3046 unverständlich
2646 2989 2799 3049 empfun¬

1983 3037 2059 3097 den,
2084 3037 2126 3097 ist
2155 3037 2193 3097 da
2232 3039 2293 3099 und
2332 3037 2409 3097 dort
2438 3037 2461 3097 im
2515 3037 2682 3097 Auslande
2716 3037 2787 3097 auch

1978 3087 2071 3147 heute
2106 3087 2179 3147 noch
2214 3088 2345 3148 aktuell
2366 3085 2561 3145 geblieben.
2586 3085 2679 3145 Wäre
2709 3086 2797 3146 nicht

1983 3135 2160 3195 Remarque
2194 3135 2390 3195 dazwischen
2424 3132 2591 3192 getreten,
2616 3133 2663 3193 die
2697 3135 2797 3195 Nazis

1983 3183 2088 3243 hätten
2122 3183 2193 3243 noch
2227 3184 2342 3244 immer
2371 3183 2548 3243 Schnitzler
2577 3182 2625 3242 als
2654 3183 2797 3243 einziges

1980 3231 2197 3291 literarisches
2230 3233 2302 3293 Ziel
2325 3231 2416 3291 ihrer
2443 3231 2470 3291 in
2507 3231 2620 3291 Mäuse
2658 3233 2802 3293 verwan¬

1980 3281 2083 3341 delten
2128 3282 2463 3342 kulturschützenden
2508 3279 2616 3339 Pfeile
2651 3282 2725 3342 ...

2019 3357 2058 3417 An
2099 3357 2154 3417 der
2190 3359 2291 3419 Bahre
2327 3359 2448 3419 Arthur
2484 3356 2695 3416 Schnitzlers,
2726 3359 2781 3419 dem

1978 3409 2012 3469 es
2037 3407 2125 3467 nicht
2151 3407 2307 3467 vergönnt
2333 3409 2411 3469 war,
2431 3407 2539 3467 seinen
2569 3407 2618 3467 70.
2638 3407 2800 3467 Geburts¬
