3392 4320
380 136 563 196 Landstonc,
618 136 651 196 lo
673 133 740 193 does
768 133 821 193 not
850 134 917 194 give
945 133 1026 193 much

370 173 588 233 ponsideration
632 174 658 234 to
698 174 890 234 Schnitzler's
926 171 1045 231 novels.

365 204 422 264 She
450 206 561 266 says:—

401 246 415 306 I
442 246 493 306 had
527 246 575 306 the
601 246 746 306 privilege
776 243 805 303 of
832 246 950 306 visiting
984 246 1039 306 Ar¬

369 279 437 339 thur
468 278 640 338 Schnitzler
671 278 729 338 last
757 276 907 336 sumer,
929 276 963 336 at
994 277 1038 337 his

373 312 522 372 beautiful
546 312 665 372 private
699 311 788 371 house
822 309 855 369 on
892 308 938 368 the
972 310 1041 370 out¬

370 347 461 407 skirts
492 345 522 405 of
553 345 683 405 Vienna,
710 342 805 402 where
840 342 870 402 he
908 340 980 400 lived
1023 342 1034 402 a

374 380 463 440 quiet,
493 377 563 437 well
593 377 712 437 ordered
749 376 816 436 life,
839 374 939 434 alone.
987 375 1042 435 His

372 412 533 472 aughter,
549 412 560 472 a
588 410 741 470 beautiful
761 410 818 470 girl
838 409 891 469 and
915 407 964 467 the
988 407 1045 467 ap¬

373 445 411 505 ple
442 443 472 503 of
499 443 551 503 her
575 443 703 503 father's
730 440 795 500 eye,
818 440 878 500 who
905 440 992 500 made
1019 440 1030 500 a

362 476 426 536 tove
462 479 558 539 match
595 478 720 538 against
749 473 795 533 his
828 476 949 536 wishes,
975 475 1035 535 died

368 512 447 572 ahree
473 511 559 571 years
582 510 654 570 ago,
674 509 763 569 under
787 507 882 567 tragic
909 507 1037 567 circum¬

372 543 502 603 tances.
517 542 570 602 His
592 545 659 605 son,
677 545 687 605 a
713 544 755 604 film
791 545 890 605 actor,
905 544 926 604 is
944 543 1040 603 work¬

369 579 411 639 ing
443 577 469 637 in
501 575 695 635 Hollywood.

399 619 571 679 Schnitzler
599 614 657 674 was
689 619 699 679 a
727 616 885 676 charming
916 614 1040 674 person¬

369 654 458 714 ality,
480 652 547 712 with
579 649 743 709 beautiful,
761 649 907 709 sensitive
936 649 1046 709 hands,

369 686 414 746 the
443 686 538 746 hands
564 683 596 743 of
621 684 667 744 the
695 684 787 744 artist
812 683 866 743 and
895 682 944 742 the
969 681 1036 741 sur¬

363 719 451 779 geon,
489 718 563 778 that
593 718 744 778 attracted
793 715 841 775 the
886 715 1030 775 attention

368 751 438 811 even
470 752 502 812 of
528 751 702 811 strangers.
727 748 784 808 The
816 748 876 808 lock
908 747 937 807 of
965 750 1043 810 hair,

366 785 499 845 hanging
526 783 605 843 down
636 783 685 843 the
708 782 814 842 middle
837 781 867 841 of
890 781 931 841 his
955 781 1034 841 fore¬

370 819 439 879 head
477 818 546 878 that
576 816 632 876 had
669 813 735 873 been
772 815 894 875 famous
928 813 953 873 in
990 816 1038 876 the

365 849 437 909 Cafe
472 850 594 910 Europa
640 849 697 909 and
732 847 774 907 all
801 846 873 906 over
916 848 1045 908 Vienna,

366 883 449 943 when
477 885 499 945 it
518 885 579 945 was
602 885 671 945 pure
694 882 774 942 gold,
793 882 850 942 was
873 879 926 939 now
953 881 1040 941 turn-

367 919 416 979 ing
443 920 469 980 to
496 918 603 978 silver.

402 957 446 1017 He
470 959 527 1019 was
552 957 600 1017 the
625 957 669 1017 son
698 957 730 1017 of
747 955 758 1015 a
787 957 888 1017 throat
909 955 1038 1015 special¬

372 993 421 1053 st,
441 992 494 1052 and
525 992 570 1052 his
594 989 720 1049 brother
743 987 766 1047 is
793 989 858 1049 still
881 989 892 1049 a
920 989 1041 1049 famous

374 1027 492 1087 burgeon
529 1023 554 1083 in
591 1022 724 1082 Vienna.
747 1022 790 1082 He
824 1022 945 1082 himself
979 1021 1037 1081 was

366 1058 498 1118 prought
521 1058 557 1118 up
584 1055 609 1115 to
636 1055 683 1115 the
709 1055 839 1115 medical
857 1055 1042 1115 profession,

366 1091 415 1151 and
448 1091 569 1151 became
598 1089 630 1149 an
663 1090 745 1150 army
777 1088 906 1148 medical
928 1088 1042 1148 officer.

366 1124 462 1184 While
501 1124 670 1184 occupying
709 1121 770 1181 this
817 1122 967 1182 position,
1006 1121 1040 1181 he

367 1158 473 1218 wrote,
505 1157 709 1217 “Lieutenant
741 1154 858 1214 Gustl,"
890 1156 905 1216 a
945 1154 1035 1214 biting

369 1191 493 1251 censure
519 1190 550 1250 of
576 1191 621 1251 the
651 1190 750 1250 system
793 1188 821 1248 of
847 1187 1035 1247 compulsory

367 1224 500 1284 dueling.
532 1222 563 1282 It
579 1222 602 1282 is
622 1222 739 1282 written
763 1222 782 1282 in
810 1219 857 1279 the
877 1219 939 1279 form
975 1221 1002 1281 of
1022 1222 1029 1282 a

369 1258 519 1318 monolog,
538 1255 593 1315 and
620 1255 641 1315 is
667 1255 678 1315 a
705 1255 877 1315 wonderful
896 1252 980 1312 study
1010 1252 1039 1312 of

372 1291 413 1351 the
448 1291 562 1351 shallow
608 1289 756 1349 thoughts
795 1286 828 1346 of
855 1287 889 1347 an
935 1284 1034 1344 empty

366 1324 461 1384 mind.
488 1324 518 1384 It
545 1321 670 1381 aroused
705 1320 754 1380 the
785 1321 970 1381 indignation
1009 1318 1039 1378 of

366 1357 415 1417 the
438 1357 637 1417 authorities,
656 1356 709 1416 and
736 1354 785 1414 the
809 1354 908 1414 young
935 1350 1037 1410 doctor

369 1390 427 1450 was
453 1390 552 1450 forced
582 1387 608 1447 to
637 1387 733 1447 resign
762 1387 825 1447 from
869 1387 913 1447 the
943 1385 1042 1445 army.

367 1422 452 1482 After
475 1422 552 1482 this,
566 1422 591 1482 in
617 1422 665 1482 the
691 1422 833 1482 nineties,
850 1421 885 1481 he
907 1419 971 1479 took
1002 1420 1036 1480 up

370 1455 484 1515 writing
508 1458 538 1518 as
562 1457 573 1517 a
600 1455 783 1515 profession.

397 1497 522 1557 Outside
548 1497 685 1557 Austria,
698 1497 866 1557 Schnitzler
887 1494 908 1554 is
929 1494 1033 1554 known

367 1533 436 1593 best
466 1530 500 1590 by
540 1532 587 1592 his
618 1531 734 1591 lighter
773 1529 941 1589 comedies.
976 1526 1036 1586 The

370 1565 499 1625 "Anatol
543 1566 723 1626 Dialogues,
782 1563 950 1623 translated
998 1558 1033 1618 by

369 1598 675 1658 Granville-Barker,
691 1595 758 1655 give
782 1593 812 1653 us
840 1596 887 1656 the
911 1594 973 1654 love
989 1593 1036 1653 af¬

366 1631 438 1691 fairs
461 1630 491 1690 of
507 1628 517 1688 a
548 1629 692 1689 Viennese
715 1628 825 1688 dandy.
860 1627 890 1687 In
913 1625 1038 1685 “Llebe¬

367 1662 419 1722 lei"
443 1660 476 1720 or
505 1660 699 1720 “Flirtation"
728 1659 768 1719 wę
793 1660 870 1720 have
899 1658 947 1718 the
972 1660 1036 1720 love

367 1697 481 1757 theme,
500 1696 607 1756 ending
634 1697 714 1757 more
737 1694 893 1754 tragically
921 1692 943 1752 in
974 1693 1042 1753 duel

366 1730 419 1790 and
453 1730 586 1790 suicide.
609 1729 681 1789 This
712 1728 776 1788 play
810 1727 871 1787 was
902 1727 973 1787 done
1004 1725 1038 1785 at

367 1764 419 1824 His
443 1765 602 1825 Majesty's
627 1763 760 1823 theater,
777 1762 870 1822 under
891 1760 939 1820 the
964 1760 1044 1820 title,

372 1798 477 1858 "Light
502 1798 529 1858 of
550 1795 655 1855 Love."
680 1793 740 1853 The
761 1795 826 1855 plot
847 1793 878 1853 of
899 1793 943 1853 the
968 1795 1033 1855 play

364 1831 387 1891 is
411 1833 521 1893 slight,
545 1829 600 1889 but
624 1830 675 1890 the
703 1828 801 1888 theme
829 1826 860 1886 of
888 1825 935 1885 the
963 1825 1041 1885 dan¬

370 1865 414 1925 ger
439 1861 466 1921 to
495 1863 588 1923 youth
617 1861 649 1921 of
674 1861 795 1921 playing
824 1860 892 1920 with
921 1858 986 1918 love
1011 1858 1034 1918 is

369 1897 490 1957 handled
521 1895 612 1955 deftly
639 1894 694 1954 and
720 1896 768 1956 the
791 1894 968 1954 characters
990 1892 1038 1952 are

366 1931 442 1991 real,
461 1930 510 1990 the
538 1929 602 1989 play
633 1928 717 1988 being
744 1928 755 1988 a
786 1927 984 1987 masterplece
1011 1925 1041 1985 of

367 1963 500 2023 technic.
527 1963 622 2023 Other
653 1962 801 2022 comedies
828 1962 977 2022 produced
1007 1958 1034 2018 in

369 1999 486 2059 English
529 1996 601 2056 were
640 1995 803 2055 “Countess
838 1996 936 2056 Mizzi"
979 1992 1031 2052 and

370 2026 476 2086 "Green
519 2028 699 2088 Cockatoo.“
743 2024 786 2084 "In
829 2025 962 2085 Freiwild
1002 2022 1037 2082 or

366 2064 434 2124 Fair
467 2064 589 2124 Game,"
622 2061 792 2121 Schnitzler
829 2061 967 2121 indulged
1008 2058 1032 2118 in

363 2097 496 2157 another
542 2097 694 2157 dramatic
741 2092 870 2152 diatribe
916 2091 1041 2151 against

367 2132 503 2192 dueling.
538 2130 568 2190 It
588 2130 671 2190 must
694 2127 724 2187 be
748 2125 945 2185 remembered
973 2126 1040 2186 that

367 2164 500 2224 dueling,
529 2163 674 2223 although
715 2160 893 2220 technically
926 2160 1043 2220 illegal,

366 2197 429 2257 was
457 2197 511 2257 not
539 2196 605 2256 only
641 2195 754 2255 winked
786 2193 817 2253 at
845 2194 868 2254 in
904 2193 1041 2253 Austria,

367 2231 422 2291 but
454 2231 634 2291 practically
670 2227 807 2287 enforced
859 2222 890 2282 by
929 2222 941 2282 a
988 2223 1039 2283 so¬

367 2263 458 2323 called
486 2264 554 2324 code
582 2264 609 2324 of
632 2261 741 2321 honor,
756 2261 837 2321 until
857 2259 906 2319 the
930 2258 1039 2318 empire

367 2300 490 2360 became
519 2297 530 2357 a
563 2294 714 2354 republic.

401 2332 430 2392 In
468 2328 513 2388 all
539 2328 584 2388 his
614 2329 697 2389 early
731 2324 844 2384 works,
869 2325 1036 2385 Schnitzler

368 2361 427 2421 was
459 2363 506 2423 the
534 2363 653 2423 apostle
681 2360 712 2420 of
740 2360 787 2420 the
815 2360 886 2420 fiesh
918 2360 974 2420 and
1002 2358 1041 2418 its

368 2397 540 2457 pleasures,
563 2396 710 2456 preached
740 2393 765 2453 in
809 2393 857 2453 the
894 2393 1041 2453 frankest

365 2431 509 2491 manner,
536 2428 646 2488 though
684 2428 752 2488 with
787 2426 821 2486 an
859 2426 1034 2486 underlying

370 2464 430 2524 vein
458 2464 488 2524 of
507 2464 717 2524 melancholy.
733 2461 775 2521 He
798 2459 882 2519 could
909 2458 989 2518 write
1012 2458 1034 2518 in

366 2497 508 2557 masterly
555 2497 687 2557 manner
730 2492 763 2552 of
802 2490 852 2550 the
899 2490 1041 2550 "Suesses

367 2530 492 2590 Maedl,"
537 2530 549 2590 a
586 2530 650 2590 term
699 2524 841 2584 invented
887 2524 919 2584 by
968 2525 1044 2585 him,

369 2564 460 2624 which
494 2563 517 2623 is
548 2562 672 2622 difficult
703 2560 730 2620 to
761 2560 923 2620 translate,
935 2558 1037 2618 mean¬

368 2599 415 2659 Ing
439 2599 564 2659 literally
588 2593 697 2653 “sweet
717 2593 784 2653 girl"
804 2590 835 2650 or
855 2592 937 2652 “best
957 2591 1035 2651 girl."

373 2630 427 2690 The
448 2632 573 2692 nearest
594 2629 752 2689 prototype
774 2626 798 2686 to
824 2627 844 2687 it
861 2628 886 2688 is
907 2628 1036 2688 perhaps

370 2664 417 2724 the
445 2663 603 2723 midinette
632 2661 659 2721 of
687 2661 786 2721 Paris.

408 2706 493 2766 After
518 2706 636 2766 writing
665 2703 747 2763 some
772 2702 800 2762 30
829 2700 857 2760 or
882 2700 910 2760 40
935 2699 1041 2759 novels

370 2739 423 2799 and
450 2742 552 2802 plays,
571 2739 704 2799 running
734 2736 764 2796 up
791 2736 848 2796 and
879 2735 958 2795 down
985 2734 1034 2794 the

370 2771 461 2831 whole
488 2772 599 2832 gamut
622 2772 652 2832 of
675 2771 701 2831 lo
725 2769 739 2829 e
767 2769 820 2829 and
851 2768 900 2828 the
927 2769 1045 2829 senses,

370 2808 401 2868 he
425 2807 570 2867 suddenly
598 2804 703 2864 astont
723 2802 770 2862 ded
794 2802 848 2862 and
876 2802 1033 2862 electrified

367 2840 412 2900 his
438 2840 592 2900 following
622 2835 689 2895 with
722 2835 797 2895 “The
827 2835 906 2895 Road
936 2835 961 2895 to
990 2834 1036 2894 the

367 2873 476 2933 Open,"
501 2870 512 2930 a
545 2869 610 2929 long
643 2866 744 2926 novel,
765 2864 874 2924 mostly
903 2866 1040 2926 autobio¬

369 2905 531 2965 graphical
551 2903 570 2963 in
598 2903 610 2963 a
634 2900 744 2960 setting
768 2900 800 2960 of
820 2900 962 2960 religtous
982 2899 1037 2959 and

366 2939 465 2999 social
484 2936 652 2996 problems,
671 2935 804 2995 painting
836 2931 900 2991 with
931 2933 942 2993 a
969 2933 1037 2993 sure

370 2973 421 3033 pen
449 2970 621 3030 Christian,
637 2969 716 3029 Jew,
736 2966 849 3026 Zionist
869 2966 924 3026 and
956 2965 1042 3025 Anti¬

369 3005 490 3065 semite,
523 3004 579 3064 and
619 3002 700 3062 their
738 2999 899 3059 divergent
937 2996 1043 3056 views.

370 3038 406 3098 On
432 3038 483 3098 the
505 3037 586 3097 same
612 3035 681 3095 lines
707 3033 729 3093 is
751 3030 923 3090 “Professor
946 3030 1041 3090 Bern¬

371 3069 480 3129 hardi,"
508 3067 654 3127 produced
687 3067 712 3127 in
744 3064 825 3124 1911,
850 3064 939 3124 which
976 3062 1040 3122 tells

370 3103 398 3163 of
421 3103 468 3163 the
494 3103 574 3163 clash
605 3100 733 3160 between
762 3099 810 3159 the
836 3097 942 3157 Jewish
972 3097 1041 3157 doc¬

370 3138 415 3198 tor
434 3136 468 3196 at
484 3136 495 3196 a
522 3135 666 3195 Viennese
689 3133 825 3193 hospital
841 3130 894 3190 and
917 3130 928 3190 a
951 3130 1038 3190 Ceth¬

370 3172 421 3232 olic
454 3169 564 3229 priest,
587 3169 656 3229 each
690 3166 774 3226 doing
811 3164 855 3224 his
885 3163 954 3223 duty
988 3163 1020 3223 ac

370 3202 487 3262 cording
518 3202 548 3262 to
575 3201 620 3261 his
647 3201 711 3261 own
742 3199 848 3259 lights.
871 3196 939 3256 This
970 3195 1034 3255 piay

369 3236 429 3296 was
454 3237 593 3297 censored
622 3235 657 3295 at
679 3233 746 3293 first
768 3232 793 3292 in
825 3229 978 3289 Austria,.
982 3229 1042 3289 ow¬

369 3270 413 3330 ing
439 3269 464 3329 to
483 3267 519 3327 its
542 3268 688 3328 supposed
711 3261 927 3321 disrespectful
946 3262 1041 3322 treat¬

372 3303 453 3363 ment
479 3303 508 3363 of
534 3303 581 3363 the
612 3300 692 3360 state
722 3297 861 3357 religion.
906 3297 1038 3357 Another

368 3336 501 3396 startling
538 3335 660 3395 feature
694 3333 723 3393 of
757 3330 815 3390 this
850 3331 931 3391 play,
961 3330 1038 3390 com¬

368 3370 411 3430 ing
441 3371 507 3431 from
552 3368 600 3428 the
629 3366 784 3426 exponent
806 3364 839 3424 of
866 3363 939 3423 light
965 3363 1027 3423 love

369 3405 390 3465 is
415 3405 451 3465 its
476 3403 590 3463 almost
612 3401 792 3461 exclusively
822 3397 896 3457 male
921 3396 989 3456 cast
1010 3397 1042 3457 of

369 3438 413 3498 22,
435 3437 498 3497 with
527 3437 594 3497 only
624 3435 675 3495 one
701 3432 808 3492 female
834 3431 1007 3491 character,
1026 3432 1037 3492 a

370 3467 472 3527 nurse,
499 3470 559 3530 who
586 3467 719 3527 appears
746 3467 810 3527 only
841 3464 863 3524 in
898 3466 943 3526 the
974 3463 1038 3523 first

368 3504 478 3564 scene.

408 3545 500 3605 Thère
529 3545 614 3605 could
643 3543 679 3603 be
704 3542 740 3602 no
773 3542 858 3602 more
891 3541 1036 3601 complete

370 3578 506 3638 contrast
534 3578 602 3638 than
636 3575 765 3635 etween
800 3575 856 3635 this
888 3574 952 3634 play
979 3573 1035 3633 and

373 3612 524 3672 "Reigen,"
552 3610 574 3670 in
605 3610 695 3670 which
722 3608 767 3668 the
791 3608 900 3668 author
924 3605 1040 3665 experi¬

370 3644 454 3704 enced
487 3644 652 3704 difficulties
685 3643 751 3703 with
781 3641 832 3701 the
858 3641 964 3701 censor
991 3638 1038 3698 for

370 3677 437 3737 very
468 3677 613 3737 different
641 3674 782 3734 reasons.
802 3673 833 3733 In
869 3673 927 3733 this
959 3673 1045 3733 play,

370 3712 417 3772 the
443 3710 620 3770 physician,
638 3708 664 3768 to
693 3708 774 3768 whom
815 3705 900 3765 there
926 3704 977 3764 are
1003 3705 1036 3765 no

370 3742 520 3802 reserves,
532 3742 627 3802 treats
650 3742 679 3802 of
694 3741 741 3801 the
764 3739 904 3799 physical
919 3739 1040 3799 aspects

370 3778 398 3838 of
421 3775 483 3835 love
513 3775 579 3835 with
609 3775 656 3835 the
682 3774 763 3834 most
785 3772 888 3832 brutal
911 3772 1043 3832 realism.

370 3811 397 3871 It
421 3811 444 3871 is
468 3811 492 3871 in
523 3811 535 3871 a
563 3808 656 3868 series
684 3808 711 3868 of
739 3806 766 3866 10
794 3807 923 3867 dialogs,
944 3805 986 3865 all
1010 3805 1033 3865 in

370 3844 417 3904 the
469 3844 549 3904 same
605 3838 678 3898 key.
722 3839 799 3899 Even
855 3838 1035 3898 easy-going

372 3876 481 3936 Vienna
517 3873 580 3933 was
606 3873 737 3933 shocked
773 3871 854 3931 when
890 3873 936 3933 the
968 3872 1035 3932 play

369 3909 412 3969 did
433 3909 465 3969 at
487 3908 544 3968 last
566 3906 691 3966 manage
716 3904 741 3964 to
763 3906 813 3966 get
831 3906 862 3966 on
888 3903 934 3963 the
956 3903 1041 3963 stage

370 3942 392 4002 in
419 3942 496 4002 1920.
515 3942 572 4002 The
596 3939 733 3999 students
756 3936 847 3996 rioted
871 3939 924 3999 and
947 3935 1038 3995 police

370 3975 531 4035 protection
572 3973 634 4033 was
667 3972 799 4032 required
840 3970 954 4030 nightly
991 3969 1035 4029 for

372 4008 414 4068 the
453 4005 685 4065 theater-going
725 4005 838 4065 public.
871 4002 931 4062 The
971 4001 1042 4061 out¬

372 4038 456 4098 hreak
485 4039 628 4099 probably
657 4038 708 4098 had
738 4035 818 4095 more
841 4033 873 4093 of
896 4037 928 4097 an
954 4038 1034 4098 anti¬

373 4076 487 4136 sémitic
510 4076 579 4136 than
602 4076 613 4136 a
641 4076 736 4136 purist
755 4071 873 4131 source.

1426 824 1569 884 txtact
1604 836 1673 896 trom

1372 884 1567 944 PÄSSING
1608 905 1775 965 SHOW.

1486 936 1642 996 LONDON

1796 1056 1872 1116 1931

1330 1072 1425 1132 Date.

1295 1222 1443 1282 Doctor
1471 1228 1662 1288 Authors.

1334 1271 1452 1331 Arthur
1476 1275 1665 1335 Schnitzler,
1684 1279 1737 1339 the
1761 1284 1903 1344 Austrian
1940 1285 2039 1345 novel¬

1295 1307 1349 1367 ist,
1362 1309 1461 1369 whose
1482 1312 1566 1372 death
1591 1314 1612 1374 is
1633 1318 1787 1378 reported,
1804 1320 1862 1380 was
1879 1321 1891 1381 a
1913 1324 2041 1384 medical

1297 1346 1381 1406 man.
1422 1348 1483 1408 The
1510 1350 1568 1410 late
1595 1353 1643 1413 Sir
1671 1355 1790 1415 Arthur
1814 1358 1915 1418 Conan
1947 1360 2040 1420 Doyle

1294 1382 1357 1442 was
1381 1384 1509 1444 another
1533 1389 1639 1449 doctor
1663 1391 1725 1451 who
1757 1395 1823 1455 took
1855 1396 1878 1456 to
1910 1399 2042 1459 Letters,

1291 1419 1344 1479 and
1375 1422 1468 1482 living
1499 1425 1610 1485 British
1642 1429 1894 1489 doctor-authors
1921 1434 2036 1494 include

1291 1457 1379 1517 Brett
1415 1461 1539 1521 Young,
1570 1464 1628 1524 W.
1655 1467 1819 1527 Somerset
1855 1473 2041 1533 Maugham,

1298 1494 1339 1554 O.
1363 1496 1410 1556 H.
1438 1500 1550 1560 Mavor
1588 1504 1705 1564 (James
1739 1506 1874 1566 Bridie),
1903 1511 2038 1571 McNair

1296 1534 1428 1594 Wilson,
1453 1536 1512 1596 and
1546 1539 1590 1599 A.
1615 1543 1649 1603 J.
1674 1545 1806 1605 Cronin,
1836 1546 1899 1606 who
1934 1548 2027 1608 wrote

1322 1572 1456 1632 Hatter's
1479 1575 1595 1635 Castle.

1328 1607 1394 1667 Eric
1419 1612 1591 1672 Linklater,
1611 1618 1658 1678 the
1683 1616 1793 1676 author
1817 1616 1850 1676 of
1871 1619 1885 1679 “
1904 1620 1975 1680 Juan
2005 1622 2023 1682 in

1289 1646 1455 1706 America,

1490 1652 1643 1712 studied
1729 1657 1905 1717 medicine,
1977 1661 2035 1721 but

1287 1685 1463 1745 abandoned
1503 1687 1529 1747 it
1565 1689 1613 1749 for
1653 1692 1728 1752 Arts
1764 1694 1820 1754 and
1861 1697 2023 1757 graduated

1294 1722 1375 1782 M.A.
1394 1723 1456 1783 with
1486 1727 1567 1787 First
1586 1729 1668 1789 Class
1692 1734 1840 1794 Honours
1860 1736 1879 1796 in
1904 1736 2023 1796 English

1287 1760 1482 1820 Literature.

1308 2634 1704 2694 Star-Bulletin

1291 2697 1543 2757 Honolulu
1587 2694 1607 2754 H
1657 2693 1677 2753 T

1268 2987 1383 3047 Arthur
1421 2994 1609 3054 Schnitzler,
1637 3004 1780 3064 Austrian
1817 3010 1878 3070 au¬

1228 3021 1298 3081 thor
1320 3024 1378 3084 and
1404 3028 1591 3088 playwright
1609 3037 1700 3097 many
1726 3041 1755 3101 of
1776 3044 1876 3104 whose

1219 3054 1321 3114 works
1341 3059 1415 3119 have
1435 3061 1505 3121 been
1529 3065 1670 3125 reviewed
1694 3073 1717 3133 in
1741 3076 1803 3136 this
1823 3079 1874 3139 de¬

1227 3094 1399 3154 partment,
1424 3097 1491 3157 died
1530 3105 1722 3165 Wednesday
1756 3115 1789 3175 at
1819 3118 1871 3178 the

1220 3130 1280 3190 age
1302 3130 1334 3190 of
1352 3130 1400 3190 69.

2257 1674 2968 1734 OBSERVER

2343 1727 2366 1787 I.
2381 1727 2501 1787 österr.
2511 1730 2659 1790 behördl.
2674 1733 2971 1793 konzessioniertes

2299 1769 2531 1829 Unternehmen
2561 1771 2612 1831 für
2633 1775 3021 1835 Zeitungs-Ausschnitte

2355 1826 2495 1886 WIEN,
2525 1831 2576 1891 I.,
2599 1834 2878 1894 WOLLZEILE
2923 1837 2967 1897 11

2448 1882 2658 1942 TELEPHON
2699 1885 2869 1945 R-23-0-43

2245 2020 2467 2080 Ausschnitt
2492 2022 2581 2082 aus:

2328 2136 2410 2196 Zhe
2461 2138 2645 2198 Lancet
2697 2142 2874 2202 London

2525 2199 2812 2259 5.12.1931

2177 2267 2307 2327 Lastly,
2331 2270 2349 2330 I
2378 2270 2447 2330 may
2481 2273 2620 2333 mention
2658 2276 2709 2336 the
2742 2276 2831 2336 name
2864 2276 2901 2336 of
2925 2276 2989 2336 Dr.
3013 2279 3134 2339 Arthur

2134 2309 2335 2369 Schnitzler,
2345 2310 2397 2370 son
2422 2311 2455 2371 of
2475 2314 2522 2374 the
2546 2315 2690 2375 eminent
2709 2318 2939 2378 laryngologist
2959 2319 2992 2379 of
3012 2321 3131 2381 bygone

2134 2350 2229 2410 days.
2263 2351 2329 2411 Dr.
2342 2353 2520 2413 Schnitzler
2542 2355 2604 2415 was
2625 2356 2671 2416 far
2692 2357 2792 2417 better
2813 2360 2946 2420 known,
2963 2360 2996 2420 of
3009 2361 3137 2421 course,

2132 2388 2183 2448 for
2218 2390 2264 2450 his
2299 2393 2431 2453 literary
2470 2396 2525 2456 and
2569 2397 2714 2457 poetical
2744 2399 2846 2459 works
2881 2402 2953 2462 than
2997 2403 3048 2463 for
3082 2403 3129 2463 his

2132 2431 2273 2491 medical
2286 2435 2544 2495 achievements.
2582 2438 2686 2498 Apart
2703 2437 2769 2497 from
2803 2440 2848 2500 his
2870 2441 2957 2501 early
2978 2443 3132 2503 coöpera¬

2132 2471 2196 2531 tion
2222 2474 2290 2534 with
2316 2476 2362 2536 his
2380 2479 2653 2539 brother-in-law,
2671 2479 2760 2539 Prof.
2774 2482 2978 2542 Hajek—the
3000 2485 3128 2545 present

2133 2514 2216 2574 chief
2234 2515 2269 2575 of
2287 2516 2335 2576 the
2362 2518 2450 2578 clinic
2473 2518 2521 2578 for
2539 2522 2844 2582 rhinolaryngology
2870 2524 2892 2584 in
2923 2525 3130 2585 Vienna—he

2132 2554 2202 2614 took
2240 2555 2252 2615 a
2282 2557 2373 2617 great
2403 2560 2536 2620 interest
2566 2563 2590 2623 in
2628 2564 2924 2624 psycho-analysis,
2950 2566 3025 2626 even
3059 2570 3129 2630 long

2132 2596 2235 2656 before
2270 2599 2368 2659 Freud
2407 2602 2574 2662 published
2613 2604 2660 2664 his
2695 2606 2892 2666 researches.
2939 2608 3003 2668 The
3038 2610 3132 2670 poet¬

2132 2638 2313 2698 physician,
2345 2640 2375 2700 as
2411 2643 2592 2703 Schnitzler
2627 2644 2697 2704 may
2738 2644 2773 2704 be
2809 2647 2950 2707 termed,
2999 2650 3122 2710 applied

2130 2682 2312 2742 intuitively
2338 2683 2388 2743 the
2413 2685 2567 2745 elements
2589 2685 2625 2745 of
2643 2688 2780 2748 analysis
2801 2688 2826 2748 in
2855 2688 2901 2748 his
2926 2691 3122 2751 well-known

2131 2722 2217 2782 plays
2247 2723 2305 2783 and
2334 2726 2484 2786 dramas,
2501 2727 2592 2787 some
2622 2727 2654 2787 of
2680 2729 2775 2789 which
2809 2729 2871 2789 won
2905 2732 2954 2792 for
2980 2733 3029 2793 him
3071 2733 3125 2793 the

2127 2761 2197 2821 title
2223 2763 2259 2823 of
2277 2766 2531 2826 representative
2557 2768 2594 2828 of
2615 2769 2656 2829 Au
2686 2771 2761 2831 rian
2790 2772 2924 2832 poetry.
2970 2775 3016 2835 Ile
3049 2775 3128 2835 gave

2124 2802 2165 2862 up
2195 2807 2335 2867 medical
2353 2810 2489 2870 practice
2519 2811 2614 2871 many
2640 2812 2731 2872 years
2756 2814 2831 2874 ago,
2848 2815 2905 2875 and
2935 2817 3018 2877 lived
3047 2817 3118 2877 only

2199 2867 2282 2927 for
2333 2870 2416 2930 his
2467 2873 2720 2933 literary
2763 2876 2917 2936 work.
