3436 4352
152 330 285 390 12.

356 327 933 387 Schnitzler's
1010 319 1236 379 Deatl

461 754 1187 814 DOBSERVER

549 810 575 870 I.
589 813 708 873 österr.
722 813 873 873 behördl.
887 813 1184 873 konzessioniertes

501 855 738 915 Unternehmen
766 853 816 913 für
840 855 1232 915 Zeitungs-Ausschnitte

551 913 700 973 WIEN,
728 916 782 976 I.,
803 915 1088 975 WOLLZEILE
1137 918 1183 978 11

652 965 871 1025 TELEPHON
903 965 1079 1025 R-23-0-43

454 1106 675 1166 Ausschnitt
705 1106 792 1166 aus:

479 1209 662 1269 Kurjer
705 1204 1072 1264 Warszawski,

873 1319 1200 1379 28.10.1931

445 1326 563 1386 vom:

414 1416 668 1476 Testament
697 1419 905 1479 Schnitdera.

396 1461 765 1521 Wiedniu
796 1470 913 1530 slynny
944 1472 1129 1532 dramaturg
1160 1473 1178 1533 i
1197 1475 1424 1535 powieściopi-

368 1504 461 1564 sarz,
484 1512 810 1572 Arter,
827 1518 1037 1578 roporządzi
1065 1519 1242 1579 kodycylem
1282 1521 1320 1581 do
1343 1521 1425 1581 swe-

368 1555 405 1615 go
432 1555 648 1615 testamentu,
670 1560 839 1620 spisanego
866 1562 935 1622 dnia
962 1562 998 1622 29
1025 1565 1173 1625 kwietnia
1200 1568 1273 1628 1912
1301 1571 1342 1631 r.,
1359 1571 1416 1631 aby

372 1599 462 1659 przed
492 1604 673 1664 pogrzebem
717 1607 860 1667 przebito
889 1610 937 1670 mu
971 1613 1071 1673 serce,
1091 1613 1152 1673 aby
1187 1615 1234 1675 nie
1263 1616 1416 1676 składano

372 1644 509 1704 wieńców
541 1649 577 1709 na
604 1652 672 1712 jego
699 1655 857 1715 trumnie,
868 1657 883 1717 i
900 1658 958 1718 aby
985 1661 1031 1721 nie
1053 1661 1126 1721 było
1153 1661 1163 1721 w
1201 1664 1337 1724 pismach
1364 1662 1422 1722 no¬

366 1692 520 1752 krologów
554 1697 571 1757 o
599 1701 676 1761 jego
704 1702 815 1762 zgonie
843 1705 859 1765 i
882 1705 1042 1765 wreszcie,
1065 1709 1141 1769 żeby
1170 1710 1220 1770 nie
1248 1712 1413 1772 rozsyłano

365 1740 505 1800 żadnych
536 1747 708 1807 zaproszeń
744 1747 778 1807 na
809 1750 965 1810 pogrzeb.

404 1784 446 1844 Co
473 1788 515 1848 się
542 1792 631 1852 tyczy
658 1795 785 1855 samego
812 1798 991 1858 pogrzebu,
1007 1801 1033 1861 to
1060 1803 1171 1863 żądał,
1187 1804 1245 1864 aby
1272 1806 1329 1866 był
1346 1805 1419 1865 jak-

361 1835 655 1895 najskromniejszy
691 1840 701 1900 i
733 1843 789 1903 aby
826 1846 990 1906 pieniądze
1022 1852 1259 1912 przeznaczone
1291 1855 1326 1915 na
1363 1852 1419 1912 po-

358 1882 456 1942 grzeb
486 1884 663 1944 wystawny
693 1890 831 1950 rozdano
861 1894 1047 1954 szpitalom.

401 1930 510 1990 Prosił
530 1933 664 1993 również
693 1936 711 1996 o
736 1938 788 1998 nie
817 1941 1032 2001 wygłaszanie
1081 1944 1152 2004 mów
1191 1946 1224 2006 na
1258 1950 1329 2010 jego
1354 1949 1391 2009 po

358 1978 487 2038 grzebie
515 1981 526 2041 i
548 1983 564 2043 o
591 1985 792 2045 nienoszenie
820 1991 949 2051 żałoby.

490 2216 718 2276 Ausschnitt
743 2216 831 2276 aus:

419 2313 616 2373 AUSSCHNNT
638 2311 718 2371 VOM:

995 2395 1078 2455 28.
1096 2389 1196 2449 OKT.
1222 2391 1331 2451 1931

484 2520 719 2580 Vossische
769 2512 1005 2572 Zeitung,
1046 2505 1212 2565 Berlin

685 2568 1015 2628 Bbend=Busgebe

373 2667 635 2727 Schfitzlers
671 2664 890 2724 Nachlast.
925 2661 967 2721 In
1002 2659 1179 2719 Schnitzlers
1206 2657 1333 2717 Nachlaß
1367 2653 1485 2713 wurden

335 2713 418 2773 nebge
453 2713 501 2773 den
531 2709 733 2769 Tagebüchern
768 2707 821 2767 und
851 2706 899 2766 dem
940 2703 1077 2763 Roman,
1097 2702 1150 2762 von
1180 2700 1269 2760 denen
1299 2699 1352 2759 wir
1382 2697 1489 2757 bereit¬

340 2756 527 2816 besichteten,
550 2753 615 2813 noch
644 2753 721 2813 neun
754 2750 936 2810 unbekannte
965 2747 1102 2807 Einakter
1130 2744 1296 2804 gefunden.
1335 2739 1494 2799 Darunter

334 2801 469 2861 sinden
499 2800 549 2860 sich
572 2798 617 2858 die
646 2795 747 2855 Stücke
771 2795 906 2855 „Haus
930 2789 1168 2849 Delorme",
1191 2789 1241 2849 das
1270 2786 1422 2846 scinerzeit
1446 2783 1496 2843 vor

331 2841 387 2901 der
416 2843 574 2903 Premiere
603 2840 647 2900 bei
676 2840 857 2900 Vämnopsky
892 2837 942 2897 vom
983 2834 1100 2894 Dichter
1130 2831 1236 2891 wieder
1271 2830 1491 2890 zurückgezogen

339 2888 454 2948 wurde,
486 2888 587 2948 „Das
629 2883 745 2943 Woxt
815 2881 857 2941 ein
889 2879 1032 2939 Einakter
1064 2879 1121 2939 aus
1159 2876 1206 2936 dem
1254 2873 1497 2933 Altenbergkreis

343 2929 399 2989 und
428 2929 467 2989 ein
501 2927 664 2987 Versstück,
683 2927 738 2987 das
762 2927 789 2987 im
830 2927 1089 2987 Dreißigjährigen
1124 2921 1208 2981 Krieg
1243 2918 1343 2978 spielt.

588 2967 732 3027 WIEN,
764 2972 804 3032 I.,
836 2968 1214 3028 WOLLZEILEII

686 3022 905 3082 TELEPHON
939 3017 1119 3077 R-23-0-43

484 3171 712 3231 Ausschnitt
736 3165 825 3225 aus:

511 3430 791 3490 usemunrvon

867 3467 891 3527 2
918 3467 960 3527 8.
978 3467 1079 3527 OKI.
1106 3471 1207 3531 1931

579 3619 682 3679 Der
725 3614 941 3674 Abend,
974 3609 1150 3669 Berlin
1214 3601 1389 3661 SM.68

402 3685 605 3745 TSchnihlers
632 3682 784 3742 Nachlah.
819 3677 860 3737 Im
904 3671 1073 3731 Testament
1091 3670 1184 3730 Artur
1210 3667 1388 3727 Schnitzlers
1406 3667 1464 3727 find
1491 3664 1540 3724 be¬

344 3730 476 3790 föndere
508 3726 718 3786 Verfügungen
762 3720 830 3780 über
862 3718 951 3778 seinen
989 3715 1178 3775 literarischen
1216 3713 1342 3773 Nachlaß
1379 3710 1542 3770 enthalten.

351 3773 407 3833 Die
444 3768 639 3828 Verraltung
676 3765 727 3825 des
764 3761 954 3821 litorarischen
986 3756 1084 3816 Erbes
1120 3754 1192 3814 wird
1229 3753 1316 3813 neben
1358 3752 1404 3812 dem
1451 3752 1532 3812 Sohn

352 3816 471 3876 Schnitz
481 3814 604 3874 ersder
629 3810 685 3870 mit
710 3809 752 3869 dem
796 3807 905 3867 Dichter
934 3804 981 3864 seit
1006 3800 1115 3860 Jahren
1144 3798 1330 3858 befreundete
1359 3794 1535 3854 Dramaturg

359 3860 403 3920 der
433 3858 574 3918 Berliser
594 3849 932 3909 Asinhardt=Bühnen,
953 3846 1011 3906 Dr.
1036 3843 1138 3903 Franz
1164 3840 1311 3900 Horch,
1336 3837 1546 3897 übernehmen.

357 3902 413 3962 Der
445 3900 568 3960 Nachluß
604 3896 717 3956 ethält
743 3891 825 3951 unter
857 3890 975 3950 anderem
1017 3887 1058 3947 ein
1089 3885 1140 3945 fest
1166 3884 1341 3944 vollendetes
1372 3881 1542 3941 Schauspiel

363 3947 434 4007 „Der
466 3946 527 4006 Zug
558 3943 604 4003 der
630 3937 789 3997 Schatten"
816 3933 913 3993 ferner
939 3931 1190 3991 Aufzeichnungen
1222 3927 1453 3987 biographischer
1479 3923 1545 3983 Art,

363 3989 408 4049 die
442 3989 470 4049 zu
510 3984 594 4044 einem
645 3980 949 4040 astobiographischen
995 3974 1079 4034 Werk
1113 3971 1389 4031 zusammengefaßt
1429 3968 1535 4028 werden

362 4034 467 4094 sollen,
487 4035 545 4095 und
575 4031 758 4091 Bruchstücke
788 4025 864 4085 eines
895 4020 1083 4080 begonnenen
1114 4019 1267 4079 Romans.

1454 315 1584 375 box
1663 309 1893 369 43/26

1808 759 2431 819 OBSERVE

2552 761 2614 821 a

1896 819 1923 879 I.
1937 819 2055 879 österr.
2069 820 2214 880 behördl.
2229 822 2529 882 konzessioniertes

1856 859 2085 919 Unternehmen
2119 861 2165 921 für
2189 864 2582 924 Zeitungs-Ausschnitte

1899 918 2049 978 WIEN,
2072 923 2121 983 I.,
2151 924 2431 984 WOLLZEILE
2483 930 2525 990 11

2000 972 2213 1032 TELEPHON
2247 974 2426 1034 R-23-0-43

1757 1094 1941 1154 Journal:

2299 1144 2430 1204 XTHUR

1815 1311 1878 1371 29
1920 1291 2186 1351 OCTOBRE
2227 1282 2291 1342 19S

2431 1425 2582 1485 erenere
2639 1428 2767 1488 eiden.

1807 1452 1935 1512 Staaten
1969 1455 2116 1515 erfolgen.

2098 1496 2280 1556 Schnitzlers
2318 1500 2473 1560 Nachlaß.

1835 1530 1884 1590 Im
1935 1531 2067 1591 Nachlaß
2100 1535 2283 1595 Schnitzters
2322 1538 2455 1598 besinden
2494 1541 2543 1601 sich
2583 1543 2626 1603 die
2660 1545 2759 1605 Frag¬

1776 1568 1892 1628 ente
1925 1570 2004 1630 eines
2041 1571 2199 1631 Romans,
2228 1574 2307 1634 eines
2345 1580 2540 1640 Schauspiels
2587 1583 2675 1643 „Zug
2708 1585 2759 1645 der

1793 1607 1955 1667 Schatten“
1994 1609 2079 1669 sowie
2114 1613 2410 1673 Tagebuchnotizen,
2434 1616 2481 1676 die
2511 1619 2558 1679 bis
2592 1620 2673 1680 1895
2707 1623 2759 1683 zu¬

1793 1646 1964 1706 rückreichen
1999 1648 2055 1708 und
2085 1649 2132 1709 vom
2175 1653 2299 1713 Dichter
2324 1657 2352 1717 zu
2386 1657 2466 1717 einer
2496 1662 2758 1722 Autobiographie

1787 1685 1969 1745 verarbeitet
2007 1687 2124 1747 werden
2171 1691 2297 1751 sollten.
2345 1694 2405 1754 Die
2448 1697 2654 1757 Verwaltung
2702 1703 2753 1763 des

1791 1724 1982 1784 Nachlasses,
2007 1727 2059 1787 der
2093 1730 2222 1790 darüber
2256 1733 2366 1793 hinaus
2405 1736 2567 1796 zahlreiche
2601 1741 2759 1801 Aufzeich¬

1790 1762 1911 1822 nungen
1953 1764 2006 1824 und
2043 1767 2160 1827 Skizzen
2202 1771 2337 1831 enthält,
2365 1774 2437 1834 liegt
2469 1775 2496 1835 in
2532 1777 2582 1837 den
2623 1780 2745 1840 Händen

1787 1801 1837 1861 des
1866 1804 2094 1864 Dramaturgen
2128 1807 2174 1867 der
2208 1813 2549 1873 Reinhardt=Bühnen,
2568 1819 2633 1879 Dr.
2657 1821 2741 1881 Hosch

1786 1840 1836 1900 der
1859 1843 2060 1903 gegenwärtig
2088 1846 2151 1906 eine
2175 1849 2321 1909 Sichtung
2349 1852 2535 1912 vornimmt.

1841 1882 1902 1942 Wie
1939 1882 1990 1942 der
2027 1884 2114 1944 Sohn
2156 1887 2341 1947 Schnitzlers
2377 1892 2526 1952 mitteilt,
2558 1896 2609 1956 hat
2646 1897 2676 1957 er
2713 1896 2738 1956 in

1790 1921 1920 1981 Nachlaß
1962 1924 2056 1984 seines
2094 1924 2210 1984 Vaters
2248 1929 2388 1989 folgende
2422 1936 2646 1996 Verfügungen
2688 1936 2758 1996 vor¬

1780 1962 1957 2022 gefunden:
1986 1965 2279 2025 „Bestimmungen,
2303 1968 2349 2028 die
2378 1968 2414 2028 ich
2452 1974 2536 2034 gleich
2573 1974 2643 2034 nach
2681 1977 2755 2037 mei¬

1784 1996 1836 2056 nem
1894 2001 2028 2061 Ableben
2076 2003 2104 2063 zu
2153 2003 2277 2063 erfüllen
2326 2007 2421 2067 bitte:
2460 2011 2623 2071 Herzstich,
2671 2016 2752 2076 keine

1783 2040 1923 2100 Kränze,
1951 2040 2030 2100 keine
2058 2042 2188 2102 schwarz
2221 2046 2393 2106 umrahmte
2431 2052 2640 2112 Kundgebung
2678 2054 2747 2114 auch

1793 2079 1817 2139 in
1862 2079 1915 2139 der
1960 2082 2087 2142 Zeitung
2137 2083 2230 2143 nicht.
2275 2087 2456 2147 Begräbnis
2501 2090 2598 2150 letzter
2643 2094 2740 2154 Klasse

1787 2118 1858 2178 Das
1892 2118 1978 2178 durch
2012 2122 2185 2182 Befolgung
2224 2124 2314 2184 dieser
2343 2130 2564 2190 Verfügungen
2603 2133 2741 2193 erübrigt

1787 2154 1863 2214 Geld
1900 2157 1940 2217 ist
1972 2159 2199 2219 Spitalzwecken
2245 2165 2467 2225 zuzuwenden.
2508 2168 2598 2228 Keine
2640 2171 2734 2231 Reden

1785 2195 1994 2255 Vermeidung
2022 2198 2096 2258 allen
2130 2201 2269 2261 rituellen
2302 2204 2474 2264 Beiwerks.
2498 2207 2586 2267 Keine
2614 2211 2735 2271 Trauer

1781 2237 1891 2297 kränze
1920 2237 1986 2297 nach
2021 2240 2131 2300 meinem
2175 2242 2275 2302 Tode.
2305 2243 2438 2303 Absolut
2468 2246 2539 2306 keine

1864 2591 2119 2651 OBS

2210 2601 2581 2661 ERVER

1945 2649 1969 2709 I.
1985 2651 2101 2711 österr.
2117 2656 2263 2716 behördl.
2279 2661 2572 2721 konzessioniertes

1900 2691 2131 2751 Unternehmen
2161 2696 2209 2756 für
2234 2703 2623 2763 Zeitungs-Ausschnitte

1950 2750 2099 2810 WIEN,
2128 2754 2170 2814 I.,
2199 2762 2484 2822 WOLLZEILE
2527 2766 2569 2826 11

2045 2807 2262 2867 TELEEPHON
2296 2813 2473 2873 R-23-0-43

1843 2942 2064 3002 Ausschnitt
2094 2948 2177 3008 aus:

1919 3041 2150 3101 Berliner
2198 3055 2549 3115 Horgenpost,

2099 3165 2447 3225 29.10.1931.

1839 3167 1954 3227 vom:

1837 3322 2100 3382 Schnitzlers
2132 3313 2436 3373 likerarischer
2458 3306 2680 3366 Nachlaß.

1903 3377 1940 3437 Im
1984 3375 2108 3435 Nachlaß
2140 3371 2189 3431 von
2221 3368 2340 3428 Arthur
2366 3363 2527 3423 Schnißlee
2553 3358 2683 3418 befinden

1846 3425 1890 3485 sich
1916 3421 1965 3481 des
1991 3419 2121 3479 Dichters
2147 3413 2342 3473 Tagebücher,
2363 3410 2402 3470 die
2428 3407 2513 3467 allein
2544 3403 2623 3463 mehr
2649 3401 2688 3461 als

1841 3468 1905 3528 zehn
1941 3464 2041 3524 Bände
2067 3458 2227 3518 umfassen.
2263 3455 2338 3515 Drei
2364 3450 2464 3510 Bände
2490 3446 2685 3506 Aphorismen

1843 3511 1960 3571 „Kunst
1976 3506 2000 3566 im
2035 3502 2265 3562 allgemeinen",
2281 3498 2354 3558 „Zum
2389 3494 2486 3554 Wesen
2511 3491 2560 3551 der
2580 3486 2692 3546 Kritik"

1847 3551 1901 3611 und
1937 3548 1982 3608 die
2013 3545 2168 3605 besonders
2204 3540 2445 3600 aufschlußreiche
2475 3532 2696 3592 Kriegssamm¬

1846 3594 1917 3654 lung
1946 3591 2027 3651 „Und
2056 3588 2171 3648 einmal
2195 3585 2267 3645 wird
2296 3580 2401 3640 wieder
2430 3577 2535 3637 Friede
2565 3572 2698 3632 werden"

1850 3638 1931 3698 sollen
1963 3636 2019 3696 jetzt
2046 3632 2086 3692 als
2113 3628 2221 3688 Bücher
2247 3624 2421 3684 erscheinen.
2437 3621 2550 3681 Ferner
2577 3615 2695 3675 wurden

1843 3682 1915 3742 neun
1949 3678 2059 3738 fertige
2089 3672 2233 3732 Einakter
2263 3667 2431 3727 gefunden,
2460 3663 2503 3723 die
2537 3661 2696 3721 Schnitzler

1849 3723 1896 3783 der
1940 3718 2179 3778 Oeffentlichkeit
2223 3712 2423 3772 vorenthielt.
2462 3706 2552 3766 Einer
2601 3701 2691 3761 davon

1854 3767 1941 3827 spielt
1972 3763 2059 3823 unter
2091 3756 2318 3816 Landsknechten
2360 3752 2385 3812 im
2432 3748 2695 3808 Dreißigjährigen

1852 3809 1940 3869 Krieg
1999 3805 2052 3865 und
2107 3802 2140 3862 ist
2185 3798 2268 3858 eines
2317 3794 2370 3854 der
2415 3792 2547 3852 wenigen
2601 3786 2698 3846 Werke

1850 3851 2045 3911 Schnitzlers,
2071 3845 2116 3905 die
2146 3842 2171 3902 in
2212 3840 2312 3900 Versen
2353 3837 2493 3897 abgefaßt
2524 3832 2599 3892 sind.
2644 3828 2694 3888 Ein

1846 3894 1978 3954 anderer
2028 3888 2190 3948 behandelt
2239 3884 2288 3944 den
2347 3876 2617 3936 Altenberg=Kreis
2672 3872 2696 3932 in

1858 3932 2167 3992 Schlüssel=Figuren,
2188 3926 2275 3986 unter
2301 3922 2389 3982 denen
2419 3921 2512 3981 außer
2542 3917 2704 3977 Altenberg

1858 3981 1921 4041 auch
1953 3977 2106 4037 Schnitzler
2133 3971 2228 4031 selber
2255 3970 2281 4030 zu
2319 3966 2451 4026 erkennen
2488 3961 2540 4021 ist;
2562 3959 2609 4019 der
2636 3956 2710 4016 Ein¬

1858 4022 1934 4082 akter
1966 4022 2042 4082 heißt
2074 4017 2151 4077 „Das
2182 4013 2305 4073 Wort".
2347 4008 2434 4068 Dann
2471 4004 2604 4064 entdeckte
2636 4001 2697 4061 man

1855 4067 1923 4127 auch
1953 4064 2007 4124 das
2042 4062 2145 4122 „Haus
2180 4055 2357 4115 Delorme",
2382 4051 2431 4111 den
2466 4049 2628 4109 Einakter,
2653 4043 2702 4103 den

1861 4109 2014 4169 Schnitzler
2048 4106 2170 4166 zugleich
2204 4102 2264 4162 mit
2293 4100 2342 4160 dem
2386 4095 2530 4155 „Grünen
2564 4089 2707 4149 Kakadu"

1861 4153 1981 4213 schrieb.
