3392 4384
165 319 223 379 12

1451 312 1578 372 box
1651 312 1842 372 44/1

353 321 925 381 Schnitzler's
996 324 1222 384 Death

651 1303 1205 1363 SSERVER

570 1357 588 1417 «
611 1359 733 1419 österr.
743 1360 892 1420 behördl.
907 1363 1202 1423 konzessioniertes

486 1398 766 1458 nternehmen
795 1402 841 1462 für
865 1405 1254 1465 Zeitungs-Ausschnitte

561 1459 717 1519 WIEN,
746 1462 795 1522 I.,
818 1465 1109 1525 WOLLZEILE
1160 1471 1209 1531 11

672 1512 891 1572 TELEPHON
924 1515 1100 1575 R-23-0-43

459 1653 684 1713 Ausschnitt
706 1659 777 1719 aus
891 1687 963 1747 r
974 1690 1117 1750 Noudste
1129 1694 1344 1754 Nachebte-

464 1879 580 1939 vom:

775 1875 826 1935 13
879 1879 1013 1939 DEZ.
1034 1890 1116 1950 104

929 2089 1256 2149 Theater
1335 2086 1459 2146 und
1549 2089 1777 2149 Kunst
1842 2089 1891 2149 in
1968 2092 2309 2152 Dresden

434 2193 508 2253 Eine
549 2196 687 2256 würdige
728 2197 1016 2257 Gedenkister
1063 2198 1132 2258 für
1178 2197 1345 2257 Arthur
1386 2196 1796 2256 SchnitzlersTautz),
1814 2193 1917 2253 zeigten
1953 2193 2015 2253 eine
2039 2195 2223 2255 vorbildliche
2253 2198 2506 2258 Ensemblekunst,
2524 2204 2564 2264 die
2594 2204 2616 2264 in
2645 2205 2737 2265 diesem
2778 2206 2899 2266 Theater

360 2237 464 2297 wurde
492 2237 519 2297 im
559 2238 823 2298 Staatlschen
857 2238 1221 2298 Gcauspielhalls
1249 2238 1309 2298 mit
1337 2238 1419 2298 einem
1453 2239 1618 2299 Schubert=
1653 2233 1740 2293 unter
1768 2232 1851 2292 Fritz
1879 2232 2066 2292 Fischers
2105 2235 2226 2295 Leitung
2265 2238 2331 2298 auch
2365 2241 2530 2301 literarisch
2564 2246 2745 2306 schwächeren
2784 2247 2900 2307 Werken

362 2278 511 2338 Quarteit
542 2279 688 2339 eröffnet.
723 2277 818 2337 Felix
849 2278 1004 2338 Steinböck
1030 2279 1080 2339 las
1115 2278 1160 2338 die
1191 2279 1321 2339 Novelle
1352 2280 1401 2340 vom
1452 2280 1622 2340 „Leutnanz
1648 2272 1823 2332 wenigstens
1849 2271 1873 2331 zu
1904 2274 2010 2334 starkom
2045 2277 2321 2337 Publikumserfolg
2347 2281 2492 2341 verhelfen
2523 2284 2612 2344 kann,

362 2318 482 2378 Gustl".
523 2319 602 2379 Voll
628 2319 713 2379 tiefer
744 2319 889 2379 Wirkung
925 2319 985 2379 auch
1021 2319 1076 2379 und
1112 2319 1187 2379 ganz
1217 2319 1242 2379 im
1288 2321 1388 2381 Sinne
1424 2321 1498 2381 eines
1534 2319 1614 2379 edlen

1737 2313 2017 2373 Bomerkenswerte
2052 2317 2218 2377 Gastspiele
2253 2322 2459 2382 prominenter
2494 2326 2705 2386 Schauspieler
2740 2328 2906 2388 vermittelt

359 2360 611 2420 Kammerspiels,
638 2361 685 2421 von
712 2361 1016 2421 Schauspieldirektor
1043 2360 1137 2420 Georg
1164 2359 1269 2419 Kiesau
1296 2360 1469 2420 inszeniert,
1491 2359 1616 2419 Schnitz=
1638 2353 1827 2413 neuerdings
1854 2353 1906 2413 das
1933 2357 2321 2417 Albert=Theater.
2359 2363 2400 2423 So
2427 2364 2474 2424 sah
2501 2364 2564 2424 man
2596 2366 2664 2426 kurz
2685 2370 2895 2430 nacheinander

357 2401 422 2461 lers
450 2399 585 2459 Einakter
618 2399 688 2459 „Die
717 2401 809 2461 letzten
837 2400 982 2460 Masken"
1015 2399 1065 2459 mit
1090 2399 1159 2459 Luis
1192 2399 1304 2459 Rainer
1332 2400 1387 2460 und
1416 2400 1495 2460 Erich
1523 2399 1616 2459 Ponti

1642 2390 1762 2450 Conrad
1792 2393 1923 2453 Veidt
1954 2393 1978 2453 in
2015 2398 2115 2458 Alfred
2145 2399 2281 2459 Savoirs
2317 2399 2392 2459 „Or“
2428 2401 2483 2461 und
2514 2404 2599 2464 Felix
2635 2411 2841 2471 Bressart
2872 2410 2896 2470 in

354 2440 396 2500 als
431 2440 641 2500 Gegenspieler
671 2438 718 2498 von
752 2441 896 2501 Format.
915 2439 924 2499 —
978 2441 1078 2501 Kiefau
1112 2441 1251 2501 zeichnete
1275 2441 1424 2501 obenfalls
1453 2441 1505 2501 für
1530 2441 1611 2501 einer

1646 2433 1809 2493 Vernauers
1843 2435 1924 2495 „Das
1959 2435 2054 2495 Konto
2084 2438 2145 2498 X“.
2184 2440 2295 2500 Bleibt
2320 2441 2367 2501 der
2397 2442 2502 2502 Genuß
2536 2444 2588 2504 der
2618 2448 2742 2508 ziomlich
2772 2447 2896 2507 zufällig

1641 2474 1955 2534 zusammengestellten
1994 2477 2165 2537 Ensembles
2204 2480 2265 2540 auch
2305 2482 2447 2542 duschaus
2486 2484 2638 2544 einseitig,
2663 2489 2691 2549 so
2725 2489 2901 2549 entschädigt

359 2480 631 2540 Molidre=Abend,
652 2480 693 2540 der
724 2481 771 2541 den
802 2483 1115 2543 „Misanthrop"
1142 2483 1198 2543 und
1230 2483 1471 2543 „Tartüffe"
1497 2481 1610 2541 brachte

1647 2513 1727 2573 dafür
1761 2513 1804 2573 die
1838 2516 2063 2576 Bekanntschaft
2097 2518 2149 2578 mit
2178 2522 2365 2582 Darstellern
2399 2522 2451 2582 von
2495 2525 2705 2585 künstlerischem
2753 2528 2829 2588 Ruf,
2858 2528 2901 2588 die

351 2522 415 2582 Vor
440 2522 513 2582 allem
554 2522 746 2582 interessierte
771 2522 830 2582 hier
860 2522 948 2582 Willi
969 2522 1166 2582 Kleinoschegg
1196 2525 1240 2585 als
1265 2523 1463 2583 „Tartüffe",
1483 2522 1532 2582 der
1557 2520 1615 2580 audh

355 2561 375 2621 in
413 2561 460 2621 der
492 2561 602 2621 Maske
630 2561 682 2621 vom
730 2561 972 2621 Herkömmlichen
1011 2563 1116 2623 abwich
1174 2564 1232 2624 und
1269 2563 1322 2623 das
1354 2563 1485 2623 Brutale
1518 2561 1607 2621 dieses
1640 2558 1697 2618 wie
1724 2555 1888 2615 „Solisten"
1920 2556 1972 2616 aus
2004 2558 2078 2618 einem
2121 2561 2199 2621 Chor
2226 2561 2268 2621 sich
2296 2562 2385 2622 feiern
2417 2564 2522 2624 lassen.
2533 2564 2543 2624 —
2581 2565 2638 2625 Der
2666 2568 2771 2628 übrige
2798 2566 2903 2626 Spiel¬

354 2601 584 2661 Menschenekels
614 2602 691 2662 durch
716 2602 779 2662 eine
805 2602 970 2662 meisterlich
995 2602 1147 2662 angelegte
1172 2602 1426 2662 Charakterstudie
1451 2601 1612 2661 zumindest
1637 2596 1705 2656 plan
1740 2596 1822 2656 läuft
1842 2596 1969 2656 ziemlich
1999 2599 2121 2659 planlos
2151 2600 2268 2660 weiter,
2293 2602 2400 2662 immer
2430 2602 2483 2662 auf
2508 2602 2557 2662 der
2587 2605 2679 2665 Suche
2709 2608 2772 2668 nach
2802 2609 2880 2669 einem

1646 2635 1828 2695 Kassenstück,
1851 2638 1954 2698 immer
1987 2639 2117 2699 zwischen
2150 2643 2369 2703 Rührseligkeit
2398 2642 2453 2702 und
2482 2644 2645 2704 Sensation
2678 2650 2906 2710 balancierend.

354 2643 555 2703 psychologisch
585 2641 776 2701 verständlich
811 2643 835 2703 zu
875 2644 982 2704 machen
1017 2644 1120 2704 suchte.
1165 2643 1238 2703 Eine
1268 2644 1341 2704 reise
1371 2642 1523 2702 „Elmire"
1558 2644 1606 2704 vol

357 2684 506 2744 fraulicher
532 2683 645 2743 Anmut
671 2683 733 2743 war
759 2683 867 2743 Grethe
893 2685 1058 2745 Volckmar.
1074 2682 1083 2742 —
1136 2680 1186 2740 Als
1214 2683 1533 2743 Weihnachtsmärchen
1564 2681 1610 2741 hat
1636 2679 1708 2739 Nür
1729 2677 1749 2737 so
1770 2677 1837 2737 läßt
1858 2677 1883 2737 es
1910 2677 1950 2737 sich
1972 2680 2126 2740 erklären,
2142 2680 2188 2740 daß
2215 2682 2276 2742 man
2302 2683 2451 2743 Hermann
2478 2684 2596 2744 Herschs
2622 2687 2694 2747 altes
2720 2689 2895 2749 historisches

1662 2716 1794 2776 ustespiel
1829 2718 1922 2778 „Die
1957 2720 2232 2780 Annaliese",
2257 2722 2385 2782 nämlich
2420 2722 2463 2782 die
2498 2725 2620 2785 dramat
2636 2725 2719 2785 sierte
2754 2728 2900 2788 Herzens¬

354 2722 422 2782 man
457 2722 510 2782 das
545 2725 766 2785 „Kinderstlck"
801 2723 854 2783 von
889 2725 967 2785 Carl
998 2725 1173 2785 Zuckmayer
1209 2724 1615 2784 „Kakadu-Kakada“

1653 2755 1781 2815 schichte
1812 2757 1864 2817 der
1895 2759 2178 2819 Apothekerstochter
2215 2761 2266 2821 von
2303 2764 2426 2824 Dessau,
2458 2764 2566 2824 wieder
2597 2770 2803 2830 ausgegraben
2840 2773 2901 2833 hat.

355 2764 500 2824 gewählt.
535 2764 580 2824 Es
606 2764 655 2824 snd
686 2764 711 2824 in
746 2764 881 2824 Dresden
912 2764 1088 2824 keineswogs
1124 2764 1168 2824 die
1194 2764 1354 2824 ungeteilte
1385 2762 1530 2822 Aufnhme
1561 2763 1615 2823 wie

1664 2799 1737 2859 mula
1762 2800 1940 2860 Paulsen
1972 2802 1995 2862 in
2027 2801 2069 2861 der
2094 2803 2254 2863 Titelrolle
2279 2806 2346 2866 fand
2371 2806 2543 2866 begeisterte
2562 2810 2789 2870 Zustimmung.

352 2806 381 2866 im
422 2806 512 2866 letzten
537 2806 638 2866 Jahre
659 2806 683 2866 in
714 2806 835 2866 Berlin.
870 2807 930 2867 Die
961 2806 1041 2866 „neue
1067 2805 1268 2865 Sachlichkeit"
1299 2806 1363 2866 will
1384 2804 1434 2864 zur
1460 2803 1615 2863 Romantil

352 2844 404 2904 des
431 2844 689 2904 Kinderherzens,
711 2845 778 2905 auch
805 2845 884 2905 wenn
916 2844 942 2904 es
969 2846 1016 2906 sich
1043 2844 1079 2904 um
1122 2844 1337 2904 Kinderherzen
1369 2843 1416 2903 des
1448 2843 1495 2903 20.
1517 2841 1616 2901 Jahr¬

355 2883 495 2943 hunderts
525 2885 660 2945 handelt,
676 2886 751 2946 nicht
771 2886 846 2946 recht
867 2886 977 2946 passen.
1013 2886 1234 2946 Revuearger
1259 2886 1404 2946 Klamauk
1430 2885 1525 2945 ersetzt
1551 2884 1610 2944 noch

352 2928 443 2988 lange
469 2927 541 2987 nicht
567 2928 603 2988 ein
634 2928 830 2988 gomütvolles
862 2928 1003 2988 deutsches
1028 2928 1365 2988 Weihnachtsmärchen.

422 2986 484 3046 Die
506 2991 706 3051 Komödie
728 2991 775 3051 hat
797 2991 844 3051 das
865 2991 1039 3051 Verdienst,
1056 2993 1124 3053 nach,
1140 2991 1187 3051 der
1209 2993 1356 3053 Leipziger
1378 2991 1610 3051 Uraufführung

353 3031 435 3091 Erich
463 3029 606 3089 Kästners
635 3031 755 3091 lgrische
784 3031 877 3091 Suite
905 3029 1048 3089 „Leben
1082 3032 1114 3092 in
1148 3030 1286 3090 dieser
1314 3032 1429 3092 Zeit"
1463 3032 1606 3092 erstmalig

344 3071 483 3131 gebracht
507 3071 530 3131 zu
563 3071 675 3131 haben.
713 3071 805 3131 Unter
834 3071 917 3131 Paul
945 3071 1038 3131 Arons
1067 3071 1248 3131 pflegsamer
1276 3071 1509 3131 Gesamtleitung
1542 3072 1606 3132 fand

345 3110 403 3170 das
438 3110 629 3170 interessante
659 3110 742 3170 Werk
781 3110 805 3170 in
845 3111 918 3171 Lore
948 3111 1109 3171 Schkubert,
1144 3113 1222 3173 Erich
1257 3112 1379 3172 Fiedler
1419 3113 1477 3173 und
1507 3113 1609 3173 Oskar

349 3148 479 3208 Storckel
509 3152 746 3212 ausgezeichnete
777 3152 832 3212 und
862 3152 1058 3212 hinreißende
1090 3152 1271 3212 Darsteller,
1297 3152 1336 3212 die
1367 3153 1412 3213 sich
1443 3152 1608 3212 zusammen

348 3193 406 3253 mit
427 3192 475 3252 dem
515 3194 607 3254 Autor
633 3194 750 3254 vielfach
775 3194 917 3254 bedanken
947 3194 1083 3254 konnten.
1099 3194 1108 3254 —
1153 3194 1261 3254 Kleine
1286 3194 1609 3254 Unterhaltungsstücke

349 3235 407 3295 wie
428 3233 459 3293 da
507 3233 729 3293 amerikanische
761 3236 877 3296 „Roxy"
909 3236 972 3296 oder
999 3236 1110 3296 August
1131 3236 1268 3296 Hinrichs
1295 3236 1448 3296 harmlose
1469 3236 1611 3296 omödle

343 3275 454 3335 „Freie
476 3274 560 3334 Bahn
587 3274 640 3334 dem
677 3274 852 3334 Tüchtigen“
884 3274 985 3334 (unter
1012 3276 1059 3336 der
1086 3277 1271 3337 beweglichen
1298 3279 1388 3339 Regie
1415 3277 1462 3337 von
1495 3277 1632 3337 Walterd
