3436 4256
262 249 397 309 12.

461 252 934 312 Schnitzler

1000 250 1038 310 s
1098 252 1335 312 Death

1073 1263 1323 1323 VER

605 1282 861 1342 OBS

704 1337 725 1397 l.
739 1335 858 1395 österr.
872 1331 1023 1391 behördl.
1033 1325 1334 1385 konzessioniertes

650 1377 882 1437 Unternehmen
919 1374 968 1434 für
996 1370 1146 1430 Zeitungs
1160 1364 1392 1424 -Ausschnitte

712 1438 871 1498 WIEN,
892 1437 931 1497 I.,
952 1431 1252 1491 WOLLZEILE
1294 1425 1333 1485 11

810 1487 1022 1547 TELEPHON
1060 1480 1234 1540 R-23-0-43

522 1593 653 1653 Extrait
681 1592 719 1652 du
752 1591 921 1651 Journal:

533 1694 671 1754 Abrese
700 1693 796 1753 PER
841 1666 1161 1726 ERETINICE,
1191 1630 1425 1690 WETAION

985 1780 1058 1840 22
1101 1766 1374 1826 00TOBRE
1408 1760 1507 1820 1981

528 1792 616 1852 Date
633 1790 643 1850 :

875 2028 1141 2088 Literatur

818 2094 946 2154 Arthur
969 2102 1135 2162 Schnitzler
1159 2102 1196 2162 f.

580 2141 670 2201 Wien
719 2147 767 2207 21.
796 2150 873 2210 Okt.
897 2154 964 2214 Der
998 2161 1233 2221 österreichische
1268 2172 1474 2232 Dramatiker

527 2186 596 2246 und

725 2193 774 2253 ler
804 2196 983 2256 Arthur
1013 2207 1256 2267 Schnitzler
1291 2211 1325 2271 ist
1355 2213 1385 2273 im
1430 2218 1478 2278 70.

524 2231 717 2291 Alterssuhr
745 2237 928 2297 gestorben.

574 2275 752 2335 Schnitzler
785 2281 869 2341 war,
893 2285 1023 2345 trotzdem
1076 2288 1108 2348 er
1142 2292 1188 2352 sich
1226 2296 1249 2356 in
1292 2301 1381 2361 Wien
1419 2305 1465 2365 als

520 2314 601 2374 Arzt
630 2320 783 2380 betätigte
813 2323 869 2383 und
904 2329 970 2389 eine
995 2332 1095 2392 große
1125 2338 1244 2398 Praxis
1273 2343 1398 2403 führte,
1422 2346 1464 2406 als

522 2359 742 2419 Schriftsteller
782 2368 911 2428 äußerst
945 2375 1133 2435 produktiv.
1167 2379 1214 2439 Er
1254 2386 1364 2446 schrieb
1408 2392 1465 2452 vor

518 2401 594 2461 allem
638 2407 886 2467 Bühnenstücke,
906 2416 996 2476 denen
1031 2421 1087 2481 zum
1131 2424 1202 2484 Teil
1222 2431 1375 2491 stärkerer
1399 2434 1466 2494 Er¬

514 2444 572 2504 folg
612 2449 780 2509 beschieden
816 2455 900 2515 war,
923 2460 980 2520 von
1021 2464 1113 2524 denen
1154 2467 1229 2527 aber
1260 2474 1380 2534 einige,
1407 2478 1469 2538 na¬

512 2488 656 2548 mentlich
691 2493 733 2553 die
763 2498 975 2558 Szenenserie
1005 2509 1164 2569 „Reigen“
1193 2514 1289 2574 heftig
1319 2520 1468 2580 umstrit¬

511 2532 557 2592 ten
591 2535 669 2595 sind.
688 2538 767 2598 Auch
796 2544 851 2604 mit
870 2549 1019 2609 Novellen
1052 2554 1113 2614 und
1141 2561 1304 2621 Romanen
1337 2569 1457 2629 erzielte

509 2571 541 2631 er
565 2574 671 2634 schöne
695 2581 843 2641 Erfolge.
863 2588 927 2648 Auf
951 2592 1006 2652 alle
1030 2594 1118 2654 Fälle
1147 2600 1211 2660 war
1235 2602 1267 2662 er
1291 2604 1379 2664 einer
1403 2610 1453 2670 der

506 2620 814 2680 hervorragendsten
866 2634 1122 2694 österreichischen
1179 2646 1351 2706 Vertreter
1403 2652 1453 2712 der

502 2657 595 2717 neuen
635 2666 812 2726 Dichtung.
832 2672 935 2732 Seine
960 2679 1093 2739 jüdische
1118 2687 1349 2747 Abstammung
1384 2693 1452 2753 war

502 2699 552 2759 ihm
595 2705 683 2765 zwar
711 2710 758 2770 oft
782 2712 823 2772 ein
861 2718 1037 2778 Hindernis
1071 2726 1126 2786 zur
1154 2730 1252 2790 vollen
1285 2738 1452 2798 Anerken¬

501 2743 609 2803 nung.
628 2750 700 2810 Mit
718 2753 817 2813 seinem
854 2759 885 2819 an
918 2764 1044 2824 Dumas
1072 2774 1366 2834 „Kameliendame"
1394 2783 1452 2843 an¬

499 2788 695 2848 knüpfenden
730 2801 954 2861 Bühnenstück
984 2811 1150 2871 „Liebelei“
1180 2819 1297 2879 errang
1332 2824 1361 2884 er
1396 2826 1439 2886 sich

495 2834 715 2894 europäischen
750 2844 838 2904 Ruf;
863 2849 1004 2909 einzelne
1034 2855 1137 2915 seiner
1167 2863 1274 2923 Werke
1304 2869 1436 2929 gehören

491 2875 545 2935 zum
595 2881 692 2941 guten
727 2886 904 2946 Repertoir
939 2894 988 2954 der
1023 2901 1195 2961 führenden
1239 2913 1445 2973 Schauspiel¬

497 2917 599 2977 bühne
631 2924 693 2984 und
718 2929 780 2989 sind
813 2934 884 2994 auch
916 2940 1057 3000 verfilmt
1082 2947 1223 3007 worden.

1561 255 1686 315 box
1766 258 1947 318 42/8

1913 1321 2623 1381 OBSERVER

1997 1380 2020 1440 I.
2034 1380 2159 1440 österr.
2168 1386 2316 1446 behördl.
2331 1392 2635 1452 konzessioniertes

1954 1422 2190 1482 Unternehmen
2218 1425 2268 1485 für
2291 1434 2678 1494 Zeitungs-Ausschnitte

2011 1479 2155 1539 WIEN,
2183 1488 2230 1548 I.,
2258 1494 2547 1554 WOLLZEILE
2595 1500 2635 1560 11

2096 1537 2311 1597 TELEPHON
2349 1544 2527 1604 R-23-0-43

1825 1657 1982 1717 Extrait
2011 1663 2051 1723 du
2079 1672 2265 1732 Journal:
2300 1695 2486 1755 Thurgauer
2507 1702 2637 1762 Zeitung

1810 1754 2021 1814 Adresse:

2507 1761 2698 1821 Frauenfeld

2250 1828 2315 1888 22
2359 1835 2633 1895 00TOBRE
2667 1849 2766 1909 1931

1815 1846 1922 1906 Bute

1892 2074 2088 2134 /Artur
2121 2085 2359 2145 Schnitzler
2391 2096 2660 2156 gestorben.

2358 2155 2502 2215 Pien,
2519 2165 2574 2225 21.
2591 2167 2743 2227 Oktober.

1875 2184 1939 2244 Der
1967 2195 2193 2255 österreichische
2232 2209 2496 2269 Dramakiker
2535 2216 2594 2276 und
2627 2222 2777 2282 Erzähler

1804 2231 1937 2291 Artur
1972 2239 2192 2299 Schnitzler
2234 2247 2274 2307 ist
2309 2249 2337 2309 im
2385 2258 2558 2318 siebzigsten
2599 2267 2778 2327 Altersjahr

1804 2275 1985 2335 gestorben.

2247 2318 2275 2378 *

1856 2365 1957 2425 Artur
1986 2371 2144 2431 Schnitzler
2168 2377 2201 2437 ist
2230 2378 2257 2438 am
2297 2383 2348 2443 15.
2360 2387 2433 2447 Mai
2456 2389 2523 2449 1862
2553 2394 2580 2454 in
2609 2398 2693 2458 Wien
2722 2401 2767 2461 ge¬

1794 2404 1906 2464 boren.
1920 2407 1962 2467 Er
1982 2413 2102 2473 stammt
2122 2419 2177 2479 aus
2201 2421 2280 2481 einer
2299 2431 2500 2491 Arztfamilie
2524 2437 2575 2497 und
2604 2442 2664 2502 war
2688 2443 2766 2503 selbst

1799 2447 1884 2507 Arzt.
1909 2452 1966 2512 Ein
2005 2456 2066 2516 Zug
2100 2464 2315 2524 medizinischer
2344 2474 2520 2534 Menschen=
2549 2481 2606 2541 und
2640 2487 2769 2547 Seelen¬

1797 2490 1883 2550 kunde
1917 2496 1984 2556 geht
2013 2500 2094 2560 durch
2124 2504 2180 2564 sein
2214 2510 2320 2570 ganzes
2349 2515 2439 2575 Werk
2469 2521 2526 2581 und
2560 2526 2593 2586 ist
2618 2528 2684 2588 auch
2714 2530 2766 2590 der

1788 2534 1969 2594 besonderen
2014 2543 2122 2603 Erotik
2157 2549 2250 2609 seiner
2289 2556 2387 2616 Kunst
2427 2562 2505 2622 nicht
2540 2572 2765 2632 abzusprechen.

1790 2575 1932 2635 Stofflich
1967 2583 2025 2643 hat
2055 2585 2103 2645 der
2139 2594 2276 2654 ärztliche
2311 2599 2413 2659 Beruf
2443 2610 2624 2670 Schnitzlers
2659 2617 2752 2677 seinen

1793 2619 1999 2679 Niederschlag
2034 2628 2057 2688 in
2092 2631 2141 2691 der
2176 2637 2322 2697 Komödie
2357 2647 2529 2707 „Professor
2559 2657 2754 2717 Bernhardi'

1786 2665 1953 2725 gefunden.
1973 2669 2049 2729 Viel
2069 2673 2179 2733 stärker
2208 2680 2251 2740 als
2280 2682 2328 2742 der
2357 2689 2457 2749 Beruf
2482 2693 2539 2753 hat
2564 2697 2606 2757 sich
2636 2700 2659 2760 in
2693 2703 2741 2763 dem

1782 2704 1887 2764 reichen
1928 2710 2014 2770 Werk
2047 2717 2224 2777 Schnitzlers
2261 2720 2274 2780 —
2325 2727 2357 2787 er
2394 2732 2457 2792 war
2490 2739 2749 2799 außerordentlich

1782 2748 1936 2808 produktiv
1973 2750 1981 2810 —
2036 2755 2081 2815 die
2114 2764 2300 2824 wienerische
2332 2774 2513 2834 Wesensart
2545 2786 2754 2846 ausgeprägt:

1781 2789 1881 2849 leicht,
1900 2795 2039 2855 elegant,
2064 2801 2155 2861 etwas
2189 2813 2476 2873 Lebensmüdigkeit
2506 2823 2563 2883 und
2592 2831 2755 2891 Pessimis¬

1777 2833 1860 2893 mus.
1880 2840 2076 2900 Wienerische
2106 2850 2258 2910 Eigenart
2283 2859 2406 2919 spiegelt
2431 2863 2509 2923 seine
2539 2867 2602 2927 viel
2622 2874 2749 2934 gespiel¬

1772 2875 1821 2935 ten
1851 2881 2081 2941 „dramatischen
2116 2892 2248 2952 Szenen"
2278 2902 2455 2962 „Anatol",
2475 2908 2528 2968 sein
2563 2911 2646 2971 erstes
2676 2917 2745 2977 dra¬

1774 2920 1926 2980 matisches
1956 2926 2059 2986 Werk.
2079 2932 2167 2992 Nicht
2192 2939 2310 2999 minder
2341 2947 2468 3007 bekannt
2498 2951 2532 3011 ist
2562 2957 2729 3017 „Liebelei"

1770 2960 1826 3020 und
1865 2965 1932 3025 eine
1966 2969 2018 3029 der
2052 2979 2372 3039 Theatersensationen
2411 2990 2463 3050 der
2498 2999 2741 3059 Nachkriegszeit

1765 3002 1835 3062 war
1868 3010 1951 3070 „Der
1985 3017 2143 3077 Reigen",
2171 3023 2217 3083 der
2255 3030 2437 3090 namentlich
2474 3036 2497 3096 in
2539 3044 2735 3104 Deutschland

1772 3049 1906 3109 Proteste
1935 3055 1986 3115 und
2014 3062 2275 3122 Theaterprozesse
2299 3076 2573 3136 heraufbeschwor.
2592 3084 2652 3144 Von
2686 3090 2732 3150 den

1766 3095 1962 3155 erzählenden
1990 3100 2112 3160 Werken
2146 3110 2319 3170 Schnitzlers
2348 3117 2403 3177 soll
2427 3121 2492 3181 hier
2521 3126 2577 3186 nur
2606 3130 2666 3190 noch
2695 3132 2736 3192 die

1766 3135 1889 3195 Novelle
1919 3143 2081 3203 „Fräulein
2110 3148 2191 3208 Else"
2221 3157 2354 3217 genannt
2379 3165 2512 3225 werden,
2532 3171 2574 3231 die
2599 3174 2656 3234 aus
2680 3177 2727 3237 den

1763 3179 1862 3239 letzten
1891 3186 2009 3246 Jahren
2038 3190 2176 3250 stammt.
