3344 4352
122 299 236 359 12.

1414 291 1539 351 box
1611 291 1799 351 44/1

308 300 731 360 Schnitzle

863 307 890 367 s
949 297 1182 357 Death

2009 518 2152 578 tera
2238 530 2415 590 Dudapost

2099 619 2147 679 5.
2170 617 2301 677 DEZ.
2323 614 2433 674 1931

1451 688 1534 748 Eine
1562 685 2002 745 Schullzler-Gedenkfeler
2031 691 2058 751 in
2115 691 2303 751 Budapest.
2349 691 2504 751 Morgen,

1368 732 1532 792 Samstag.
1547 733 1584 793 5.
1598 732 1649 792 d.,
1664 730 1890 790 nachmittags
1914 731 1923 791 5
1951 732 2040 792 Uhr,
2055 733 2167 793 findet
2187 733 2210 793 in
2243 733 2299 793 der
2323 733 2506 793 Akademie

1366 771 1424 831 der
1449 773 1736 833 Wissenschaften
1786 771 1857 831 eine
1886 771 1944 831 vou
1978 774 2031 834 der
2082 774 2306 834 Ungarischen
2365 774 2506 834 Cocthe-

1371 815 1593 875 Gesellschaft
1628 814 1847 874 veranstalete
1886 815 2310 875 Schnitzler-tiedenkfeier
2345 817 2408 877 mit
2443 816 2507 876 fol-

912 824 956 884 R

229 821 771 881 OBSERV

1367 858 1482 918 gendem
1527 861 1708 921 Progranm
1753 860 1850 920 statt:
1872 858 1903 918 1.
1930 861 2213 921 Erôtfnungsrede
2240 861 2297 921 des
2324 861 2505 921 Präsiden-

320 891 344 951 I.
359 888 480 948 österr.
495 888 646 948 behördl.
656 882 958 942 konzessioniertes

1367 900 1415 960 ten
1464 902 1570 962 Georg
1601 900 1636 960 v.
1659 900 1804 960 Lukdcs.
1844 901 1879 961 2.
1919 900 2082 960 Deutsche
2113 903 2395 963 Cedächtnisrede
2422 903 2505 963 über

277 933 512 993 Unternehmen
541 929 588 989 für
613 924 1001 984 Zeitungs-Ausschnitte

1363 945 1566 1005 Schnitzler,
1593 942 1651 1002 vor
1691 944 1806 1004 ragen
1846 945 1908 1005 von
1944 946 2001 1006 der
2037 945 2365 1005 Bühnenkünstlerin
2405 948 2498 1008 Klara

326 990 478 1050 WIEN,
507 990 554 1050 I.,
584 987 868 1047 WOLLZEILE
917 984 958 1044 11

1372 989 1516 1049 Lakuer.
1535 988 1572 1048 3.
1586 986 1651 1046 Dr.
1712 988 1800 1048 hann
1833 986 1977 1046 Klenka:
2000 986 2191 1046 „Oserreich
2224 992 2246 1052 im
2289 993 2423 1053 Spiegel
2442 989 2498 1049 det

1357 1028 1525 1088 Dichtung
1561 1031 1653 1091 Sein.
1680 1030 1782 1090 Lers“
1817 1029 2007 1089 (deutscher
2039 1030 2215 1090 Vortrag).
2242 1034 2273 1094 4.
2300 1034 2503 1094 Schnitzler:

432 1040 649 1100 TELEPHON
682 1035 856 1095 R-23-0-43

2542 1044 2716 1104 VER

1368 1074 1444 1134 „Die
1472 1073 1554 1133 Frau
1586 1073 1649 1133 mit
1668 1073 1726 1133 dem
1768 1073 1917 1133 Dolch",
1937 1073 1986 1133 ins
2014 1073 2218 1133 l'ngarische
2246 1076 2414 1136 ubersetzt
2441 1076 2495 1136 von

2530 1103 2725 1163 ssioniertes

1358 1114 1475 1174 Esther
1504 1115 1640 1175 Urban,
1664 1116 1875 1176 vorgetragen
1909 1115 1970 1175 von
2003 1115 2125 1175 Margit
2173 1121 2361 1181 Simonffy.
2404 1121 2502 1181 Gäste

2519 1145 2770 1205 B-Ausschnitte

1369 1159 1440 1219 sind
1468 1159 1712 1219 willkommen.

2093 1198 2251 1258 WIEN.
2274 1201 2327 1261 I,
2350 1204 2637 1264 WOELZEILE
2683 1207 2720 1267 11

206 1210 304 1270 Lap:

566 1246 658 1306 193I
678 1246 780 1306 TOV.
800 1247 818 1307 2
847 1237 893 1297 5.

2194 1252 2416 1312 TELEPHON
2453 1255 2626 1315 R-23-0-43

210 1315 1091 1375 gelendegV

2056 1389 2220 1449 sschnitt
2238 1392 2332 1452 aus:
2377 1402 2497 1462 Pester
2516 1407 2636 1467 Lloyd,
2654 1408 2827 1468 Budapest

1072 1404 1290 1464 érintkezett
1312 1404 1584 1464 Schnitzlerrel.

1108 1452 1129 1512 A
1166 1442 1473 1502 másodiestén:
1495 1443 1643 1503 kedden,
1665 1443 1845 1503 december

643 1451 977 1511 Schnitzler¬

1072 1488 1140 1548 1en
1173 1485 1373 1545 Schönn
1412 1480 1496 1540 »Der
1528 1482 1623 1542 Ranb
1656 1482 1719 1542 der
1746 1482 1851 1542 Sabi¬

1071 1524 1263 1584 perinnen«
1292 1524 1386 1584 onuû
1424 1524 1517 1584 bires
1551 1524 1743 1584 bohézatát
1772 1524 1851 1584 fog¬

663 1549 817 1609 Unnep
855 1549 909 1609 és
956 1547 973 1607 a

1072 1565 1128 1625 ják
1160 1565 1303 1625 elbadul
1330 1565 1339 1625 a
1376 1563 1659 1623 Vigszinhúzbau
1696 1562 1706 1622 a
1737 1564 1850 1624 burg-

1067 1606 1302 1666 szinházlak.

2028 1616 2103 1676 bm:

2251 1637 2308 1697 6.
2332 1634 2459 1694 DEZ.
2484 1642 2586 1702 1931

1198 1644 1483 1704 Vigszinházban
1553 1641 1843 1701 vondégszereplö

633 1646 1000 1706 Burgszinház

1078 1684 1331 1744 burgszinházi
1375 1683 1542 1743 egyůttes
1571 1680 1685 1740 vezetó
1719 1683 1853 1743 tagjut:

1079 1724 1178 1784 Alma
1214 1724 1370 1784 Seidler,
1415 1721 1525 1781 Marla
1586 1721 1732 1781 Mayen.
1777 1721 1852 1781 Lili

1953 1738 2377 1798 Schnitzier-Gedenkfeler
2427 1733 2482 1793 der
2520 1730 2741 1790 Ungarischen
2785 1724 2987 1784 Goethe-Ge¬

643 1741 926 1801 egyuttese
957 1744 985 1804 a

1077 1765 1267 1825 Marberg,
1283 1762 1393 1822 Gerda
1423 1762 1574 1822 Dreger,
1594 1762 1670 1822 Elza
1700 1759 1830 1819 Grodek

1078 1803 1260 1863 Reimers,
1282 1801 1566 1861 Heussermann,
1609 1800 1835 1860 Mayerhofer
1873 1788 2066 1848 sellschaft.
2093 1786 2152 1846 Die
2185 1779 2389 1839 Ungarische
2416 1773 2781 1833 Gosthe-Gesellschaft
2808 1768 2990 1828 veranstal¬

1069 1843 1225 1903 Eidlitz,
1247 1842 1381 1902 Arndl,
1409 1841 1591 1901 Pranger,
1613 1841 1742 1901 Zeska,
1765 1837 1936 1897 Sey-iete
1985 1829 2082 1889 heute
2131 1825 2157 1885 in
2212 1822 2270 1882 der
2298 1820 2475 1880 Akademte
2508 1818 2562 1878 der
2589 1813 2863 1873 Wissenschaften
2918 1809 2987 1869 eine

620 1840 1030 1900 Vigszinházban

1876 1875 2016 1935 überaus
2044 1869 2175 1929 lebhaft
2199 1866 2357 1926 besuchte
2385 1861 2609 1921 Festsitzung,
2633 1858 2684 1918 die
2713 1855 2768 1915 dem
2816 1852 2988 1912 Andenken

1071 1885 1239 1945 delmann
1277 1882 1309 1942 és
1337 1879 1566 1939 Strebinger.

1883 1922 1977 1982 Artur
2008 1915 2210 1975 Schnitziers
2251 1909 2432 1969 gewidmet
2472 1906 2558 1966 war.
2609 1900 2785 1960 Präsident
2825 1897 2996 1957 Geheimer

643 1936 713 1996 Dr.
728 1935 862 1995 Ruttkay
899 1936 1019 1996 György

293 1941 437 2001 Rattkoy
463 1941 582 2001 György

714 1984 943 2044 konferänsza

1891 2011 1953 2071 Rat
1971 2013 2034 2073 Dr.
2052 2010 2144 2070 Georg
2173 2011 2207 2071 v.
2225 2010 2357 2070 Lukdes
2375 2007 2531 2067 begrüßte
2560 2002 2634 2062 nach
2670 2001 2756 2061 einer
2779 1997 2986 2057 gehaltvollen

1887 2055 2274 2115 Eröffnungsansprache
2313 2052 2360 2112 die
2399 2049 2618 2109 Ehrengäste:
2667 2043 2719 2103 die
2758 2039 2996 2099 Legationsräte

364 2054 514 2114 A.
543 2055 598 2115 Est
627 2054 852 2114 tudosttojatôt
871 2049 889 2109 —

1886 2098 1979 2158 Kunz
2012 2097 2072 2157 und
2105 2097 2309 2157 Schlimpert
2356 2094 2411 2154 von
2472 2090 2527 2150 der
2574 2085 2890 2145 österreichischen,
2918 2079 3001 2139 bzw.

321 2118 472 2178 Erdeben
498 2119 556 2179 két
583 2118 666 2178 estje
692 2115 767 2175 lesz
794 2115 801 2175 a
828 2112 911 2172 jóvó
937 2110 1029 2170 héten

1882 2138 2049 2198 deutschen
2087 2136 2359 2196 Gesundtschaft.
2378 2133 2467 2193 Dann
2501 2130 2744 2190 interpretierte
2773 2125 2819 2185 die
2847 2122 3001 2182 Bühnen-

335 2156 642 2216 Vigszinháznak:
673 2153 682 2213 a
729 2150 824 2210 bécsi
855 2150 1051 2210 Buraszín-

1889 2180 2065 2240 künstlerin
2095 2180 2179 2240 Frau
2209 2177 2306 2237 Klara
2336 2177 2483 2237 Lakner,
2503 2172 2552 2232 die
2582 2173 2606 2233 im
2650 2169 2793 2229 hiesigen
2823 2166 3008 2226 Lustspiel¬

271 2199 336 2259 ház
372 2195 626 2255 egyůttenének
662 2192 887 2252 legkiválóbb
923 2189 1046 2249 tagial

1888 2225 2009 2285 theater
2037 2222 2097 2282 und
2126 2221 2163 2281 an
2191 2219 2246 2279 den
2284 2216 2409 2276 Wiener
2438 2216 2671 2276 Jarnobühnen
2704 2212 2890 2272 erfolgreich
2923 2207 2997 2267 tätig

265 2240 399 2300 fognak
438 2233 785 2293 vendégszerepelni
833 2232 1049 2292 szinpadán,

1889 2267 1976 2327 war,
1999 2267 2054 2327 mit
2082 2263 2281 2323 suggestiver
2315 2259 2603 2319 Ausdrugkskraft
2625 2255 2714 2315 einen
2753 2252 2919 2312 Nachruf:
2947 2249 3002 2309 „In

275 2281 311 2341 ax
343 2280 410 2340 elsö
448 2280 540 2340 estén
578 2273 912 2333 Schnitzler-ünnep
951 2268 1049 2328 kerc¬

1882 2311 2063 2371 memoriam
2112 2309 2207 2369 Artur
2236 2305 2451 2365 Schnitzler.“
2504 2301 2532 2361 In
2567 2300 2623 2360 der
2653 2294 2863 2354 Gedenkrede
2897 2292 3001 2352 wurde

268 2320 404 2380 tében.

1891 2350 1947 2410 vor
1975 2351 2054 2411 allem
2096 2350 2152 2410 der
2180 2347 2278 2407 tiefen
2311 2344 2436 2404 Trauer
2465 2343 2627 2403 Ausdruck
2665 2338 2846 2398 verlichen,
2866 2336 2916 2396 die
2945 2333 3005 2393 alle

310 2358 331 2418 A
376 2353 475 2413 bécsi
503 2353 817 2413 Burgszinházban
857 2347 944 2407 most

1887 2395 2039 2455 Freunde
2068 2392 2125 2452 der
2154 2389 2320 2449 Literatur
2350 2388 2425 2448 über
2460 2386 2517 2446 das
2546 2383 2760 2443 Hinscheiden
2799 2380 2851 2440 des
2880 2380 2999 2440 großen

274 2397 455 2457 roxatosan
490 2395 637 2455 folynak
695 2392 802 2452 Hugo
837 2389 899 2449 von
957 2386 1052 2446 Hof-

1882 2439 2039 2499 Dichters
2068 2434 2273 2494 empfinden.
2321 2431 2349 2491 In
2388 2429 2608 2489 eingehender
2637 2423 2742 2483 Weise
2776 2422 2880 2482 wurde
2914 2419 3014 2479 dabei

1892 2483 1950 2543 auf
1980 2479 2044 2539 das
2079 2479 2171 2539 Werk
2211 2475 2269 2535 des
2304 2473 2540 2533 Verblichenen
2579 2467 2795 2527 hingewiesen
2834 2465 2898 2525 und
2938 2460 3010 2520 dar¬

1893 2523 2032 2583 gestellt,
2054 2520 2113 2580 daß
2144 2518 2330 2578 Schnitzler
2356 2515 2451 2575 nicht
2477 2517 2557 2577 nur,
2578 2514 2632 2574 wie
2663 2512 2733 2572 dies
2759 2509 2809 2569 oft
2834 2506 3015 2566 geschieht,

1889 2565 1943 2625 ols
1968 2562 2262 2622 österreichischer
2292 2558 2429 2618 Dichter
2459 2557 2493 2617 zu
2533 2556 2645 2616 werten
2685 2553 2744 2613 ist,
2769 2550 2906 2610 sondern
2945 2547 3004 2607 daß

1887 2609 1923 2669 ler
1971 2606 2031 2666 der
2064 2603 2302 2663 Weltliteratur
2349 2598 2530 2658 angehört.
2578 2597 2605 2657 Im
2662 2595 2829 2655 einzelnen
2877 2589 3007 2649 wurden

1889 2651 2027 2711 manche
2057 2648 2220 2708 Gestalten
2249 2646 2310 2706 aus
2335 2645 2392 2705 den
2426 2641 2666 2701 dramntischen
2700 2637 2762 2697 und
2791 2633 3006 2693 erzählenden

1894 2694 2027 2754 Werken
2066 2691 2267 2751 Schnitzlers
2296 2688 2386 2748 ciner
2420 2684 2678 2744 Charakteristik
2712 2679 2908 2739 unferzogen
2951 2674 3008 2734 und

1894 2735 2124 2795 inabesondere
2154 2732 2276 2792 Anntol
2296 2730 2360 2790 und
2390 2729 2448 2789 das
2474 2727 2552 2787 süße
2577 2725 2689 2785 Mädel
2709 2723 2802 2783 nicht
2827 2721 2870 2781 als
2895 2718 3003 2778 Typen

1896 2782 1950 2842 der
1980 2777 2297 2837 österreichischen,
2322 2772 2410 2832 bzw.
2440 2771 2494 2831 der
2529 2768 2660 2828 Wiener
2690 2762 2910 2822 Gesellschaft
2940 2759 3018 2819 hin¬

1895 2823 2035 2883 gegllt,
2055 2819 2196 2879 sondern
2236 2817 2281 2877 als
2312 2815 2497 2875 Gesialten,
2523 2811 2578 2871 wie
2609 2810 2653 2870 sie
2684 2807 2859 2867 seinerzeit
2885 2801 3020 2861 überall

1895 2869 1929 2929 zu
1960 2866 2050 2926 schen
2081 2861 2211 2921 waren,
2227 2858 2408 2918 allerdings
2429 2857 2488 2917 nur
2514 2855 2574 2915 mit
2595 2852 2649 2912 dem
2695 2849 2781 2909 Blick
2806 2846 2897 2906 eines
2922 2844 3022 2904 Dich¬

1894 2910 1974 2970 ters,
2013 2907 2070 2967 wie
2099 2903 2132 2963 es
2166 2903 2352 2963 Schnitzler
2391 2896 2557 2956 gewesen.
2606 2894 2663 2954 Die
2697 2890 2921 2950 Bezichungen
2959 2886 3016 2946 des

1894 2949 2046 3009 Dichters
2081 2947 2115 3007 zu
2155 2944 2307 3004 Ungarn,
2337 2943 2386 3003 die
2421 2937 2656 2997 Sympathien,
2681 2934 2731 2994 die
2765 2932 2799 2992 er
2829 2929 2888 2989 für
2923 2929 3016 2989 unser

1895 2994 1982 3054 Lund
2018 2989 2131 3049 hegte,
2168 2989 2229 3049 und
2276 2986 2327 3046 die
2359 2980 2610 3040 Begeisterung,
2647 2977 2693 3037 die
2724 2974 2760 3034 er
2802 2971 3012 3031 hierzulande

1895 3037 1992 3097 fund,
2018 3031 2152 3091 wurden
2189 3028 2354 3088 ebenfalls
2390 3025 2654 3085 bervorgehoben
2701 3017 2757 3077 und
2798 3016 2855 3076 der
2887 3013 3020 3073 Meister

1897 3078 1989 3138 nicht
2014 3074 2077 3134 nur
2102 3073 2151 3133 als
2181 3073 2332 3133 Dichter,
2352 3069 2493 3129 sondern
2528 3064 2606 3124 auch
2640 3062 2689 3122 als
2714 3059 2845 3119 Denker
2870 3057 3021 3117 gefeiert.

1899 3121 1960 3181 Mit
1985 3118 2037 3178 den
2075 3118 2228 3178 Worten,
2271 3115 2333 3175 mit
2381 3110 2481 3170 denen
2539 3109 2586 3169 die
2620 3103 2830 3163 Gedenkrede
2878 3100 3026 3160 begann,

1901 3160 2009 3220 wurde
2044 3159 2087 3219 sie
2122 3159 2200 3219 auch
2240 3153 2471 3213 geschlossen:
2501 3149 2608 3209 „Ehre
2648 3147 2706 3207 und
2746 3144 2839 3204 Ruhm
2889 3141 3001 3201 deinem

1896 3204 2092 3264 Andenken,
2111 3201 2190 3261 doch
2223 3198 2420 3258 zuvörderst
2444 3194 2453 3254 —
2509 3190 2635 3250 Liehe!"
2668 3189 2724 3249 Die
2753 3187 2907 3247 ausgeze.

823 3210 873 3270 ron

460 3216 631 3276 SCHNITZ

1895 3248 2147 3308 Interpretation
2188 3242 2263 3302 übte
2299 3240 2395 3300 tiefen
2431 3237 2617 3297 Eindruck.
2643 3231 2825 3291 Präsident
2851 3226 3022 3286 Gcheimer

1903 3291 1961 3351 Rat
1989 3291 2052 3351 Dr.
2075 3288 2111 3348 v.
2135 3287 2265 3347 Lukdes
2294 3283 2379 3343 teille
2412 3278 2547 3338 hierauf
2575 3275 2670 3335 unter
2698 3274 2752 3334 dem
2802 3270 3020 3330 stürmischen

279 3285 500 3345 mannsthal
546 3282 641 3342 »Das
676 3279 892 3339 Szburger
947 3276 1027 3336 gros

299 3325 665 3385 Welttheaters-jének
707 3318 892 3378 elöndásai
918 3317 954 3377 és
985 3313 1000 3373 e

1899 3332 2023 3392 Beifall
2066 3329 2124 3389 des
2158 3326 2387 3386 Auditoriums
2422 3322 2589 3382 rolgendes
2647 3318 2723 3378 mit:
2771 3315 2939 3375 „Obwohl
2968 3311 3025 3371 der

285 3366 398 3426 ciklus
430 3362 590 3422 lehetöyé
627 3361 731 3421 teszi,
768 3359 860 3419 hogy
898 3356 913 3416 a
965 3350 1068 3410 béesi

1899 3375 2001 3435 Autor
2030 3371 2160 3431 anonym
2207 3368 2332 3428 bleiben
2366 3365 2491 3425 wollte,
2515 3362 2631 3422 glaube
2664 3359 2706 3419 ich
2744 3359 2846 3419 doch,
2870 3355 2930 3415 deß
2963 3352 3023 3412 das

280 3407 406 3467 állami
435 3404 584 3464 vzinhaz
613 3401 820 3461 legjobbjai
844 3394 1033 3454 cguůtlesc

1900 3418 2063 3478 Publikum
2103 3416 2146 3476 ein
2178 3412 2323 3472 Anrecht
2346 3410 2465 3470 darauf
2487 3409 2562 3469 hat,
2576 3406 2611 3466 zu
2638 3402 2810 3462 erfabren,
2828 3398 2890 3458 wer
2917 3398 3017 3458 diesen

816 3434 1047 3494 Vigszinház

293 3443 701 3503 vendégszerepeljenek

1903 3459 2085 3519 wertvollen
2118 3455 2272 3515 Nachruf
2291 3454 2458 3514 verfaßte.
2496 3449 2542 3509 Es
2567 3449 2603 3509 ist
2627 3446 2753 3506 Hofrat
2772 3443 2879 3503 Julian
2912 3440 3033 3500 Weiax,

296 3487 350 3547 bau
381 3487 392 3547 a
429 3482 679 3542 Burgezínház
710 3478 771 3538 két
796 3476 1045 3536 reprezentati

1898 3505 1952 3565 der
1975 3500 2139 3560 bekannte
2167 3500 2226 3560 und
2254 3496 2440 3556 geschâtzte
2468 3490 2654 3550 Redakteur
2677 3487 2732 3547 des
2755 3485 2863 3545 Pester
2887 3482 3009 3542 Lloyd.

291 3523 656 3583 mýsordarabjával.

1903 3544 2026 3604 Sodann
2062 3543 2163 3603 folgle
2195 3538 2265 3598 cine
2297 3538 2407 3598 Studie
2438 3536 2500 3596 Dr.
2522 3532 2650 3592 Johann
2686 3529 2832 3589 Klenkas
2859 3526 2938 3586 ûber
2970 3522 3027 3582 das

328 3567 415 3627 Ezek
452 3565 580 3625 egyike
606 3559 807 3619 Schnitzler
834 3555 947 3615 Artür
978 3552 1034 3612 »Li

1908 3589 2023 3649 Thema
2061 3585 2261 3645 „Osterreich
2290 3583 2317 3643 in
2364 3580 2499 3640 Spiegel
2518 3576 2573 3636 der
2602 3574 2765 3634 Dichtung
2798 3568 3011 3628 Schnitzters“

291 3605 388 3665 belej
426 3604 477 3664 cim
548 3600 753 3660 szinmve,
772 3595 884 3655 amely
917 3595 954 3655 az
997 3595 1047 3655 ele

1905 3634 1931 3694 In
1967 3630 2020 3690 der
2051 3625 2241 3685 Nußschale
2273 3622 2449 3682 schilderte
2481 3621 2538 3681 der
2569 3616 2795 3676 Vortragende
2822 3613 2879 3673 den
2919 3608 3029 3668 Inhalt

295 3645 413 3705 estén:
436 3643 582 3703 hétfön,
600 3637 791 3697 november
819 3631 909 3691 30-dn
965 3632 978 3692 a
1015 3631 1064 3691 mi

1903 3673 1960 3733 der
1987 3670 2229 3730 nambaftesten
2261 3664 2477 3724 erzâhlenden
2513 3659 2623 3719 Werke
2654 3658 2706 3718 des
2733 3655 2901 3715 Dichters,
2924 3652 3034 3712 wobei

294 3686 358 3746 nap
389 3683 540 3743 elhúnyt
561 3682 651 3742 nagy
683 3676 818 3736 osztrák
844 3674 894 3734 író
920 3673 1050 3733 emléké

1900 3717 1936 3777 er
1959 3715 2036 3775 auch
2072 3713 2122 3773 die
2150 3711 2312 3771 Symbolik
2349 3708 2403 3768 der
2431 3704 2607 3764 Handlung
2635 3701 2661 3761 in
2694 3697 2888 3757 plastischer
2921 3691 3020 3751 Weise

295 3723 354 3783 nex
391 3721 705 3781 megunneplesére
743 3715 847 3775 kerul
870 3712 989 3772 ezinre
1039 3709 1052 3769 é

1905 3759 1960 3819 zum
2003 3756 2174 3816 Ausdruck
2205 3751 2358 3811 brachte.
2402 3747 2444 3807 Er
2471 3747 2581 3807 schloß
2612 3744 2675 3804 mit
2697 3741 2783 3801 ciner
2813 3737 3031 3797 tiefempfun-

297 3765 451 3825 elöndäsa
493 3762 586 3822 elött
602 3759 658 3819 dr.
669 3756 824 3816 Ruttkay
866 3752 1036 3812 György.
1047 3750 1056 3810 a

1899 3802 1998 3862 denen
2035 3798 2130 3858 Stelle
2157 3795 2216 3855 aus
2244 3792 2398 3852 Heinrich
2430 3789 2552 3849 Manns
2575 3785 2738 3845 Nekrolog
2771 3781 2847 3841 üiber
2875 3777 3029 3837 Schnitz-

296 3803 504 3863 ismertnevü
525 3798 693 3858 szinpadi
704 3796 778 3856 śró,
803 3795 852 3855 z
883 3790 1061 3850 Est-lapol

1906 3843 1964 3903 ler.
2001 3844 2055 3904 Als
2087 3840 2251 3900 Abschluß
2284 3834 2338 3894 der
2366 3832 2584 3892 Ciedenkfeier
2612 3827 2680 3887 trug
2707 3825 2757 3885 die
2807 3821 3030 3881 Rezitations-

300 3843 395 3903 bécei
423 3837 658 3897 szerkesztöje
709 3837 763 3897 fog
818 3831 1072 3891 konferánszot

1900 3885 2081 3945 kûnstlerin
2123 3882 2244 3942 Margit
2277 3879 2440 3939 Simonffy
2482 3874 2567 3934 cine
2622 3865 2890 3925 ausgezeichnete
2927 3863 3030 3923 unga-

298 3880 471 3940 mondani
496 3876 760 3936 Schnitzlerröl
794 3871 808 3931 é
881 3869 1078 3929 trodalmá-

303 3921 369 3981 ról.
389 3917 431 3977 Fz
460 3917 474 3977 a
508 3915 670 3975 bevezetó
699 3911 933 3971 emlékbeszéd
971 3909 1071 3969 nzért

1904 3929 2010 3989 rische
2048 3924 2280 3984 Ubertragung
2319 3917 2374 3977 des
2413 3913 2695 3973 Schuitzierschen
2733 3908 2908 3968 Einakters
2940 3907 3027 3967 „Die

304 3959 324 4019 s
351 3956 496 4016 érdekes
529 3954 616 4014 lesz,
633 3955 726 4015 mert
769 3950 956 4010 kollégánk
1010 3947 1066 4007 sok

1900 3971 1988 4031 Fiou
2026 3969 2086 4029 mit
2115 3967 2170 4027 dem
2222 3960 2343 4020 Dolch"
2386 3958 2441 4018 von
2478 3956 2595 4016 Esther
2628 3953 2735 4013 Urban
2772 3950 2846 4010 vor,
2870 3948 2940 4008 die,
2968 3946 3028 4006 wie

301 3995 384 4055 éven
434 3996 475 4056 ût
519 3995 706 4055 allandóan
762 3989 992 4049 személyesen
1047 3986 1076 4046 is

1900 4013 1985 4073 auch
2018 4012 2067 4072 die
2100 4006 2389 4066 vorangegangene
2426 3998 2643 4058 Darbietung,
2667 3995 2725 4055 mit
2748 3991 2915 4051 lebhaftem
2961 3988 3033 4048 Bei-

1906 4053 1973 4113 fall
1992 4052 2245 4112 aufgenommen
2277 4044 2404 4104 wurde.
2422 4043 2480 4103 Die
2508 4040 2643 4100 trefflich
2676 4035 2852 4095 gelungene
2880 4029 3033 4089 Cedenk-

1912 4098 1991 4158 fcier
2018 4094 2083 4154 war
2111 4094 2170 4154 des
2191 4091 2310 4151 großen
2344 4085 2443 4145 Toten
2477 4083 2597 4143 würdig
2631 4082 2689 4142 und
2723 4078 2849 4138 machte
2877 4075 2936 4135 der
2963 4072 3035 4132 Ly-

1904 4139 2075 4199 garischen
2106 4132 2472 4192 Corthe-desellschaft
2490 4129 2549 4189 alle
2580 4124 2679 4184 Ehre.
