3392 4384
149 321 209 381 12

339 324 817 384 Schnitzler
876 318 913 378 s
982 318 1210 378 Death

1441 313 1564 373 box
1643 314 1820 374 44/3

2137 491 2237 551 Erde,
2260 494 2306 554 der
2339 494 2397 554 sein
2429 492 2588 552 Irdisches
2621 492 2694 552 faßt
2727 488 2742 548 —
2807 488 2848 548 ein
2886 485 2970 545 Stüc

2134 539 2264 599 unserer
2295 536 2439 596 Jugend.

2181 588 2245 648 Und
2291 587 2322 647 es
2363 587 2443 647 liegt
2484 587 2559 647 dort
2601 585 2757 645 begraben
2798 583 2853 643 das
2889 581 2964 641 Letzt

2136 629 2193 689 von
2227 631 2312 691 jenem
2366 628 2523 688 barocken,
2548 629 2840 689 völkergemischten
2879 625 2964 685 Wien

2140 674 2191 734 das
2252 674 2317 734 mit
2378 673 2550 733 Canaletto
2612 672 2738 732 begann
2809 667 2869 727 und
2921 667 2967 727 mi

2139 718 2304 778 Schnitzler
2335 715 2461 775 endete.
2487 716 2557 776 Der
2588 712 2825 772 österreichische
2856 712 2966 772 Mensc

2140 760 2233 820 dieser
2284 760 2401 820 Epoche
2452 760 2535 820 stand
2590 757 2733 817 zwischen
2792 754 2876 814 Sein
2921 754 2955 814 un

2141 803 2266 863 Schein.
2292 803 2363 863 Das
2394 802 2474 862 Sein
2510 802 2581 862 löste
2612 800 2641 860 er
2677 799 2732 859 auf
2763 799 2824 859 und
2855 799 2965 859 erhöht

2136 846 2165 906 es
2200 846 2224 906 in
2260 845 2352 905 Geist
2378 845 2436 905 und
2471 845 2535 905 war
2565 841 2658 901 dabei
2683 843 2890 903 rettungslos
2920 840 2959 900 un

2140 891 2385 951 hemmungslos
2415 888 2444 948 in
2474 888 2528 948 den
2563 885 2675 945 Schein
2710 885 2862 945 verliebt.
2882 882 2960 942 Sein

2141 933 2348 993 Melancholie
2375 933 2460 993 war,
2476 932 2572 992 Wert
2598 928 2658 988 und
2689 930 2821 990 Unwert
2847 928 2897 988 des
2923 929 2968 989 Ir

2137 978 2246 1038 dischen
2292 978 2427 1038 erkannt
2468 977 2497 1037 zu
2548 973 2669 1033 haben,
2695 972 2754 1032 und
2790 972 2850 1032 sein
2885 970 2960 1030 Amo

2146 1022 2215 1082 fati,
2241 1020 2371 1080 trotzdem
2417 1020 2517 1080 diesem
2569 1017 2729 1077 Irdischen
2770 1014 2975 1074 anzuhanger

2141 1064 2199 1124 und
2231 1064 2262 1124 es
2295 1064 2374 1124 nicht
2401 1064 2432 1124 zu
2470 1061 2581 1121 lassen.
2608 1058 2719 1118 Dieser
2752 1058 2985 1118 österreichische

2142 1109 2279 1169 Mensch,
2311 1109 2369 1169 der
2406 1107 2458 1167 sich
2496 1104 2606 1164 hinter
2650 1102 2812 1162 allerhand
2845 1100 2976 1160 Masker

2137 1151 2290 1211 versteckt,
2322 1151 2433 1211 wurde
2470 1150 2501 1210 in
2544 1147 2740 1207 Schnitzlers
2783 1142 2878 1202 Werk
2915 1142 2983 1202 noch

2144 1195 2265 1255 einmal
2293 1193 2435 1253 lebendig
2473 1190 2483 1250 —
2541 1188 2573 1248 in
2611 1189 2657 1249 all
2684 1190 2785 1250 seinen
2822 1184 2986 1244 Differen¬

2140 1238 2307 1298 zierungen
2347 1235 2410 1295 und
2451 1235 2746 1295 Schattierungen,
2796 1229 2825 1289 in
2880 1230 2978 1290 seinen

2146 1279 2399 1339 Verspieltheiten
2452 1276 2513 1336 und
2555 1274 2586 1334 in
2634 1274 2737 1334 seiner
2769 1271 2981 1331 dämonischen

2146 1322 2231 1382 Nähe
2257 1322 2287 1382 zu
2318 1321 2450 1381 Grauen
2486 1318 2546 1378 und
2572 1315 2693 1375 Wahn.

2188 1375 2301 1435 Darum
2358 1372 2431 1432 auch
2472 1372 2510 1432 ist
2551 1368 2579 1428 in
2625 1369 2800 1429 Schnitzler
2835 1366 2920 1426 Wien
2954 1366 2988 1426 zu

2148 1420 2247 1480 finden
2290 1417 2354 1477 wie
2391 1417 2475 1477 sonst
2513 1412 2724 1472 nirgendwo.
2767 1411 2814 1471 Er
2852 1409 2905 1469 hat
2942 1407 2994 1467 die

2146 1462 2251 1522 Stadt
2283 1462 2357 1522 kaum
2411 1459 2527 1519 jemals
2564 1456 2775 1516 beschrieben,
2824 1453 2898 1513 aber
2940 1450 2993 1510 ihr

2153 1506 2332 1566 Dunstkreis
2370 1503 2429 1563 mit
2457 1500 2646 1560 Sauerstoff
2680 1498 2738 1558 und
2771 1495 2933 1555 Stickstoff
2961 1493 2998 1553 ist

2149 1549 2200 1609 da,
2221 1548 2298 1608 kaum
2340 1547 2402 1607 daß
2433 1545 2464 1605 er
2496 1545 2552 1605 von
2583 1545 2634 1605 ihr
2667 1543 2697 1603 zu
2728 1541 2815 1601 sagen
2853 1539 3002 1599 beginnt.

2148 1593 2187 1653 Er
2228 1590 2334 1650 wußte
2375 1590 2410 1650 um
2472 1590 2522 1650 den
2558 1589 2689 1649 Zauber
2715 1584 2770 1644 der
2801 1582 2907 1642 Stadt
2933 1581 2993 1641 und

2148 1638 2212 1698 ihre
2240 1635 2380 1695 Gefahr.
2403 1634 2445 1694 Er
2473 1633 2597 1693 wußte,
2619 1632 2673 1692 daß
2707 1631 2738 1691 zu
2771 1628 2869 1688 dieser
2896 1624 2998 1684 Stadt

2153 1681 2200 1741 der
2227 1680 2332 1740 Traum
2375 1677 2502 1737 gehört,
2524 1677 2576 1737 daß
2604 1676 2667 1736 erst
2688 1674 2719 1734 er
2741 1673 2794 1733 ihr
2821 1671 2878 1731 und
2905 1669 2989 1729 ihren

2149 1724 2311 1784 Menschen
2366 1721 2414 1781 die
2463 1719 2577 1779 tiefere
2615 1718 2772 1778 Deutung
2816 1715 2897 1775 gibt.
2936 1713 2995 1773 „Es

2154 1769 2264 1829 fließen
2320 1763 2515 1823 ineinander
2566 1760 2682 1820 Traum
2753 1760 2813 1820 und
2854 1757 3004 1817 Wachen,

2153 1811 2312 1871 Wahrheit
2336 1808 2398 1868 und
2427 1806 2529 1866 Lüge,
2547 1805 2735 1865 Sicherheit
2752 1805 2792 1865 ist
2809 1799 2986 1859 nirgends,

2153 1855 2200 1915 So
2227 1854 2343 1914 spricht
2370 1850 2428 1910 sein
2465 1850 2661 1910 Paracelsus
2704 1846 2761 1906 das
2805 1844 3000 1904 wienerische

2155 1896 2393 1956 Lebensgefühl
2416 1895 2495 1955 aus,
2516 1892 2569 1952 dem
2618 1892 2750 1952 „Traum
2799 1889 2856 1949 und
2889 1886 3005 1946 Schick¬

2150 1943 2208 2003 sal“
2240 1939 2324 1999 eines
2357 1937 2437 1997 sind.
2464 1936 2516 1996 Ein
2549 1933 2729 1993 andermal
2756 1933 2814 1993 ließ
2847 1931 2878 1991 er
2905 1929 2989 1989 einen

2154 1984 2248 2044 seiner
2281 1984 2375 2044 Arzte
2408 1981 2524 2041 sagen:
2556 1979 2656 2039 „Dies
2694 1975 2899 2035 Ineinander
2937 1972 2989 2032 von

2159 2026 2408 2086 Zurückhaltung
2463 2023 2527 2083 und
2577 2022 2761 2082 Frechheit,
2800 2020 2858 2080 von
2903 2015 3005 2075 feiger

2154 2071 2324 2131 Eifersucht
2366 2068 2428 2128 und
2475 2067 2646 2127 erlogenem
2709 2062 2911 2122 Gleichmut,
2943 2059 2994 2119 von

2154 2116 2298 2176 rasender
2340 2113 2557 2173 Leidenschaft
2599 2109 2661 2169 und
2698 2107 2795 2167 leerer
2833 2104 2920 2164 Lust,
2946 2104 3002 2164 wie

2156 2160 2197 2220 ich
2221 2160 2256 2220 es
2286 2157 2351 2217 hier
2381 2154 2468 2214 sehe,
2487 2154 2540 2214 das
2576 2152 2657 2212 find'
2683 2151 2723 2211 ich
2753 2149 2906 2209 trübselig
2942 2149 3000 2209 und

2158 2201 2368 2261 grauenhaft.
2412 2198 2484 2258 Das
2517 2197 2585 2257 war
2612 2194 2670 2254 das
2702 2193 2965 2253 Cottage=Wien.

2200 2253 2279 2313 Aber
2308 2253 2437 2313 zugleich
2467 2250 2523 2310 gab
2551 2250 2585 2310 er
2608 2248 2658 2308 den
2693 2244 2874 2304 Geschöpfen
2908 2241 3003 2301 dieser

2163 2298 2276 2358 Stadt,
2292 2300 2317 2360 je
2343 2297 2441 2357 näher
2467 2294 2502 2354 sie
2529 2292 2580 2352 dem
2622 2291 2698 2351 Volk
2725 2289 2848 2349 waren,
2864 2286 2894 2346 je
2915 2286 3002 2346 mehr

2162 2345 2198 2405 sie
2236 2343 2261 2403 in
2304 2340 2356 2400 ihm
2414 2337 2608 2397 wurzelten,
2630 2334 2808 2394 strahlende
2840 2331 3007 2391 Helligkeit

2160 2384 2244 2444 eines
2298 2381 2324 2441 in
2383 2381 2436 2441 sich
2479 2378 2621 2438 erfüllten
2665 2376 2723 2436 und
2755 2372 3004 2432 vollkommenen

2160 2429 2299 2489 Lebens.
2343 2424 2445 2484 Seine
2478 2423 2651 2483 Mädchen,
2673 2420 2753 2480 seine
2781 2418 2883 2478 Väter
2905 2413 2921 2473 —
2975 2414 3007 2474 es

2163 2474 2222 2534 sind
2260 2471 2400 2531 einfache
2439 2468 2563 2528 Wesen,
2596 2465 2628 2525 es
2672 2465 2731 2525 sind
2775 2462 2872 2522 kleine
2910 2457 3013 2517 Men¬

2165 2517 2238 2577 schen
2285 2513 2343 2573 —,
2375 2513 2454 2573 aber
2481 2510 2612 2570 wieviel
2644 2506 2875 2566 Bezauberung
2913 2504 2949 2564 ist
2981 2501 3007 2561 in

2165 2560 2278 2620 ihnen,
2321 2555 2450 2615 wieviel
2478 2554 2661 2614 Zuversicht
2689 2549 2742 2609 von
2780 2548 2920 2608 Seelen,
2964 2545 3012 2605 die

2160 2602 2223 2662 eine
2256 2599 2388 2659 Heimat
2416 2596 2532 2656 haben.
2559 2596 2628 2656 Und
2661 2593 2719 2653 wie
2746 2590 2937 2650 entsprechen
2975 2588 3012 2648 sie

2170 2650 2233 2710 Zug
2270 2645 2307 2705 um
2360 2644 2428 2704 Zug
2466 2641 2518 2701 dem
2571 2638 2729 2698 Gehänge
2766 2635 2824 2695 und
2856 2632 3014 2692 Gebreite

2167 2689 2219 2749 von
2252 2687 2330 2747 Flur
2363 2686 2420 2746 und
2448 2684 2595 2744 Hügeln.
2617 2680 2849 2740 „Ringsherum
2893 2677 3014 2737 glänzte

2165 2736 2213 2796 die
2241 2731 2430 2791 Landschaft
2463 2728 2522 2788 und
2555 2728 2620 2788 tief
2647 2727 2744 2787 unten
2783 2724 2809 2784 in
2843 2722 2896 2782 der
2929 2720 3015 2780 Glut

2163 2777 2215 2837 des
2264 2776 2417 2836 Mittags
2466 2770 2614 2830 schwamm
2689 2770 2752 2830 und
2801 2765 2928 2825 zitterte
2966 2764 3013 2824 die

2172 2820 2284 2880 Stadt.
2363 2814 2413 2874 So
2466 2814 2563 2874 endet
2611 2812 2682 2872 eine
2729 2811 2832 2871 seiner
2890 2807 3018 2867 Wiener

2168 2863 2343 2923 Novellen.
2384 2859 2487 2919 Seine
2540 2858 2601 2918 aus
2643 2856 2694 2916 dem
2741 2851 2927 2911 Wienertum
2974 2850 3025 2910 ge¬

2172 2908 2325 2968 griffenen
2362 2904 2526 2964 Gestalten
2564 2901 2659 2961 haben
2702 2899 2797 2959 dieses
2834 2895 3019 2955 Glänzende

2169 2952 2221 3012 der
2258 2949 2451 3009 Landschaft
2487 2947 2545 3007 und
2575 2946 2634 3006 das
2664 2945 2693 3005 in
2729 2943 2775 3003 der
2805 2941 2922 3001 Sonne
2947 2940 3022 3000 Zit¬

2174 2997 2282 3057 ternde
2309 2994 2360 3054 der
2392 2991 2511 3051 Stadt.

2217 3055 2257 3115 Er
2284 3054 2335 3114 hat
2362 3053 2428 3113 auch
2455 3051 2511 3111 das
2538 3050 2651 3110 andere
2678 3047 2766 3107 Wien
2797 3044 2937 3104 gekannt
2958 3041 3020 3101 und

2174 3099 2330 3159 gestaltet,
2350 3098 2405 3158 das
2436 3095 2522 3155 Wien
2558 3092 2613 3152 der
2639 3091 2815 3151 Operette,
2836 3089 2886 3149 das
2917 3089 3032 3149 lange,

2169 3143 2321 3203 ehebevor
2351 3139 2380 3199 es
2410 3137 2474 3197 eine
2504 3137 2656 3197 Operette
2681 3136 2759 3196 gab,
2779 3131 2853 3191 schon
2888 3131 2916 3191 da
2947 3128 3029 3188 war.

2174 3188 2215 3248 Er
2248 3187 2300 3247 hat
2333 3181 2379 3241 ihm
2433 3180 2549 3240 Spott,
2576 3179 2692 3239 Hohn,
2713 3176 2909 3236 Heiterkeit,
2930 3174 3014 3234 Zorn

2172 3227 2457 3287 entgegengesetzt,
2472 3224 2546 3284 aber
2571 3223 2639 3283 auch
2669 3222 2698 3282 da
2728 3220 2792 3280 war
2817 3218 2930 3278 immer
2955 3215 3023 3275 noch

2169 3274 2211 3334 ein
2265 3271 2344 3331 Rest
2392 3266 2487 3326 Liebe
2536 3265 2696 3325 spürbar.
2728 3262 2775 3322 Er
2808 3262 2887 3322 setzte
2920 3259 3015 3319 neben

2169 3313 2413 3373 Windbeutelei
2450 3310 2663 3370 Biedersinn,
2700 3307 2798 3367 neben
2846 3304 3027 3364 Kriecherei

2177 3359 2327 3419 aufrechte
2358 3353 2645 3413 Standfestigkeit,
2666 3350 2761 3410 neben
2797 3349 3028 3409 Gesinnungs¬

2174 3403 2332 3463 lumperei
2391 3397 2522 3457 ehrliche
2576 3394 2877 3454 Mannhaftigkeit.
2936 3389 3025 3449 „Der

2177 3446 2269 3506 junge
2295 3442 2501 3502 Medardus"
2533 3439 2599 3499 war
2626 3439 2672 3499 ihm
2714 3438 2760 3498 ein
2791 3436 3023 3496 sinnbildlicher

2174 3489 2263 3549 Sohn
2304 3486 2400 3546 dieses
2436 3483 2551 3543 Volkes
2587 3480 2648 3540 und
2689 3480 2794 3540 mußte
2830 3478 2926 3538 darum
2977 3478 3031 3538 zu¬

2179 3534 2300 3594 grunde
2327 3531 2449 3591 gehen.
2470 3528 2549 3588 Hier
2581 3527 2629 3587 sah
2661 3525 2835 3585 Schnitzler
2868 3522 2914 3582 die
2947 3519 3031 3579 Tra¬

2179 3579 2263 3639 gödie
2290 3575 2375 3635 eines
2407 3573 2539 3633 Volkes,
2561 3569 2650 3629 einer
2677 3567 2783 3627 Stadt
2805 3566 2814 3626 —
2863 3564 2931 3624 auch
2964 3564 3011 3624 ihm

2177 3621 2243 3681 war
2270 3621 2331 3681 dies
2362 3616 2517 3676 Erlebnis
2549 3615 2626 3675 nicht
2653 3612 2776 3672 erspart
2798 3608 2988 3668 geblieben¬

2180 3666 2225 3726 daß
2259 3665 2293 3725 sie
2322 3663 2373 3723 für
2402 3660 2464 3720 ihre
2493 3658 2607 3718 Kraft,
2630 3657 2681 3717 für
2705 3656 2773 3716 ihre
2802 3653 2932 3713 Jugend
2962 3651 3023 3711 kein

2183 3709 2248 3769 Ziel
2275 3708 2307 3768 zu
2341 3704 2448 3764 finden
2481 3701 2584 3761 weiß.
2612 3699 2709 3759 „Gott
2737 3697 2845 3757 wollte
2872 3695 2920 3755 ihn
2959 3692 3013 3752 zum

2177 3751 2290 3811 Helden
2329 3749 2480 3809 schaffen,
2502 3746 2556 3806 der
2584 3744 2670 3804 Lauf
2698 3740 2746 3800 der
2779 3739 2882 3799 Dinge
2915 3737 3028 3797 machte

2178 3794 2260 3854 einen
2297 3791 2426 3851 Narren
2464 3788 2525 3848 aus
2562 3788 2645 3848 ihm.
2692 3784 2744 3844 So
2781 3783 2848 3843 hieß
2885 3782 2916 3842 es
2953 3779 3030 3839 über

2178 3837 2230 3897 den
2259 3836 2374 3896 jungen
2403 3833 2604 3893 Medardus.
2629 3830 2695 3890 Und
2725 3828 2777 3888 das
2807 3826 2887 3886 war,
2907 3825 3012 3885 worum

2182 3882 2228 3942 der
2259 3881 2352 3941 stille,
2373 3878 2446 3938 aber
2472 3877 2549 3937 zähe
2576 3872 2699 3932 Kampf
2726 3871 2911 3931 Schnitzlers
2944 3869 3036 3929 ging,

2183 3925 2232 3985 daß
2258 3923 2288 3983 er
2314 3922 2409 3982 dieser
2435 3917 2591 3977 geliebten
2623 3914 2728 3974 Stadt
2749 3913 2799 3973 ihr
2820 3910 3036 3970 Heldentum,

2179 3968 2247 4028 ihre
2274 3965 2512 4025 Männlichkeit
2534 3961 2682 4021 bewahrt
2709 3958 2831 4018 wissen,
2852 3955 2904 4015 daß
2937 3954 2968 4014 er
2995 3952 3032 4012 sie

2186 4012 2259 4072 nicht
2302 4011 2339 4071 an
2387 4008 2439 4068 die
2482 4004 2629 4064 Narren,
2667 3999 2920 4059 Müßiggänger
2963 3997 3026 4057 und

2184 4054 2364 4114 Plauderer
2390 4051 2536 4111 verraten
2572 4046 2672 4106 wissen
2708 4044 2824 4104 wollte.
2849 4040 2930 4100 Wien
2966 4038 3030 4098 war

2182 4099 2231 4159 der
2267 4096 2464 4156 Kernpunkt
2500 4093 2555 4153 des
2596 4089 2853 4149 Schnitzlerschen
2889 4083 3035 4143 Werkes.

2185 4140 2244 4200 Von
2279 4140 2342 4200 hier
2378 4136 2437 4196 aus
2467 4134 2595 4194 umfina
2630 4131 2664 4191 es
2694 4131 2743 4191 die
2778 4127 2926 4187 „Masken
2966 4125 3025 4185 und

2186 4184 2342 4244 Wunder“
2373 4183 2423 4243 der
2449 4179 2550 4239 Welt.
2575 4177 2641 4237 Und
2672 4176 2742 4236 mag
2773 4173 2844 4233 auch
2875 4170 2925 4230 vor
2956 4167 3031 4227 fünf
