3436 4256
257 294 384 354 12.

463 308 1029 368 Schnitzler's
1105 303 1331 363 Death

554 1225 772 1285 AUSSCHNTT
791 1228 835 1288 VOM

1020 1264 1081 1324 22
1135 1264 1372 1324 UKI.1931

578 1419 800 1479 Tilsiter
844 1422 991 1482 Allg.
1037 1422 1290 1482 Zeitung,
1324 1424 1482 1484 Tilsit

562 1535 672 1595 Zum
751 1539 895 1599 Tode
952 1541 1162 1601 Arthur
1208 1542 1552 1602 Schnitzlers

547 1638 610 1698 45

617 2544 681 2604 Der
714 2544 800 2604 große
833 2547 1059 2607 österreichische
1093 2549 1216 2609 Dichter
1244 2549 1346 2609 Artur
1379 2553 1557 2613 Schnitz¬

536 2583 602 2643 ler
632 2583 679 2643 ist,
699 2583 756 2643 wie
781 2583 838 2643 wir
863 2586 977 2646 gestern
1007 2586 1179 2646 meldeten,
1199 2586 1314 2646 wenige
1339 2589 1477 2649 Monate
1502 2589 1554 2649 vor

545 2621 638 2681 seinem
682 2622 731 2682 70.
756 2624 952 2684 Geburtstag
992 2625 1016 2685 in
1052 2625 1139 2685 Wien
1174 2627 1345 2687 gestorben.
1390 2631 1557 2691 Schnitzler

540 2661 606 2721 war
635 2661 678 2721 ein
712 2661 831 2721 Dichter
860 2663 907 2723 des
942 2664 1018 2724 alten
1052 2664 1162 2724 Wien,
1181 2667 1271 2727 dessen
1305 2667 1458 2727 Menschen
1497 2666 1549 2726 und

536 2699 740 2759 Atmosphäre
764 2700 792 2760 er
816 2699 843 2759 in
876 2702 969 2762 seinen
1002 2705 1370 2765 melancholisch=heiteren
1404 2708 1534 2768 Dramen

540 2738 568 2798 in
592 2740 751 2800 Romanen
780 2741 832 2801 und
862 2741 1005 2801 Novellen
1035 2742 1083 2802 von
1117 2744 1237 2804 höchster
1261 2744 1482 2804 Meisterschaft
1502 2744 1559 2804 mit

537 2775 624 2835 tiefem
672 2780 920 2840 psychologischen
962 2781 1081 2841 Gefühl
1112 2783 1278 2843 literarisch
1315 2786 1460 2846 gestaltet
1492 2785 1548 2845 und

539 2819 647 2879 fixiert
671 2819 740 2879 hat.

1232 2860 1337 2920 Wien,
1361 2863 1414 2923 22.
1438 2863 1513 2923 Okt.

616 2900 672 2960 Die
698 2905 796 2965 Leiche
817 2905 878 2965 Dr.
900 2908 1018 2968 Arthur
1044 2908 1220 2968 Schnitzlers
1251 2908 1323 2968 wird
1349 2909 1379 2969 am
1421 2911 1545 2971 Freitag

540 2944 616 3004 11,30
645 2943 702 3003 Uhr
727 2944 778 3004 vom
812 2947 1028 3007 Trauerhause
1052 2947 1076 3007 in
1105 2947 1157 3007 der
1177 2947 1473 3007 Sternwartestraße
1498 2947 1550 3007 auf

540 2981 589 3041 den
619 2983 889 3043 Zentralfriedhof
909 2986 1046 3046 gebracht
1076 2986 1130 3046 und
1165 2987 1213 3047 auf
1238 2986 1287 3046 dem
1327 2989 1543 3049 israelitischen

537 3020 687 3080 Friedhof
713 3022 874 3082 beigesetzt.

613 3057 674 3117 Der
711 3059 792 3119 Sohn
834 3063 1014 3123 Schnitzlers
1050 3063 1127 3123 teilt
1169 3063 1219 3123 die
1261 3063 1544 3123 letztwillige

536 3099 792 3159 Verfügung
827 3099 897 3159 mit,
923 3102 968 3162 die
998 3102 1043 3162 sich
1069 3102 1098 3162 im
1139 3102 1269 3162 Nachlaß
1305 3102 1395 3162 seines
1426 3102 1541 3162 Vaters

535 3135 738 3195 vorgefunden
775 3138 869 3198 habe,
892 3139 951 3199 und
988 3141 1082 3201 bittet
1110 3141 1137 3201 im
1187 3141 1300 3201 Namen
1341 3141 1390 3201 der
1422 3142 1549 3202 Hinter¬

536 3174 712 3234 bliebenen,
732 3177 798 3237 diese
823 3177 961 3237 Wünsche
985 3180 1013 3240 zu
1038 3180 1152 3240 achten.
1172 3180 1224 3240 Sie
1244 3180 1300 3240 sind
1325 3180 1358 3240 am
1397 3180 1444 3240 29.
1459 3181 1544 3241 April

534 3213 603 3273 1912
632 3215 915 3275 niedergeschrieben
948 3218 1065 3278 worden
1098 3219 1158 3279 und
1186 3219 1284 3279 lauten
1317 3219 1470 3279 wörtlich:

625 3254 896 3314 „Bestimmungen,
924 3257 969 3317 die
1001 3257 1037 3317 ich
1074 3257 1141 3317 nach
1178 3257 1291 3317 meinem
1341 3257 1472 3317 Ableben
1513 3258 1540 3318 zu

530 3290 658 3350 erfüllen
710 3293 802 3353 bitte.
855 3296 1014 3356 Herzstich,
1051 3296 1133 3356 keine
1170 3296 1304 3356 Kränze,
1335 3296 1412 3356 keine
1449 3299 1546 3359 Parte

540 3331 831 3391 (Traueranzeige),
860 3332 927 3392 auch
961 3333 989 3393 in
1028 3335 1080 3395 den
1119 3335 1287 3395 Zeitungen
1330 3335 1421 3395 nicht.
1464 3335 1545 3395 Be¬

536 3369 716 3429 gräbnis
752 3371 896 3431 letzter
933 3373 1097 3433 Klasse.
1139 3372 1211 3432 Das
1242 3372 1324 3432 durch
1361 3377 1541 3437 Befolgung

530 3407 623 3467 dieser
656 3410 904 3470 Bestimmungen
941 3412 1100 3472 erübrigte
1133 3411 1207 3471 Geld
1245 3410 1277 3470 ist
1306 3416 1539 3476 Spitalzwecken

531 3446 745 3506 zuzuwenden.
806 3448 941 3508 Keine
993 3451 1160 3511 Reden,
1203 3451 1412 3511 Vermeidung
1464 3454 1538 3514 allen

529 3486 668 3546 rituellen
711 3486 864 3546 Beiwerks
902 3488 1135 3548 (insbesondere
1172 3490 1410 3550 Leichenwärter
1443 3493 1531 3553 usw.)

531 3525 650 3585 keine
674 3526 841 3586 Trauer
865 3529 1018 3589 tragen
1052 3532 1118 3592 nach
1148 3529 1257 3589 meinem
1301 3529 1401 3589 Tode;
1420 3532 1544 3592 absolut

532 3565 630 3625 keine.
663 3565 787 3625 Arthur
809 3568 991 3628 Schnitzler.

1563 303 1690 363 box
1759 308 1941 368 42/9

2238 446 2943 506 OBSERVER

2326 511 2350 571 I.
2367 506 2485 566 österr.
2497 503 2644 563 behördl.
2657 494 2955 554 konzessioniertes

2281 548 2516 608 Unternehmen
2546 541 2592 601 für
2617 534 3004 594 Zeitungs-Ausschnitte

2329 605 2478 665 WIEN,
2505 604 2556 664 I.,
2577 598 2863 658 WOLLZEILE
2915 590 2953 650 11

2437 652 2651 712 TELEPHON
2686 646 2861 706 R-23-0-43

2235 801 2453 861 Ausschnitt
2480 795 2573 855 aus:

2578 939 2667 999 23.
2688 931 2818 991 0KT.
2839 924 2937 984 1931

2325 1053 2559 1113 Freitag,
2588 1055 2677 1115 23.
2705 1055 2947 1115 Oktober
2989 1058 3140 1118 1931.

2383 1239 2527 1299 Arthur
2559 1239 2787 1299 Schnitzler
2829 1234 3046 1294 gestorben

2648 1374 2712 1434 (E).
2735 1374 2870 1434 Wien.
2892 1377 2941 1437 21.
2964 1377 3098 1437 Oktober

2352 1443 2467 1503 Arthur
2486 1443 2656 1503 Schnitzler
2681 1443 2723 1503 ist
2755 1443 2821 1503 nach
2852 1443 2962 1503 kurzem
3005 1443 3114 1503 Leiden

2318 1491 2501 1551 gestorben.

2354 1595 2466 1655 Arthur
2491 1595 2657 1655 Schnitzler
2687 1594 2793 1654 wurde
2824 1595 2853 1655 am
2895 1595 2942 1655 15.
2960 1595 2972 1655 5
2996 1595 3067 1655 1862
3091 1595 3114 1655 in

2321 1643 2399 1703 Wien
2428 1643 2582 1703 geboren,
2601 1643 2642 1703 als
2666 1643 2746 1703 Sohn
2774 1643 2820 1703 des
2849 1644 2918 1704 ord.
2938 1643 3119 1703 Professors

2316 1691 2345 1751 an
2380 1693 2433 1753 der
2479 1691 2606 1751 Wiener
2651 1691 2863 1751 Universität,
2903 1693 2961 1753 Dr.
3001 1691 3119 1751 Johann

2313 1739 2504 1799 Schnitzler,
2525 1738 2608 1798 eines
2638 1738 2874 1798 Laryngologen
2909 1738 2967 1798 von
2997 1738 3120 1798 Bedeu¬

2315 1789 2403 1849 tung,
2423 1789 2455 1849 zu
2488 1786 2595 1846 dessen
2624 1788 2875 1848 Patientenkreis
2904 1788 2978 1848 viele
3006 1786 3118 1846 promi¬

2311 1836 2399 1896 nente
2425 1837 2645 1897 Schauspieler
2691 1836 2744 1896 und
2794 1837 2917 1897 Sänger
2962 1837 3123 1897 gehörten.

2313 1885 2481 1945 Schnitzler
2516 1884 2663 1944 studierte
2699 1885 2871 1945 gleichfalls
2926 1882 3054 1942 Medizin
3094 1883 3118 1943 in

2314 1932 2419 1992 Wien,
2440 1932 2647 1992 promovierte
2678 1929 2748 1989 1885
2779 1930 2834 1990 und
2870 1931 2950 1991 war,
2971 1929 3102 1989 nachdem

2312 1980 2346 2040 er
2377 1977 2594 2037 (1886—1889)
2620 1977 2674 2037 auf
2700 1979 2937 2039 verschiedenen
2978 1977 3114 2037 Kliniken

2309 2031 2496 2091 praktiziert
2521 2029 2574 2089 und
2603 2028 2671 2088 auch
2705 2028 2772 2088 eine
2802 2028 2893 2088 Reise
2923 2028 2975 2088 zum
3015 2026 3120 2086 Studi¬

2313 2076 2346 2136 um
2394 2079 2446 2139 der
2476 2076 2695 2136 hygienischen
2748 2076 2982 2136 Einrichtungen
3040 2076 3111 2136 nach

2310 2126 2428 2186 London
2468 2126 2522 2186 und
2552 2126 2645 2186 Paris
2675 2124 2907 2184 unternommen
2943 2123 3046 2183 latte,
3071 2123 3114 2183 bis

2318 2174 2381 2234 1893
2407 2174 2563 2234 Assistent
2583 2174 2686 2234 seines
2711 2173 2823 2233 Vatexs
2853 2171 2882 2231 an
2912 2171 2961 2231 der
2991 2171 3113 2231 Wiener

2313 2222 2510 2282 allgemeinen
2540 2222 2716 2282 Poliklinik.
2737 2221 2800 2281 Den
2835 2219 3110 2279 militärärztlichen

2313 2272 2433 2332 Dienst,
2453 2271 2476 2331 in
2505 2270 2553 2330 den
2582 2270 2760 2330 Schnitzler
2784 2268 2890 2328 später
2919 2270 2995 2330 trat,
3015 2268 3116 2328 mußte

2313 2320 2346 2380 er
2380 2320 2451 2380 nach
2491 2317 2543 2377 der
2577 2317 2773 2377 Publikation
2812 2316 2912 2376 seines
2951 2316 3119 2376 »Leutnant

2314 2367 2421 2427 Gustle
2448 2365 2597 2425 aufgeben
2633 2366 2684 2426 und
2716 2365 2782 2425 bald
2813 2365 2957 2425 widmete
2989 2363 3019 2423 er
3051 2362 3106 2422 sich

2314 2416 2541 2476 ausschließlich
2578 2413 2629 2473 der
2655 2415 2831 2475 Literatur.

2347 2464 2400 2524 Die
2428 2464 2634 2524 Atmosphäre
2661 2461 2715 2521 der
2764 2461 2970 2521 Geistigkeit,
3008 2461 3056 2521 die
3084 2460 3110 2520 in

2309 2511 2499 2571 Schnitzlers
2541 2511 2711 2571 Vaterhaus
2748 2509 2923 2569 herrschte,
2955 2509 3000 2569 die
3042 2508 3114 2568 enge

2311 2562 2487 2622 Berührung
2518 2559 2573 2619 mit
2604 2559 2654 2619 der
2685 2557 2897 2617 sogenannten
2933 2557 3018 2617 guten
3054 2555 3114 2615 Ge¬

2311 2610 2471 2670 sellschaft
2492 2605 2542 2665 der
2568 2607 2637 2667 80er
2663 2607 2718 2667 und
2749 2607 2819 2667 90er
2845 2607 2950 2667 Jahre,
2971 2605 3051 2665 einer
3071 2603 3116 2663 ei¬

2308 2658 2484 2718 genartigen
2519 2655 2675 2715 spezifisch
2730 2655 3009 2715 österreichischen
3058 2651 3116 2711 Mi¬

2308 2707 2423 2767 schung
2452 2705 2509 2765 von
2558 2705 2769 2765 heterogenen
2822 2702 3014 2762 Elementen,
3058 2702 3110 2762 von

2313 2756 2495 2816 Gelebrten,
2559 2753 2844 2813 Großkaufleuten,
2928 2750 3110 2810 Advokaten

2319 2804 2494 2864 Künstlern,
2515 2801 2665 2861 Bankiers
2691 2801 2721 2861 u.
2742 2803 2783 2863 a.,
2805 2801 2855 2861 der
2882 2801 2954 2861 enge
2980 2796 3119 2856 Kontakt

2314 2853 2368 2913 mit
2389 2852 2439 2912 den
2470 2849 2591 2909 Größen
2617 2849 2672 2909 der
2698 2849 2818 2909 »ersten
2844 2848 3011 2908 deutschen
3036 2843 3116 2903 Büh¬

2310 2902 2378 2962 ne«,
2399 2899 2453 2959 des
2483 2897 2719 2957 Burgtheaters,
2739 2896 2788 2956 die
2813 2896 2837 2956 in
2872 2895 2975 2955 seines
3006 2893 3114 2953 Vaters

2313 2949 2413 3009 Hause
2461 2946 2532 3006 aus-
2581 2944 2638 3004 und
2686 2946 2867 3006 eingingen,
2906 2943 3107 3003 beeinflußten

2309 2997 2499 3057 Schnitzlers
2535 2995 2767 3055 Entwicklung;
2797 2992 2903 3052 dieses
2939 2991 3114 3051 Jugendmi¬

2313 3047 2367 3107 lieu
2397 3046 2509 3106 drückt
2534 3043 2637 3103 seinem
2682 3043 2824 3103 späteren
2859 3040 3001 3100 Schaffen
3037 3037 3119 3097 nicht

2318 3096 2451 3156 weniger
2474 3092 2526 3152 den
2555 3090 2694 3150 Stempel
2712 3090 2763 3150 auf
2787 3090 2839 3150 wie
2868 3090 2925 3150 sein
2949 3087 3111 3147 ärztlicher

2311 3144 2429 3204 Beruf.

2354 3190 2414 3250 Von
2442 3189 2618 3249 kleineren,
2635 3187 2739 3247 längst
2767 3186 2965 3246 vergessenen
3016 3184 3114 3244 Früh¬

2311 3240 2496 3300 produkten,
2523 3239 2564 3299 die
2595 3237 2621 3297 in
2657 3237 2709 3297 der
2740 3234 2926 3294 »Deutschen
2963 3232 3112 3292 Wochen¬

2311 3289 2419 3349 schrift
2466 3286 2569 3346 (1886)
2595 3284 2646 3344 und
2673 3284 2698 3344 in
2730 3284 2781 3344 der
2807 3284 2894 3344 lange
2921 3281 3003 3341 nicht
3029 3278 3112 3338 mehr

2314 3335 2520 3395 bestehenden
2551 3334 2737 3394 Zeitschrift
2763 3332 2819 3392 »An
2877 3331 2928 3391 der
2975 3329 3109 3389 schönen

2309 3386 2414 3446 blauen
2455 3383 2580 3443 Donau«
2616 3378 2721 3438 (1889)
2751 3380 2927 3440 erschienen
2963 3378 3048 3438 sind,
3073 3374 3113 3434 ist

2312 3432 2372 3492 sein
2406 3432 2522 3492 erstes,
2547 3428 2883 3488 aufsehenerregendes
2917 3427 2972 3487 und
3005 3425 3028 3485 in
3062 3424 3117 3484 der

2311 3481 2481 3541 damaligen
2507 3479 2577 3539 Zeit
2598 3478 2642 3538 als
2668 3478 2744 3538 kühn
2774 3475 2996 3535 empfundenes
3021 3472 3111 3532 Werk

2310 3529 2475 3589 »Anatole,
2496 3527 2555 3587 eine
2581 3526 2676 3586 Reibe
2702 3526 2757 3586 von
2788 3523 3014 3583 dramatischen
3039 3520 3114 3580 Dia¬

2308 3578 2410 3638 logen,
2438 3577 2480 3637 die
2513 3576 2568 3636 mit
2602 3574 2681 3634 ihren
2733 3574 2839 3634 scharf
2887 3571 3110 3631 beobachteten

2309 3625 2473 3685 Menschen
2506 3622 2561 3682 und
2599 3622 2688 3682 deren
2721 3619 2884 3679 graziöser
2918 3619 3053 3679 Sprache
3091 3616 3114 3676 in

2314 3675 2393 3735 einer
2425 3672 2488 3732 fast
2515 3669 2731 3729 spielerischen
2768 3669 2831 3729 Art
2858 3666 2947 3726 schon
2985 3665 3032 3725 die
3064 3662 3116 3722 Ei¬

2313 3720 2422 3780 genart
2452 3717 2504 3777 von
2534 3714 2726 3774 Schnitzlers
2760 3714 2870 3774 Talent
2894 3714 3019 3774 zeigen.
3043 3711 3110 3771 Sein

2313 3765 2456 3825 nächstes
2485 3764 2542 3824 und
2571 3762 2704 3822 zugleich
2734 3762 2785 3822 das
2815 3762 2895 3822 erste
2920 3761 3110 3821 aufgeführte

2317 3815 2407 3875 Werk
2463 3810 2527 3870 war
2558 3810 2638 3870 »Das
2669 3810 2830 3870 Märchen«
2866 3807 2981 3867 (1893).
3002 3809 3027 3869 In
3062 3807 3112 3867 der

2312 3863 2402 3923 gleich
2440 3858 2494 3918 den
2530 3855 2762 3915 vorgenannten
2795 3856 3013 3916 Schöpfungen
3050 3851 3099 3911 dem

2311 3908 2440 3968 Wiener
2488 3905 2583 3965 Milieu
2641 3902 2870 3962 entnommenen
2928 3902 3119 3962 »Liebeleis,

2308 3956 2494 4016 Schnitzlers
2579 3951 2751 4011 seinerzeit
2831 3950 3097 4010 meistgespieltem

2308 4004 2504 4064 Schauspiel,
2528 4001 2628 4061 klingt
2653 4001 2710 4061 das
2744 3998 2949 4058 Anatolmotiv
2984 3997 3103 4057 wieder

2308 4051 2426 4111 Dessen
2461 4048 2683 4108 Uraufführung
2727 4048 2831 4108 (1895)
2861 4045 2895 4105 am
2945 4044 3116 4104 Burgthea¬

2308 4099 2351 4159 ter
2385 4099 2447 4159 war
2476 4096 2658 4156 Schnitzlers
2693 4096 2793 4156 erster
2823 4096 2938 4156 großer
2967 4093 3111 4153 Bühnen¬

2310 4147 2417 4207 erfolg.
2443 4145 2466 4205 In
2502 4144 2585 4204 Wien
2615 4144 2708 4204 spielt
2753 4142 2826 4202 auch
2875 4144 2934 4204 das
2984 4144 3106 4204 nächste
