3392 4352
116 306 244 366 12.
294 306 798 366 Schnitzler
870 298 898 358 s
969 303 1205 363 Death

228 1385 944 1445 OBSERVER

308 1461 329 1521 I.
342 1461 463 1521 österr.
472 1458 623 1518 behördl.
637 1452 939 1512 konzessioniertes

260 1503 495 1563 Unternehmen
526 1500 577 1560 für
603 1494 988 1554 Zeitungs-Ausschnitte

320 1559 465 1619 WIEN,
493 1559 538 1619 I.,
566 1556 850 1616 WOLLZEILE
898 1552 937 1612 11

414 1610 631 1670 TELEPHON
663 1605 838 1665 R-23-0-43

221 1754 445 1814 Ausschnitt
468 1753 560 1813 aus:

464 1835 617 1895 Ostrauer
634 1850 897 1910 Morgenzestung

489 1924 514 1984 7
541 1927 593 1987 4.
611 1930 742 1990 0KT.
760 1936 864 1996 1937

221 1980 332 2040 vom:

316 2074 528 2134 Schnitzlers
555 2081 648 2141 letzte
683 2087 939 2147 Lebensjahre.

242 2130 353 2190 Arthur
384 2136 566 2196 Schnitzler,
590 2136 642 2196 der
673 2139 702 2199 in
744 2141 791 2201 den
833 2144 920 2204 letzten
962 2150 1074 2210 Jahren

166 2167 237 2227 nicht
266 2171 347 2231 mehr
371 2173 423 2233 gut
453 2175 548 2235 hörte,
572 2177 644 2237 lebte
673 2180 697 2240 in
735 2183 826 2243 seiner
850 2186 969 2246 Wiener
998 2187 1084 2247 Woh¬

161 2206 242 2266 nung
274 2211 301 2271 in
333 2213 378 2273 der
410 2216 700 2276 Stemwartestraße
728 2222 850 2282 ziemlich
882 2227 977 2287 einsam
1027 2228 1081 2288 und

161 2249 378 2309 abgeschlossen.
401 2252 441 2312 Er
470 2255 514 2315 sah
547 2255 600 2315 nur
628 2258 700 2318 dann
737 2260 791 2320 und
823 2262 904 2322 wann
941 2267 1013 2327 seine
1041 2266 1085 2326 al¬

161 2285 201 2345 ten
233 2288 365 2348 Freunde
393 2291 438 2351 bei
461 2293 501 2353 sich
529 2294 583 2354 und
611 2297 702 2357 folgte
730 2303 894 2363 manchmal
917 2306 1085 2366 Einladun¬

158 2327 207 2387 gen
237 2328 324 2388 dieser
350 2331 496 2391 Freunde.
521 2335 565 2395 In
595 2335 639 2395 den
674 2340 889 2400 Abendstunden
919 2347 1027 2407 pflegte
1052 2347 1076 2407 er

160 2368 255 2428 immer
283 2368 310 2428 in
342 2368 383 2428 die
411 2372 506 2432 Stadt
529 2374 556 2434 zu
589 2377 684 2437 fahren
721 2379 771 2439 und
803 2380 849 2440 sich
881 2385 1077 2445 Theatervor¬

159 2407 308 2467 stellungen
340 2411 516 2471 anzusehen.
539 2412 582 2472 Er
609 2415 688 2475 hatte
715 2419 741 2479 es
772 2420 877 2480 immer
904 2426 1085 2486 vermieden,

160 2446 326 2506 Premieren
364 2452 593 2512 beizuwohnen.

232 2485 272 2545 Am
318 2491 554 2551 Sonntagabend
591 2495 654 2555 war
682 2497 713 2557 er
745 2499 809 2559 noch
841 2500 868 2560 im
914 2506 1077 2566 Akademie¬

155 2527 281 2587 theater,
305 2530 351 2590 sah
384 2531 431 2591 sich
459 2531 510 2591 den
553 2535 726 2595 „Leutnant
754 2540 903 2600 Komma“
936 2543 988 2603 an,
1021 2544 1071 2604 und

157 2562 184 2622 am
225 2565 371 2625 Dienstag
399 2570 522 2630 besuchte
550 2571 577 2631 er
600 2574 645 2634 die
669 2577 823 2637 Komödie.

231 2608 384 2668 Schnitzler
423 2610 503 2670 hatte
543 2613 595 2673 vor
629 2616 772 2676 ungefähr
812 2623 1070 2683 fünfundzwanzig

152 2646 264 2706 Jahren
309 2648 368 2708 eine
398 2650 569 2710 Wienerin,
595 2652 672 2712 Olga
708 2658 948 2718 Gußmann,
978 2664 1075 2724 gehei¬

150 2684 243 2744 ratet,
257 2686 336 2746 deren
364 2688 536 2748 Schwester,
555 2692 698 2752 Elisabeth
722 2695 903 2755 Gußmann,
922 2700 963 2760 die
987 2702 1061 2762 Frau

150 2724 192 2784 des
220 2728 439 2788 Schauspielers
469 2729 575 2789 Albert
595 2732 777 2792 Steinbrück
806 2738 884 2798 war.
904 2739 964 2799 Vor
993 2742 1072 2802 Jah¬

147 2762 193 2822 ren
231 2765 328 2825 wurde
361 2767 431 2827 diese
459 2769 524 2829 Ehe
557 2771 729 2831 geschieden.
757 2777 873 2837 Arthur
911 2781 1064 2841 Schnitzler

138 2803 208 2863 war
233 2807 324 2867 keiner
349 2807 394 2867 der
415 2810 621 2870 betriebsamen
652 2814 783 2874 Dichter,
798 2819 843 2879 die
864 2822 888 2882 es
914 2822 939 2882 zu
970 2825 1070 2885 Reich¬

162 2870 272 2930 tümern
307 2873 452 2933 brachten.
471 2876 718 2936 Charakteristisch
749 2880 797 2940 ist,
820 2880 872 2940 daß
904 2882 930 2942 er
957 2882 1005 2942 das
1036 2882 1084 2942 be¬

162 2909 295 2969 scheidene
325 2911 408 2971 Haus
438 2912 462 2972 in
500 2913 546 2973 der
576 2918 868 2978 Sternwartestraße
893 2921 943 2981 von
977 2923 1064 2983 seinem

161 2947 287 3007 Bruder,
316 2950 424 3010 Hofrat
453 2951 514 3011 Dr.
543 2953 716 3013 Schnitzler,
759 2957 881 3017 erhielt.
924 2960 1084 3020 Schnitzler

159 2987 234 3047 hatte
261 2986 287 3046 in
318 2989 419 3049 Berlin
451 2989 507 3049 und
534 2992 613 3052 Wien
650 2993 702 3053 und
734 2995 755 3055 in
791 2996 865 3056 ganz
888 3000 1077 3060 Deutschland

157 3023 222 3083 eine
251 3028 338 3088 Reihe
362 3029 436 3089 ganz
460 3029 567 3089 großer
595 3033 800 3093 künstlerischer
829 3038 963 3098 Erfolge.
982 3040 1079 3100 Seine

159 3064 264 3124 Bücher
292 3068 442 3128 erreichten
473 3071 615 3131 immense
642 3076 805 3136 Auflagen.
824 3076 961 3136 Trotzdem
1001 3079 1032 3139 ist
1054 3080 1080 3140 er

160 3104 215 3164 mit
239 3108 445 3168 Glücksgütern
483 3109 558 3169 nicht
587 3115 722 3175 gesegnet
746 3117 891 3177 gewesen.

468 3174 525 3234 Die
552 3180 777 3240 Beisetzung.

231 3222 330 3282 Wien,
353 3222 398 3282 23.
422 3225 562 3285 Oktober.
590 3227 648 3287 Dem
690 3231 930 3291 Bestimmungen
967 3234 1076 3294 Arthur

151 3261 403 3321 Schnitzlers
426 3264 473 3324 für
492 3264 543 3324 sein
577 3267 861 3327 Leichenbegängnis
881 3272 983 3332 konnte
1007 3275 1081 3335 nicht

152 3300 173 3360 im
221 3300 316 3360 vollem
360 3303 519 3363 Ausmaße
550 3306 727 3366 entsprochen
767 3309 896 3369 werden.
922 3312 1013 3372 Schon
1052 3313 1073 3373 in

153 3338 201 3398 den
228 3340 475 3400 Morgenstunden
510 3343 585 3403 hatte
612 3344 655 3404 sich
687 3345 752 3405 eine
779 3350 867 3410 große
898 3350 973 3410 Zahl
1000 3349 1079 3409 Leid¬

154 3377 308 3437 tragender
345 3380 366 3440 im
415 3383 627 3443 Trauerhause
654 3386 870 3446 eingefunden.
897 3389 955 3449 Die
986 3391 1078 3451 Leiche

151 3416 212 3476 war
245 3419 267 3479 im
315 3421 543 3481 Schlafzimmer
571 3423 618 3483 des
651 3424 781 3484 Dichters
814 3428 1005 3488 aufgebahrt.
1029 3434 1070 3494 Zu

153 3457 252 3517 Füßen
285 3458 334 3518 des
367 3461 484 3521 Sarges
517 3463 598 3523 lagen
635 3464 707 3524 zwei
735 3467 867 3527 Kränze.
895 3468 990 3528 Eines
1022 3470 1072 3530 von

151 3497 228 3557 ihnen
270 3497 306 3557 ist
338 3500 388 3560 vom
439 3503 741 3563 Burgtheater
778 3508 947 3568 gewidmte.
975 3509 1070 3569 Gegen

152 3536 214 3596 halb
245 3535 275 3595 12
303 3538 364 3598 Uhr
391 3540 550 3600 pormittag
581 3542 682 3602 wurde
709 3544 753 3604 der
781 3547 926 3607 einfache,
944 3547 997 3607 aus
1024 3547 1081 3607 un¬

154 3577 331 3637 gehobeleten
364 3580 499 3640 Brettern
532 3580 695 3640 bestehende
719 3586 803 3646 Sarg
831 3587 990 3647 geschlossen
1023 3588 1073 3648 und

152 3614 205 3674 auf
227 3618 275 3678 den
311 3619 359 3679 von
391 3619 439 3679 der
467 3620 625 3680 Gemeinde
656 3624 842 3684 beigestellten
873 3628 1076 3688 Leichenfpur¬

154 3660 198 3720 gon
235 3658 375 3718 gehoben.
399 3661 457 3721 Der
480 3661 652 3721 Leichenzug
680 3664 802 3724 bewegte
829 3667 870 3727 sich
902 3667 933 3727 am
975 3670 1074 3730 Burg¬

154 3697 254 3757 theater
286 3697 414 3757 vorüber
442 3698 492 3758 auf
515 3701 565 3761 den
598 3703 872 3763 Zentralfriedhof.
891 3706 973 3766 Dort
1001 3709 1078 3769 hatte

146 3735 184 3795 sich
219 3737 283 3797 eine
314 3738 404 3798 große
435 3741 711 3801 Trauergemeinde
742 3744 953 3804 eingefunden.
979 3747 1074 3807 Ober¬

154 3774 287 3834 rabbiner
314 3778 421 3838 Fischer
448 3780 616 3840 verrichtete
643 3780 687 3840 ein
719 3783 798 3843 kuzes
826 3783 922 3843 Gebet
945 3786 998 3846 und
1030 3786 1074 3846 der

144 3815 220 3875 erste
249 3819 383 3879 Kantor,
407 3819 507 3879 Groß,
536 3820 708 3880 zelebrierte
742 3823 785 3883 die
824 3826 1063 3886 Trauergesänge

157 3930 227 3990 Nach
254 3932 297 3992 der
325 3935 607 3995 Trauerzeremonie
635 3938 758 3998 erfolgte
781 3938 825 3998 die
852 3941 1015 4001 Beisetzung
1046 3942 1068 4002 in

157 3968 200 4028 dem
243 3971 290 4031 von
321 3973 367 4033 der
394 3974 591 4034 israelitischen
626 3979 888 4039 Kultusgemeinde
918 3982 1077 4042 gestifteter:

158 4010 350 4070 Ehrengrab.

1413 300 1543 360 box
1620 303 1804 363 44/2

1524 855 1694 915 Artur
1735 856 2061 916 Schnitzlers
2109 857 2577 917 Arbeitszimmer

1543 2100 1574 2160 in
1605 2103 1704 2163 seiner
1729 2100 1815 2160 Villa
1847 2100 1877 2160 in
1909 2100 1958 2160 der
1990 2100 2306 2160 Sternwartestraße
2332 2100 2362 2160 in
2394 2100 2573 2160 Währing.

2542 2249 2599 2309 o
2681 2220 2819 2280 e
2861 2187 3039 2247 doe

1913 2264 1929 2324 2
1965 2264 1982 2324 4
2026 2272 2156 2332 UKT.
2183 2272 2278 2332 1937

1861 2693 2126 2753 OBS

2251 2694 2573 2754 ERVER

1952 2747 1974 2807 I.
1989 2747 2105 2807 österr.
2120 2747 2264 2807 behördl.
2279 2753 2578 2813 konzessioniertes

1905 2788 2137 2848 Unternehmen
2171 2791 2217 2851 für
2241 2793 2628 2853 Zeitungs-Ausschnitte

1956 2847 2105 2907 WIEN,
2134 2850 2176 2910 I.,
2206 2854 2483 2914 WOLLZEILE
2534 2855 2576 2915 11

2051 2902 2268 2962 TELEPHON
2303 2904 2476 2964 R-23-0-43

1846 3041 2072 3101 Ausschnitt
2097 3044 2185 3104 aus:

2199 3133 2212 3193 D
2242 3139 2283 3199 Oe
2313 3165 2555 3225 lageseitug
2585 3195 2683 3255 Mien

1846 3265 1955 3325 vom:
2032 3272 2057 3332 2
2091 3275 2141 3335 4.
2159 3282 2285 3342 OKT.
2303 3282 2395 3342 1931

1970 3371 2107 3431 Epilog
2160 3374 2221 3434 für
2248 3377 2412 3437 Arthur
2438 3377 2665 3437 Schnitzler,

1806 3436 1879 3496 Noch
1921 3440 1948 3500 in
1989 3441 2042 3501 der
2084 3443 2185 3503 letzten
2226 3448 2294 3508 Zeit
2328 3449 2388 3509 hat
2424 3451 2544 3511 Arthur
2580 3455 2755 3515 Schnitzler
2790 3458 2850 3518 sein

1768 3485 1934 3545 Judentum
1981 3490 2107 3550 deutlich
2143 3494 2292 3554 bekannt.
2315 3497 2361 3557 Er
2385 3497 2442 3557 hat
2472 3500 2610 3560 erklärt:
2639 3503 2713 3563 „Die
2743 3506 2846 3566 Juden

1763 3532 1884 3592 werden
1920 3535 1988 3595 stets
2018 3540 2139 3600 anders
2169 3541 2226 3601 sein
2256 3541 2319 3601 und
2348 3545 2470 3605 werden
2505 3547 2574 3607 stets
2604 3550 2638 3610 an
2673 3552 2725 3612 der
2755 3553 2858 3613 Spitze

1764 3582 1973 3642 menschlicher
1998 3588 2160 3648 Tätigkeit
2185 3590 2406 3650 marschieren;
2431 3595 2466 3655 sie
2497 3597 2611 3657 müssen
2642 3600 2713 3660 stets
2738 3601 2767 3661 in
2798 3602 2851 3662 der

1761 3628 1964 3688 Minderheit
1999 3634 2083 3694 sein.
2112 3635 2167 3695 Die
2203 3637 2309 3697 Juden
2349 3641 2473 3701 werden
2513 3646 2609 3706 daher
2644 3649 2857 3709 unvermeid¬

1756 3678 1944 3738 licherweise
1969 3682 2045 3742 stets
2075 3685 2193 3745 gehaßt
2217 3685 2358 3745 werdene
2382 3688 2441 3748 Die
2465 3691 2612 3751 Christen
2643 3696 2748 3756 hoffen
2784 3700 2848 3760 uns

1759 3723 1847 3783 durch
1877 3728 1941 3788 ihre
1971 3730 2171 3790 Verachtung
2207 3733 2236 3793 zu
2266 3736 2465 3796 vernichten.
2490 3739 2530 3799 In
2566 3744 2772 3804 Wirklichkeit
2802 3748 2848 3808 be¬

1756 3773 1850 3833 wirkt
1874 3774 1945 3834 ihre
1975 3778 2193 3838 Verachtung,
2217 3782 2271 3842 daß
2307 3783 2365 3843 wir
2390 3789 2567 3849 gedeihen,
2591 3792 2661 3852 denn
2703 3793 2756 3853 nie
2786 3797 2844 3857 sind

1756 3819 1813 3879 wir
1843 3822 1946 3882 Juden
1987 3825 2050 3885 uns
2086 3828 2218 3888 unserer
2247 3830 2339 3890 Rasse
2374 3834 2460 3894 mehr
2496 3837 2640 3897 bewußt,
2669 3841 2715 3901 als
2750 3845 2836 3905 wenn

1757 3865 1814 3925 wir
1849 3872 1957 3932 sehen,
1983 3876 2041 3936 daß
2075 3876 2141 3936 man
2176 3879 2217 3939 sie
2243 3879 2350 3939 haßt."
