<?xml version="1.0" encoding="UTF-8" standalone="yes"?>
<PcGts xmlns="http://schema.primaresearch.org/PAGE/gts/pagecontent/2013-07-15" xmlns:xsi="http://www.w3.org/2001/XMLSchema-instance" xsi:schemaLocation="http://schema.primaresearch.org/PAGE/gts/pagecontent/2013-07-15 http://schema.primaresearch.org/PAGE/gts/pagecontent/2013-07-15/pagecontent.xsd">
    <Metadata>
        <Creator>prov=READ-COOP:name=PyLaia@TranskribusPlatform:version=2.12.1:model_id=39995:lm=none:date=09_04_2024_22:49</Creator>
        <Created>2019-10-07T20:37:38.624+02:00</Created>
        <LastChange>2024-04-09T22:49:08.391+02:00</LastChange>
        <TranskribusMetadata docId="224459" pageId="9580442" pageNr="81" tsid="157629661" status="IN_PROGRESS" userId="64420" imgUrl="https://files.transkribus.eu/Get?id=EJULZSGAZGIIJMDSKKXIPTAA&amp;fileType=view" xmlUrl="https://files.transkribus.eu/Get?id=DHVIZQUNMSEBXRWMKNIWOCEZ" imageId="6208650"/>
    </Metadata>
    <Page imageFilename="224459_0081.jpeg" imageWidth="3344" imageHeight="4320">
        <ReadingOrder>
            <OrderedGroup id="ro_1712938066052" caption="Regions reading order">
                <RegionRefIndexed index="0" regionRef="tr_1"/>
            </OrderedGroup>
        </ReadingOrder>
        <TextRegion orientation="0.0" id="tr_1" custom="readingOrder {index:0;}">
            <Coords points="158,97 158,4101 3110,4101 3110,97"/>
            <TextLine id="tr_1_tl_1" custom="readingOrder {index:0;}">
                <Coords points="807,132 1838,136 1838,59 917,77 807,51"/>
                <Baseline points="829,119 882,122 936,122 989,120 1043,119 1097,122 1150,119 1204,121 1258,121 1311,122 1365,119 1418,119 1472,119 1526,119 1579,121 1633,119 1687,119 1740,119 1794,119 1848,119"/>
                <TextEquiv>
                    <Unicode></Unicode>
                </TextEquiv>
            </TextLine>
            <TextLine id="tr_1_tl_2" custom="readingOrder {index:1;}">
                <Coords points="2014,158 2634,150 2634,106 2176,106 2121,62 2014,73"/>
                <Baseline points="2033,140 2063,140 2093,140 2124,140 2154,140 2185,140 2215,140 2246,140 2276,140 2307,140 2337,140 2367,139 2398,137 2428,139 2459,140 2489,139 2520,137 2550,137 2581,138 2611,140 2642,140"/>
                <TextEquiv>
                    <Unicode></Unicode>
                </TextEquiv>
            </TextLine>
            <TextLine id="tr_1_tl_3" custom="readingOrder {index:2;}">
                <Coords points="187,180 690,172 690,99 660,92 473,92 451,114 330,128 187,117"/>
                <Baseline points="208,161 233,161 259,161 285,161 311,161 336,161 362,162 388,164 414,162 440,161 465,161 491,161 517,161 543,161 569,161 594,161 620,161 646,161 672,162 698,164"/>
                <Word id="tr_1_tl_3_w1" custom="readingOrder {index:0;}">
                    <Coords points="197,121 197,181 305,181 305,121"/>
                    <TextEquiv>
                        <Unicode>ahren</Unicode>
                    </TextEquiv>
                </Word>
                <Word id="tr_1_tl_3_w2" custom="readingOrder {index:1;}">
                    <Coords points="347,123 347,183 425,183 425,123"/>
                    <TextEquiv>
                        <Unicode>über</Unicode>
                    </TextEquiv>
                </Word>
                <Word id="tr_1_tl_3_w3" custom="readingOrder {index:2;}">
                    <Coords points="458,121 458,181 657,181 657,121"/>
                    <TextEquiv>
                        <Unicode>verschieden</Unicode>
                    </TextEquiv>
                </Word>
                <TextEquiv>
                    <Unicode>ahren über verschieden</Unicode>
                </TextEquiv>
            </TextLine>
            <TextLine id="tr_1_tl_4" custom="readingOrder {index:3;}">
                <Coords points="715,180 1893,180 1893,132 1853,128 715,132"/>
                <Baseline points="734,167 792,168 850,172 909,173 967,172 1025,170 1084,170 1142,170 1200,170 1259,170 1317,167 1375,166 1434,168 1492,170 1550,169 1609,167 1667,167 1725,170 1784,168 1842,168 1901,167"/>
                <Word id="tr_1_tl_4_w1" custom="readingOrder {index:0;}">
                    <Coords points="719,127 719,187 747,187 747,127"/>
                    <TextEquiv>
                        <Unicode>in</Unicode>
                    </TextEquiv>
                </Word>
                <Word id="tr_1_tl_4_w2" custom="readingOrder {index:1;}">
                    <Coords points="786,129 786,189 838,189 838,129"/>
                    <TextEquiv>
                        <Unicode>der</Unicode>
                    </TextEquiv>
                </Word>
                <Word id="tr_1_tl_4_w3" custom="readingOrder {index:2;}">
                    <Coords points="867,132 867,192 1053,192 1053,132"/>
                    <TextEquiv>
                        <Unicode>„Deutschen</Unicode>
                    </TextEquiv>
                </Word>
                <Word id="tr_1_tl_4_w4" custom="readingOrder {index:3;}">
                    <Coords points="1092,130 1092,190 1346,190 1346,130"/>
                    <TextEquiv>
                        <Unicode>Wochenschrift"</Unicode>
                    </TextEquiv>
                </Word>
                <Word id="tr_1_tl_4_w5" custom="readingOrder {index:4;}">
                    <Coords points="1380,126 1380,186 1403,186 1403,126"/>
                    <TextEquiv>
                        <Unicode>im</Unicode>
                    </TextEquiv>
                </Word>
                <Word id="tr_1_tl_4_w6" custom="readingOrder {index:5;}">
                    <Coords points="1447,129 1447,189 1557,189 1557,129"/>
                    <TextEquiv>
                        <Unicode>Jahre</Unicode>
                    </TextEquiv>
                </Word>
                <Word id="tr_1_tl_4_w7" custom="readingOrder {index:6;}">
                    <Coords points="1586,127 1586,187 1652,187 1652,127"/>
                    <TextEquiv>
                        <Unicode>1886</Unicode>
                    </TextEquiv>
                </Word>
                <Word id="tr_1_tl_4_w8" custom="readingOrder {index:7;}">
                    <Coords points="1691,129 1691,189 1748,189 1748,129"/>
                    <TextEquiv>
                        <Unicode>und</Unicode>
                    </TextEquiv>
                </Word>
                <Word id="tr_1_tl_4_w9" custom="readingOrder {index:8;}">
                    <Coords points="1782,128 1782,188 1806,188 1806,128"/>
                    <TextEquiv>
                        <Unicode>in</Unicode>
                    </TextEquiv>
                </Word>
                <Word id="tr_1_tl_4_w10" custom="readingOrder {index:9;}">
                    <Coords points="1845,127 1845,187 1892,187 1892,127"/>
                    <TextEquiv>
                        <Unicode>der</Unicode>
                    </TextEquiv>
                </Word>
                <TextEquiv>
                    <Unicode>in der „Deutschen Wochenschrift" im Jahre 1886 und in der</Unicode>
                </TextEquiv>
            </TextLine>
            <TextLine id="tr_1_tl_5" custom="readingOrder {index:4;}">
                <Coords points="1922,198 3093,198 3093,150 1922,147"/>
                <Baseline points="1943,185 2000,188 2058,188 2116,188 2174,187 2231,187 2289,185 2347,188 2405,188 2462,188 2520,188 2578,188 2636,186 2693,188 2751,186 2809,186 2867,187 2924,188 2982,188 3040,188 3098,182"/>
                <Word id="tr_1_tl_5_w1" custom="readingOrder {index:0;}">
                    <Coords points="1925,146 1925,206 2017,206 2017,146"/>
                    <TextEquiv>
                        <Unicode>besten</Unicode>
                    </TextEquiv>
                </Word>
                <Word id="tr_1_tl_5_w2" custom="readingOrder {index:1;}">
                    <Coords points="2053,147 2053,207 2180,207 2180,147"/>
                    <TextEquiv>
                        <Unicode>Kenner</Unicode>
                    </TextEquiv>
                </Word>
                <Word id="tr_1_tl_5_w3" custom="readingOrder {index:2;}">
                    <Coords points="2216,146 2216,206 2268,206 2268,146"/>
                    <TextEquiv>
                        <Unicode>der</Unicode>
                    </TextEquiv>
                </Word>
                <Word id="tr_1_tl_5_w4" custom="readingOrder {index:3;}">
                    <Coords points="2299,148 2299,208 2630,208 2630,148"/>
                    <TextEquiv>
                        <Unicode>Schauspielerpsyche</Unicode>
                    </TextEquiv>
                </Word>
                <Word id="tr_1_tl_5_w5" custom="readingOrder {index:4;}">
                    <Coords points="2665,147 2665,207 2727,207 2727,147"/>
                    <TextEquiv>
                        <Unicode>und</Unicode>
                    </TextEquiv>
                </Word>
                <Word id="tr_1_tl_5_w6" custom="readingOrder {index:5;}">
                    <Coords points="2762,146 2762,206 2810,206 2810,146"/>
                    <TextEquiv>
                        <Unicode>des</Unicode>
                    </TextEquiv>
                </Word>
                <Word id="tr_1_tl_5_w7" custom="readingOrder {index:6;}">
                    <Coords points="2846,148 2846,208 3088,208 3088,148"/>
                    <TextEquiv>
                        <Unicode>Darstellungs¬</Unicode>
                    </TextEquiv>
                </Word>
                <TextEquiv>
                    <Unicode>besten Kenner der Schauspielerpsyche und des Darstellungs¬</Unicode>
                </TextEquiv>
            </TextLine>
            <TextLine id="tr_1_tl_6" custom="readingOrder {index:5;}">
                <Coords points="183,231 686,224 686,172 653,169 591,183 536,169 462,180 448,165 407,180 183,183"/>
                <Baseline points="203,217 228,215 254,214 280,214 306,214 332,214 358,213 384,211 410,211 436,212 461,213 487,214 513,214 539,214 565,214 591,216 617,217 643,217 669,216 695,214"/>
                <Word id="tr_1_tl_6_w1" custom="readingOrder {index:0;}">
                    <Coords points="184,174 184,234 327,234 327,174"/>
                    <TextEquiv>
                        <Unicode>ztlicher</Unicode>
                    </TextEquiv>
                </Word>
                <Word id="tr_1_tl_6_w2" custom="readingOrder {index:1;}">
                    <Coords points="356,173 356,233 600,233 600,173"/>
                    <TextEquiv>
                        <Unicode>Behandlung</Unicode>
                    </TextEquiv>
                </Word>
                <Word id="tr_1_tl_6_w3" custom="readingOrder {index:2;}">
                    <Coords points="634,176 634,236 689,236 689,176"/>
                    <TextEquiv>
                        <Unicode>ge¬</Unicode>
                    </TextEquiv>
                </Word>
                <TextEquiv>
                    <Unicode>ztlicher Behandlung ge¬</Unicode>
                </TextEquiv>
            </TextLine>
            <TextLine id="tr_1_tl_7" custom="readingOrder {index:6;}">
                <Coords points="719,227 1882,224 1882,183 1768,169 719,180"/>
                <Baseline points="740,220 797,215 855,217 912,217 970,217 1028,215 1085,214 1143,216 1200,216 1258,214 1316,214 1373,214 1431,214 1488,211 1546,214 1604,214 1661,214 1719,214 1776,214 1834,214 1892,211"/>
                <Word id="tr_1_tl_7_w1" custom="readingOrder {index:0;}">
                    <Coords points="713,175 713,235 896,235 896,175"/>
                    <TextEquiv>
                        <Unicode>Zeitschrift</Unicode>
                    </TextEquiv>
                </Word>
                <Word id="tr_1_tl_7_w2" custom="readingOrder {index:1;}">
                    <Coords points="951,176 951,236 1020,236 1020,176"/>
                    <TextEquiv>
                        <Unicode>„An</Unicode>
                    </TextEquiv>
                </Word>
                <Word id="tr_1_tl_7_w3" custom="readingOrder {index:2;}">
                    <Coords points="1070,174 1070,234 1119,234 1119,174"/>
                    <TextEquiv>
                        <Unicode>der</Unicode>
                    </TextEquiv>
                </Word>
                <Word id="tr_1_tl_7_w4" custom="readingOrder {index:3;}">
                    <Coords points="1164,175 1164,235 1287,235 1287,175"/>
                    <TextEquiv>
                        <Unicode>schönen</Unicode>
                    </TextEquiv>
                </Word>
                <Word id="tr_1_tl_7_w5" custom="readingOrder {index:4;}">
                    <Coords points="1332,174 1332,234 1450,234 1450,174"/>
                    <TextEquiv>
                        <Unicode>blauen</Unicode>
                    </TextEquiv>
                </Word>
                <Word id="tr_1_tl_7_w6" custom="readingOrder {index:5;}">
                    <Coords points="1496,174 1496,234 1638,234 1638,174"/>
                    <TextEquiv>
                        <Unicode>Donau"</Unicode>
                    </TextEquiv>
                </Word>
                <Word id="tr_1_tl_7_w7" custom="readingOrder {index:6;}">
                    <Coords points="1684,174 1684,234 1797,234 1797,174"/>
                    <TextEquiv>
                        <Unicode>(1889),</Unicode>
                    </TextEquiv>
                </Word>
                <Word id="tr_1_tl_7_w8" custom="readingOrder {index:7;}">
                    <Coords points="1832,172 1832,232 1886,232 1886,172"/>
                    <TextEquiv>
                        <Unicode>der</Unicode>
                    </TextEquiv>
                </Word>
                <TextEquiv>
                    <Unicode>Zeitschrift „An der schönen blauen Donau" (1889), der</Unicode>
                </TextEquiv>
            </TextLine>
            <TextLine id="tr_1_tl_8" custom="readingOrder {index:7;}">
                <Coords points="1926,242 3082,242 3082,198 3030,194 1926,198"/>
                <Baseline points="1946,235 2003,235 2060,235 2117,232 2175,232 2232,232 2289,235 2347,232 2404,230 2461,232 2519,232 2576,232 2633,232 2690,232 2748,233 2805,233 2862,232 2920,232 2977,232 3034,232 3092,229"/>
                <Word id="tr_1_tl_8_w1" custom="readingOrder {index:0;}">
                    <Coords points="1925,195 1925,255 2008,255 2008,195"/>
                    <TextEquiv>
                        <Unicode>stils,</Unicode>
                    </TextEquiv>
                </Word>
                <Word id="tr_1_tl_8_w2" custom="readingOrder {index:1;}">
                    <Coords points="2032,195 2032,255 2087,255 2087,195"/>
                    <TextEquiv>
                        <Unicode>und</Unicode>
                    </TextEquiv>
                </Word>
                <Word id="tr_1_tl_8_w3" custom="readingOrder {index:2;}">
                    <Coords points="2116,192 2116,252 2143,252 2143,192"/>
                    <TextEquiv>
                        <Unicode>so</Unicode>
                    </TextEquiv>
                </Word>
                <Word id="tr_1_tl_8_w4" custom="readingOrder {index:3;}">
                    <Coords points="2176,192 2176,252 2242,252 2242,192"/>
                    <TextEquiv>
                        <Unicode>war</Unicode>
                    </TextEquiv>
                </Word>
                <Word id="tr_1_tl_8_w5" custom="readingOrder {index:4;}">
                    <Coords points="2265,194 2265,254 2316,254 2316,194"/>
                    <TextEquiv>
                        <Unicode>es,</Unicode>
                    </TextEquiv>
                </Word>
                <Word id="tr_1_tl_8_w6" custom="readingOrder {index:5;}">
                    <Coords points="2335,190 2335,250 2465,250 2465,190"/>
                    <TextEquiv>
                        <Unicode>trotzdem</Unicode>
                    </TextEquiv>
                </Word>
                <Word id="tr_1_tl_8_w7" custom="readingOrder {index:6;}">
                    <Coords points="2504,192 2504,252 2536,252 2536,192"/>
                    <TextEquiv>
                        <Unicode>es</Unicode>
                    </TextEquiv>
                </Word>
                <Word id="tr_1_tl_8_w8" custom="readingOrder {index:7;}">
                    <Coords points="2564,192 2564,252 2615,252 2615,192"/>
                    <TextEquiv>
                        <Unicode>für</Unicode>
                    </TextEquiv>
                </Word>
                <Word id="tr_1_tl_8_w9" custom="readingOrder {index:8;}">
                    <Coords points="2643,192 2643,252 2689,252 2689,192"/>
                    <TextEquiv>
                        <Unicode>den</Unicode>
                    </TextEquiv>
                </Word>
                <Word id="tr_1_tl_8_w10" custom="readingOrder {index:9;}">
                    <Coords points="2722,192 2722,252 2890,252 2890,192"/>
                    <TextEquiv>
                        <Unicode>Regisseur</Unicode>
                    </TextEquiv>
                </Word>
                <Word id="tr_1_tl_8_w11" custom="readingOrder {index:10;}">
                    <Coords points="2919,192 2919,252 2974,252 2974,192"/>
                    <TextEquiv>
                        <Unicode>und</Unicode>
                    </TextEquiv>
                </Word>
                <Word id="tr_1_tl_8_w12" custom="readingOrder {index:11;}">
                    <Coords points="3002,191 3002,251 3072,251 3072,191"/>
                    <TextEquiv>
                        <Unicode>Dar</Unicode>
                    </TextEquiv>
                </Word>
                <TextEquiv>
                    <Unicode>stils, und so war es, trotzdem es für den Regisseur und Dar</Unicode>
                </TextEquiv>
            </TextLine>
            <TextLine id="tr_1_tl_9" custom="readingOrder {index:8;}">
                <Coords points="715,271 1889,268 1889,224 1831,220 715,227"/>
                <Baseline points="734,262 792,265 850,263 908,262 966,262 1025,262 1083,262 1141,262 1199,262 1257,262 1316,262 1374,262 1432,260 1490,262 1548,262 1607,262 1665,262 1723,262 1781,259 1839,261 1898,265"/>
                <Word id="tr_1_tl_9_w1" custom="readingOrder {index:0;}">
                    <Coords points="719,224 719,284 919,284 919,224"/>
                    <TextEquiv>
                        <Unicode>kommenden</Unicode>
                    </TextEquiv>
                </Word>
                <Word id="tr_1_tl_9_w2" custom="readingOrder {index:1;}">
                    <Coords points="954,222 954,282 1087,282 1087,222"/>
                    <TextEquiv>
                        <Unicode>Meister</Unicode>
                    </TextEquiv>
                </Word>
                <Word id="tr_1_tl_9_w3" custom="readingOrder {index:2;}">
                    <Coords points="1112,222 1112,282 1231,282 1231,222"/>
                    <TextEquiv>
                        <Unicode>verriet</Unicode>
                    </TextEquiv>
                </Word>
                <Word id="tr_1_tl_9_w4" custom="readingOrder {index:3;}">
                    <Coords points="1256,222 1256,282 1356,282 1356,222"/>
                    <TextEquiv>
                        <Unicode>zuerst</Unicode>
                    </TextEquiv>
                </Word>
                <Word id="tr_1_tl_9_w5" custom="readingOrder {index:4;}">
                    <Coords points="1380,221 1380,281 1423,281 1423,221"/>
                    <TextEquiv>
                        <Unicode>die</Unicode>
                    </TextEquiv>
                </Word>
                <Word id="tr_1_tl_9_w6" custom="readingOrder {index:5;}">
                    <Coords points="1467,222 1467,282 1682,282 1682,222"/>
                    <TextEquiv>
                        <Unicode>Dialogreihe</Unicode>
                    </TextEquiv>
                </Word>
                <Word id="tr_1_tl_9_w7" custom="readingOrder {index:6;}">
                    <Coords points="1726,219 1726,279 1883,279 1883,219"/>
                    <TextEquiv>
                        <Unicode>„Anatol"</Unicode>
                    </TextEquiv>
                </Word>
                <TextEquiv>
                    <Unicode>kommenden Meister verriet zuerst die Dialogreihe „Anatol"</Unicode>
                </TextEquiv>
            </TextLine>
            <TextLine id="tr_1_tl_10" custom="readingOrder {index:9;}">
                <Coords points="180,282 246,268 411,286 594,268 690,279 690,224 649,231 631,216 594,235 521,220 180,235"/>
                <Baseline points="200,268 226,266 252,265 278,265 304,265 331,265 357,267 383,268 409,268 435,268 462,268 488,267 514,265 540,265 566,264 593,263 619,262 645,262 671,264 698,268"/>
                <Word id="tr_1_tl_10_w1" custom="readingOrder {index:0;}">
                    <Coords points="181,227 181,287 227,287 227,227"/>
                    <TextEquiv>
                        <Unicode>ser</Unicode>
                    </TextEquiv>
                </Word>
                <Word id="tr_1_tl_10_w2" custom="readingOrder {index:1;}">
                    <Coords points="257,225 257,285 367,285 367,225"/>
                    <TextEquiv>
                        <Unicode>letzten</Unicode>
                    </TextEquiv>
                </Word>
                <Word id="tr_1_tl_10_w3" custom="readingOrder {index:2;}">
                    <Coords points="408,228 408,288 489,288 489,228"/>
                    <TextEquiv>
                        <Unicode>Zeit</Unicode>
                    </TextEquiv>
                </Word>
                <Word id="tr_1_tl_10_w4" custom="readingOrder {index:3;}">
                    <Coords points="512,224 512,284 576,284 576,224"/>
                    <TextEquiv>
                        <Unicode>das</Unicode>
                    </TextEquiv>
                </Word>
                <Word id="tr_1_tl_10_w5" custom="readingOrder {index:4;}">
                    <Coords points="606,222 606,282 675,282 675,222"/>
                    <TextEquiv>
                        <Unicode>Bet</Unicode>
                    </TextEquiv>
                </Word>
                <TextEquiv>
                    <Unicode>ser letzten Zeit das Bet</Unicode>
                </TextEquiv>
            </TextLine>
            <TextLine id="tr_1_tl_11" custom="readingOrder {index:10;}">
                <Coords points="1922,297 3093,290 3093,242 3001,238 1922,246"/>
                <Baseline points="1943,283 2000,280 2058,280 2116,280 2174,280 2232,280 2290,280 2348,280 2406,280 2464,280 2522,280 2579,280 2637,280 2695,280 2753,280 2811,280 2869,278 2927,277 2985,277 3043,279 3101,280"/>
                <Word id="tr_1_tl_11_w1" custom="readingOrder {index:0;}">
                    <Coords points="1921,241 1921,301 2018,301 2018,241"/>
                    <TextEquiv>
                        <Unicode>steller</Unicode>
                    </TextEquiv>
                </Word>
                <Word id="tr_1_tl_11_w2" custom="readingOrder {index:1;}">
                    <Coords points="2052,240 2052,300 2131,300 2131,240"/>
                    <TextEquiv>
                        <Unicode>nicht</Unicode>
                    </TextEquiv>
                </Word>
                <Word id="tr_1_tl_11_w3" custom="readingOrder {index:2;}">
                    <Coords points="2160,240 2160,300 2272,300 2272,240"/>
                    <TextEquiv>
                        <Unicode>immer</Unicode>
                    </TextEquiv>
                </Word>
                <Word id="tr_1_tl_11_w4" custom="readingOrder {index:3;}">
                    <Coords points="2300,240 2300,300 2389,300 2389,240"/>
                    <TextEquiv>
                        <Unicode>leicht</Unicode>
                    </TextEquiv>
                </Word>
                <Word id="tr_1_tl_11_w5" custom="readingOrder {index:4;}">
                    <Coords points="2418,240 2418,300 2501,300 2501,240"/>
                    <TextEquiv>
                        <Unicode>war,</Unicode>
                    </TextEquiv>
                </Word>
                <Word id="tr_1_tl_11_w6" custom="readingOrder {index:5;}">
                    <Coords points="2521,240 2521,300 2618,300 2618,240"/>
                    <TextEquiv>
                        <Unicode>seinen</Unicode>
                    </TextEquiv>
                </Word>
                <Word id="tr_1_tl_11_w7" custom="readingOrder {index:6;}">
                    <Coords points="2652,240 2652,300 2872,300 2872,240"/>
                    <TextEquiv>
                        <Unicode>Intentionen</Unicode>
                    </TextEquiv>
                </Word>
                <Word id="tr_1_tl_11_w8" custom="readingOrder {index:7;}">
                    <Coords points="2910,237 2910,297 3026,297 3026,237"/>
                    <TextEquiv>
                        <Unicode>gerecht</Unicode>
                    </TextEquiv>
                </Word>
                <Word id="tr_1_tl_11_w9" custom="readingOrder {index:8;}">
                    <Coords points="3055,239 3055,299 3083,299 3083,239"/>
                    <TextEquiv>
                        <Unicode>zu</Unicode>
                    </TextEquiv>
                </Word>
                <TextEquiv>
                    <Unicode>steller nicht immer leicht war, seinen Intentionen gerecht zu</Unicode>
                </TextEquiv>
            </TextLine>
            <TextLine id="tr_1_tl_12" custom="readingOrder {index:11;}">
                <Coords points="712,319 1886,319 1886,268 712,271"/>
                <Baseline points="731,313 789,313 847,313 905,310 963,310 1022,310 1080,310 1138,310 1196,310 1254,310 1313,310 1371,310 1429,310 1487,307 1545,310 1604,310 1662,310 1720,307 1778,307 1836,307 1895,304"/>
                <Word id="tr_1_tl_12_w1" custom="readingOrder {index:0;}">
                    <Coords points="717,273 717,333 801,333 801,273"/>
                    <TextEquiv>
                        <Unicode>dann</Unicode>
                    </TextEquiv>
                </Word>
                <Word id="tr_1_tl_12_w2" custom="readingOrder {index:1;}">
                    <Coords points="837,272 837,332 882,332 882,272"/>
                    <TextEquiv>
                        <Unicode>kam</Unicode>
                    </TextEquiv>
                </Word>
                <Word id="tr_1_tl_12_w3" custom="readingOrder {index:2;}">
                    <Coords points="933,270 933,330 997,330 997,270"/>
                    <TextEquiv>
                        <Unicode>1893</Unicode>
                    </TextEquiv>
                </Word>
                <Word id="tr_1_tl_12_w4" custom="readingOrder {index:3;}">
                    <Coords points="1029,270 1029,330 1114,330 1114,270"/>
                    <TextEquiv>
                        <Unicode>„Das</Unicode>
                    </TextEquiv>
                </Word>
                <Word id="tr_1_tl_12_w5" custom="readingOrder {index:4;}">
                    <Coords points="1145,270 1145,330 1336,330 1336,270"/>
                    <TextEquiv>
                        <Unicode>Märchen",</Unicode>
                    </TextEquiv>
                </Word>
                <Word id="tr_1_tl_12_w6" custom="readingOrder {index:5;}">
                    <Coords points="1356,270 1356,330 1411,330 1411,270"/>
                    <TextEquiv>
                        <Unicode>das</Unicode>
                    </TextEquiv>
                </Word>
                <Word id="tr_1_tl_12_w7" custom="readingOrder {index:6;}">
                    <Coords points="1437,268 1437,328 1481,328 1481,268"/>
                    <TextEquiv>
                        <Unicode>die</Unicode>
                    </TextEquiv>
                </Word>
                <Word id="tr_1_tl_12_w8" custom="readingOrder {index:7;}">
                    <Coords points="1512,270 1512,330 1582,330 1582,270"/>
                    <TextEquiv>
                        <Unicode>erste</Unicode>
                    </TextEquiv>
                </Word>
                <Word id="tr_1_tl_12_w9" custom="readingOrder {index:8;}">
                    <Coords points="1613,267 1613,327 1789,327 1789,267"/>
                    <TextEquiv>
                        <Unicode>öffentliche</Unicode>
                    </TextEquiv>
                </Word>
                <Word id="tr_1_tl_12_w10" custom="readingOrder {index:9;}">
                    <Coords points="1814,266 1814,326 1879,326 1879,266"/>
                    <TextEquiv>
                        <Unicode>Auf</Unicode>
                    </TextEquiv>
                </Word>
                <TextEquiv>
                    <Unicode>dann kam 1893 „Das Märchen", das die erste öffentliche Auf</Unicode>
                </TextEquiv>
            </TextLine>
            <TextLine id="tr_1_tl_13" custom="readingOrder {index:12;}">
                <Coords points="176,341 235,330 275,352 312,327 686,338 686,279 660,275 242,271 176,286"/>
                <Baseline points="197,316 223,316 249,317 275,318 301,319 328,319 354,321 380,322 406,320 432,320 459,322 485,321 511,319 537,319 563,319 590,319 616,319 642,319 668,321 695,325"/>
                <Word id="tr_1_tl_13_w1" custom="readingOrder {index:0;}">
                    <Coords points="177,276 177,336 211,336 211,276"/>
                    <TextEquiv>
                        <Unicode>i</Unicode>
                    </TextEquiv>
                </Word>
                <Word id="tr_1_tl_13_w2" custom="readingOrder {index:1;}">
                    <Coords points="224,281 224,341 485,341 485,281"/>
                    <TextEquiv>
                        <Unicode>Enthaltungn</Unicode>
                    </TextEquiv>
                </Word>
                <Word id="tr_1_tl_13_w3" custom="readingOrder {index:2;}">
                    <Coords points="521,279 521,339 549,339 549,279"/>
                    <TextEquiv>
                        <Unicode>in</Unicode>
                    </TextEquiv>
                </Word>
                <Word id="tr_1_tl_13_w4" custom="readingOrder {index:3;}">
                    <Coords points="579,279 579,339 682,339 682,279"/>
                    <TextEquiv>
                        <Unicode>bezug</Unicode>
                    </TextEquiv>
                </Word>
                <TextEquiv>
                    <Unicode>i Enthaltungn in bezug</Unicode>
                </TextEquiv>
            </TextLine>
            <TextLine id="tr_1_tl_14" custom="readingOrder {index:13;}">
                <Coords points="1919,338 3089,334 3089,290 2975,286 1919,297"/>
                <Baseline points="1940,325 1997,326 2055,326 2113,328 2171,328 2229,328 2287,325 2345,325 2403,326 2461,328 2519,328 2576,328 2634,328 2692,325 2750,327 2808,325 2866,325 2924,325 2982,325 3040,325 3098,322"/>
                <Word id="tr_1_tl_14_w1" custom="readingOrder {index:0;}">
                    <Coords points="1922,285 1922,345 2063,345 2063,285"/>
                    <TextEquiv>
                        <Unicode>werden,</Unicode>
                    </TextEquiv>
                </Word>
                <Word id="tr_1_tl_14_w2" custom="readingOrder {index:1;}">
                    <Coords points="2086,287 2086,347 2127,347 2127,287"/>
                    <TextEquiv>
                        <Unicode>ein</Unicode>
                    </TextEquiv>
                </Word>
                <Word id="tr_1_tl_14_w3" custom="readingOrder {index:2;}">
                    <Coords points="2159,288 2159,348 2277,348 2277,288"/>
                    <TextEquiv>
                        <Unicode>großes</Unicode>
                    </TextEquiv>
                </Word>
                <Word id="tr_1_tl_14_w4" custom="readingOrder {index:3;}">
                    <Coords points="2305,286 2305,346 2523,346 2523,286"/>
                    <TextEquiv>
                        <Unicode>Vergnügen,</Unicode>
                    </TextEquiv>
                </Word>
                <Word id="tr_1_tl_14_w5" custom="readingOrder {index:4;}">
                    <Coords points="2542,288 2542,348 2601,348 2601,288"/>
                    <TextEquiv>
                        <Unicode>mit</Unicode>
                    </TextEquiv>
                </Word>
                <Word id="tr_1_tl_14_w6" custom="readingOrder {index:5;}">
                    <Coords points="2629,286 2629,346 2678,346 2678,286"/>
                    <TextEquiv>
                        <Unicode>ihm</Unicode>
                    </TextEquiv>
                </Word>
                <Word id="tr_1_tl_14_w7" custom="readingOrder {index:6;}">
                    <Coords points="2720,286 2720,346 2746,346 2746,286"/>
                    <TextEquiv>
                        <Unicode>zu</Unicode>
                    </TextEquiv>
                </Word>
                <Word id="tr_1_tl_14_w8" custom="readingOrder {index:7;}">
                    <Coords points="2783,285 2783,345 2920,345 2920,285"/>
                    <TextEquiv>
                        <Unicode>arbeiten</Unicode>
                    </TextEquiv>
                </Word>
                <Word id="tr_1_tl_14_w9" custom="readingOrder {index:8;}">
                    <Coords points="2957,285 2957,345 3029,345 3029,285"/>
                    <TextEquiv>
                        <Unicode>oder</Unicode>
                    </TextEquiv>
                </Word>
                <Word id="tr_1_tl_14_w10" custom="readingOrder {index:9;}">
                    <Coords points="3057,283 3057,343 3079,343 3079,283"/>
                    <TextEquiv>
                        <Unicode>in</Unicode>
                    </TextEquiv>
                </Word>
                <TextEquiv>
                    <Unicode>werden, ein großes Vergnügen, mit ihm zu arbeiten oder in</Unicode>
                </TextEquiv>
            </TextLine>
            <TextLine id="tr_1_tl_15" custom="readingOrder {index:14;}">
                <Coords points="719,367 1893,363 1856,316 719,319"/>
                <Baseline points="740,358 798,361 856,359 914,361 972,358 1030,358 1088,358 1146,358 1204,358 1262,358 1320,358 1378,355 1436,355 1494,355 1552,356 1610,357 1668,357 1726,355 1784,355 1842,355 1901,355"/>
                <Word id="tr_1_tl_15_w1" custom="readingOrder {index:0;}">
                    <Coords points="718,320 718,380 861,380 861,320"/>
                    <TextEquiv>
                        <Unicode>führung</Unicode>
                    </TextEquiv>
                </Word>
                <Word id="tr_1_tl_15_w2" custom="readingOrder {index:1;}">
                    <Coords points="895,318 895,378 1087,378 1087,318"/>
                    <TextEquiv>
                        <Unicode>verzeichnen</Unicode>
                    </TextEquiv>
                </Word>
                <Word id="tr_1_tl_15_w3" custom="readingOrder {index:2;}">
                    <Coords points="1121,318 1121,378 1250,378 1250,318"/>
                    <TextEquiv>
                        <Unicode>konnte.</Unicode>
                    </TextEquiv>
                </Word>
                <Word id="tr_1_tl_15_w4" custom="readingOrder {index:3;}">
                    <Coords points="1269,318 1269,378 1336,378 1336,318"/>
                    <TextEquiv>
                        <Unicode>1895</Unicode>
                    </TextEquiv>
                </Word>
                <Word id="tr_1_tl_15_w5" custom="readingOrder {index:4;}">
                    <Coords points="1365,315 1365,375 1413,375 1413,315"/>
                    <TextEquiv>
                        <Unicode>kam</Unicode>
                    </TextEquiv>
                </Word>
                <Word id="tr_1_tl_15_w6" custom="readingOrder {index:5;}">
                    <Coords points="1471,315 1471,375 1518,375 1518,315"/>
                    <TextEquiv>
                        <Unicode>die</Unicode>
                    </TextEquiv>
                </Word>
                <Word id="tr_1_tl_15_w7" custom="readingOrder {index:6;}">
                    <Coords points="1562,316 1562,376 1791,376 1791,316"/>
                    <TextEquiv>
                        <Unicode>Urauffühung</Unicode>
                    </TextEquiv>
                </Word>
                <Word id="tr_1_tl_15_w8" custom="readingOrder {index:7;}">
                    <Coords points="1845,315 1845,375 1892,375 1892,315"/>
                    <TextEquiv>
                        <Unicode>des</Unicode>
                    </TextEquiv>
                </Word>
                <TextEquiv>
                    <Unicode>führung verzeichnen konnte. 1895 kam die Urauffühung des</Unicode>
                </TextEquiv>
            </TextLine>
            <TextLine id="tr_1_tl_16" custom="readingOrder {index:15;}">
                <Coords points="172,385 242,389 286,371 312,389 415,396 470,382 693,389 693,338 646,330 440,341 316,327 271,349 172,327"/>
                <Baseline points="191,370 216,372 242,373 267,371 293,370 318,370 344,370 369,370 395,372 420,373 446,373 471,373 497,373 522,372 548,370 573,370 599,370 624,372 650,373 675,373 701,373"/>
                <Word id="tr_1_tl_16_w1" custom="readingOrder {index:0;}">
                    <Coords points="173,331 173,391 248,391 248,331"/>
                    <TextEquiv>
                        <Unicode>en.</Unicode>
                    </TextEquiv>
                </Word>
                <Word id="tr_1_tl_16_w2" custom="readingOrder {index:1;}">
                    <Coords points="295,330 295,390 446,390 446,330"/>
                    <TextEquiv>
                        <Unicode>Gestern</Unicode>
                    </TextEquiv>
                </Word>
                <Word id="tr_1_tl_16_w3" custom="readingOrder {index:2;}">
                    <Coords points="487,330 487,390 684,390 684,330"/>
                    <TextEquiv>
                        <Unicode>vormittag</Unicode>
                    </TextEquiv>
                </Word>
                <TextEquiv>
                    <Unicode>en. Gestern vormittag</Unicode>
                </TextEquiv>
            </TextLine>
            <TextLine id="tr_1_tl_17" custom="readingOrder {index:16;}">
                <Coords points="1919,389 3093,382 3093,330 3045,327 1919,334"/>
                <Baseline points="1940,376 1998,374 2056,374 2114,376 2172,374 2230,374 2288,373 2346,373 2404,373 2462,373 2520,373 2578,373 2636,373 2694,373 2752,373 2810,373 2868,373 2926,373 2984,373 3042,371 3101,367"/>
                <Word id="tr_1_tl_17_w1" custom="readingOrder {index:0;}">
                    <Coords points="1923,334 1923,394 2023,394 2023,334"/>
                    <TextEquiv>
                        <Unicode>seinem</Unicode>
                    </TextEquiv>
                </Word>
                <Word id="tr_1_tl_17_w2" custom="readingOrder {index:1;}">
                    <Coords points="2062,334 2062,394 2273,394 2273,334"/>
                    <TextEquiv>
                        <Unicode>freundlichen</Unicode>
                    </TextEquiv>
                </Word>
                <Word id="tr_1_tl_17_w3" custom="readingOrder {index:2;}">
                    <Coords points="2303,333 2303,393 2409,393 2409,333"/>
                    <TextEquiv>
                        <Unicode>Hause</Unicode>
                    </TextEquiv>
                </Word>
                <Word id="tr_1_tl_17_w4" custom="readingOrder {index:3;}">
                    <Coords points="2433,333 2433,393 2461,393 2461,333"/>
                    <TextEquiv>
                        <Unicode>in</Unicode>
                    </TextEquiv>
                </Word>
                <Word id="tr_1_tl_17_w5" custom="readingOrder {index:4;}">
                    <Coords points="2491,333 2491,393 2538,393 2538,333"/>
                    <TextEquiv>
                        <Unicode>der</Unicode>
                    </TextEquiv>
                </Word>
                <Word id="tr_1_tl_17_w6" custom="readingOrder {index:5;}">
                    <Coords points="2568,333 2568,393 2659,393 2659,333"/>
                    <TextEquiv>
                        <Unicode>Nähe</Unicode>
                    </TextEquiv>
                </Word>
                <Word id="tr_1_tl_17_w7" custom="readingOrder {index:6;}">
                    <Coords points="2683,333 2683,393 2731,393 2731,333"/>
                    <TextEquiv>
                        <Unicode>des</Unicode>
                    </TextEquiv>
                </Word>
                <Word id="tr_1_tl_17_w8" custom="readingOrder {index:7;}">
                    <Coords points="2760,333 2760,393 3087,393 3087,333"/>
                    <TextEquiv>
                        <Unicode>Türkenschanzparks</Unicode>
                    </TextEquiv>
                </Word>
                <TextEquiv>
                    <Unicode>seinem freundlichen Hause in der Nähe des Türkenschanzparks</Unicode>
                </TextEquiv>
            </TextLine>
            <TextLine id="tr_1_tl_18" custom="readingOrder {index:17;}">
                <Coords points="715,415 1889,407 1889,363 1827,352 715,367"/>
                <Baseline points="734,406 792,407 850,407 908,409 966,408 1025,406 1083,406 1141,406 1199,405 1257,403 1316,406 1374,403 1432,401 1490,403 1548,400 1607,401 1665,403 1723,403 1781,403 1839,401 1898,400"/>
                <Word id="tr_1_tl_18_w1" custom="readingOrder {index:0;}">
                    <Coords points="714,367 714,427 932,427 932,367"/>
                    <TextEquiv>
                        <Unicode>Schauspieles</Unicode>
                    </TextEquiv>
                </Word>
                <Word id="tr_1_tl_18_w2" custom="readingOrder {index:1;}">
                    <Coords points="957,366 957,426 1125,426 1125,366"/>
                    <TextEquiv>
                        <Unicode>„Liebelei"</Unicode>
                    </TextEquiv>
                </Word>
                <Word id="tr_1_tl_18_w3" custom="readingOrder {index:2;}">
                    <Coords points="1145,365 1145,425 1179,425 1179,365"/>
                    <TextEquiv>
                        <Unicode>am</Unicode>
                    </TextEquiv>
                </Word>
                <Word id="tr_1_tl_18_w4" custom="readingOrder {index:3;}">
                    <Coords points="1215,364 1215,424 1457,424 1457,364"/>
                    <TextEquiv>
                        <Unicode>Burgtheater,</Unicode>
                    </TextEquiv>
                </Word>
                <Word id="tr_1_tl_18_w5" custom="readingOrder {index:4;}">
                    <Coords points="1467,362 1467,422 1516,422 1516,362"/>
                    <TextEquiv>
                        <Unicode>der</Unicode>
                    </TextEquiv>
                </Word>
                <Word id="tr_1_tl_18_w6" custom="readingOrder {index:5;}">
                    <Coords points="1536,360 1536,420 1605,420 1605,360"/>
                    <TextEquiv>
                        <Unicode>erste</Unicode>
                    </TextEquiv>
                </Word>
                <Word id="tr_1_tl_18_w7" custom="readingOrder {index:6;}">
                    <Coords points="1626,363 1626,423 1719,423 1719,363"/>
                    <TextEquiv>
                        <Unicode>große</Unicode>
                    </TextEquiv>
                </Word>
                <Word id="tr_1_tl_18_w8" custom="readingOrder {index:7;}">
                    <Coords points="1734,361 1734,421 1892,421 1892,361"/>
                    <TextEquiv>
                        <Unicode>Bühnen¬</Unicode>
                    </TextEquiv>
                </Word>
                <TextEquiv>
                    <Unicode>Schauspieles „Liebelei" am Burgtheater, der erste große Bühnen¬</Unicode>
                </TextEquiv>
            </TextLine>
            <TextLine id="tr_1_tl_19" custom="readingOrder {index:18;}">
                <Coords points="1919,437 3089,429 3056,382 1919,389"/>
                <Baseline points="1940,417 1997,420 2055,420 2113,420 2171,420 2228,420 2286,420 2344,420 2402,420 2459,420 2517,420 2575,420 2633,420 2690,420 2748,420 2806,419 2864,417 2921,417 2979,418 3037,419 3095,417"/>
                <Word id="tr_1_tl_19_w1" custom="readingOrder {index:0;}">
                    <Coords points="1923,377 1923,437 1980,437 1980,377"/>
                    <TextEquiv>
                        <Unicode>mit</Unicode>
                    </TextEquiv>
                </Word>
                <Word id="tr_1_tl_19_w2" custom="readingOrder {index:1;}">
                    <Coords points="2009,380 2009,440 2062,440 2062,380"/>
                    <TextEquiv>
                        <Unicode>ihm</Unicode>
                    </TextEquiv>
                </Word>
                <Word id="tr_1_tl_19_w3" custom="readingOrder {index:2;}">
                    <Coords points="2110,380 2110,440 2139,440 2139,380"/>
                    <TextEquiv>
                        <Unicode>zu</Unicode>
                    </TextEquiv>
                </Word>
                <Word id="tr_1_tl_19_w4" custom="readingOrder {index:3;}">
                    <Coords points="2178,380 2178,440 2389,440 2389,380"/>
                    <TextEquiv>
                        <Unicode>diskutieren.</Unicode>
                    </TextEquiv>
                </Word>
                <Word id="tr_1_tl_19_w5" custom="readingOrder {index:4;}">
                    <Coords points="2433,380 2433,440 2539,440 2539,380"/>
                    <TextEquiv>
                        <Unicode>Seine</Unicode>
                    </TextEquiv>
                </Word>
                <Word id="tr_1_tl_19_w6" custom="readingOrder {index:5;}">
                    <Coords points="2588,380 2588,440 2722,440 2722,380"/>
                    <TextEquiv>
                        <Unicode>ruhige,</Unicode>
                    </TextEquiv>
                </Word>
                <Word id="tr_1_tl_19_w7" custom="readingOrder {index:6;}">
                    <Coords points="2766,379 2766,439 2823,439 2823,379"/>
                    <TextEquiv>
                        <Unicode>fast</Unicode>
                    </TextEquiv>
                </Word>
                <Word id="tr_1_tl_19_w8" custom="readingOrder {index:7;}">
                    <Coords points="2853,377 2853,437 3016,437 3016,377"/>
                    <TextEquiv>
                        <Unicode>bescheiden</Unicode>
                    </TextEquiv>
                </Word>
                <Word id="tr_1_tl_19_w9" custom="readingOrder {index:8;}">
                    <Coords points="3055,377 3055,437 3083,437 3083,377"/>
                    <TextEquiv>
                        <Unicode>zu</Unicode>
                    </TextEquiv>
                </Word>
                <TextEquiv>
                    <Unicode>mit ihm zu diskutieren. Seine ruhige, fast bescheiden zu</Unicode>
                </TextEquiv>
            </TextLine>
            <TextLine id="tr_1_tl_20" custom="readingOrder {index:19;}">
                <Coords points="176,437 686,429 686,382 631,378 415,393 264,371 176,393"/>
                <Baseline points="197,420 223,422 249,423 275,423 301,423 327,423 353,424 379,426 405,426 431,426 457,426 483,426 509,426 535,424 561,423 587,423 613,422 639,420 665,421 692,423"/>
                <Word id="tr_1_tl_20_w1" custom="readingOrder {index:0;}">
                    <Coords points="176,383 176,443 419,443 419,383"/>
                    <TextEquiv>
                        <Unicode>paziergang,</Unicode>
                    </TextEquiv>
                </Word>
                <Word id="tr_1_tl_20_w2" custom="readingOrder {index:1;}">
                    <Coords points="446,386 446,446 507,446 507,386"/>
                    <TextEquiv>
                        <Unicode>von</Unicode>
                    </TextEquiv>
                </Word>
                <Word id="tr_1_tl_20_w3" custom="readingOrder {index:2;}">
                    <Coords points="550,383 550,443 606,443 606,383"/>
                    <TextEquiv>
                        <Unicode>dem</Unicode>
                    </TextEquiv>
                </Word>
                <Word id="tr_1_tl_20_w4" custom="readingOrder {index:3;}">
                    <Coords points="653,381 653,441 689,441 689,381"/>
                    <TextEquiv>
                        <Unicode>er</Unicode>
                    </TextEquiv>
                </Word>
                <TextEquiv>
                    <Unicode>paziergang, von dem er</Unicode>
                </TextEquiv>
            </TextLine>
            <TextLine id="tr_1_tl_21" custom="readingOrder {index:20;}">
                <Coords points="708,462 1886,455 1886,411 708,415"/>
                <Baseline points="728,453 786,454 844,454 903,456 961,453 1019,453 1078,451 1136,450 1194,451 1253,451 1311,453 1369,452 1428,448 1486,447 1544,447 1603,450 1661,450 1719,450 1778,450 1836,448 1895,447"/>
                <Word id="tr_1_tl_21_w1" custom="readingOrder {index:0;}">
                    <Coords points="713,413 713,473 841,473 841,413"/>
                    <TextEquiv>
                        <Unicode>erfolg.</Unicode>
                    </TextEquiv>
                </Word>
                <Word id="tr_1_tl_21_w2" custom="readingOrder {index:1;}">
                    <Coords points="862,415 862,475 918,475 918,415"/>
                    <TextEquiv>
                        <Unicode>Ein</Unicode>
                    </TextEquiv>
                </Word>
                <Word id="tr_1_tl_21_w3" custom="readingOrder {index:2;}">
                    <Coords points="955,413 955,473 1043,473 1043,413"/>
                    <TextEquiv>
                        <Unicode>Jahr</Unicode>
                    </TextEquiv>
                </Word>
                <Word id="tr_1_tl_21_w4" custom="readingOrder {index:3;}">
                    <Coords points="1074,410 1074,470 1177,470 1177,410"/>
                    <TextEquiv>
                        <Unicode>später</Unicode>
                    </TextEquiv>
                </Word>
                <Word id="tr_1_tl_21_w5" custom="readingOrder {index:4;}">
                    <Coords points="1208,411 1208,471 1316,471 1316,411"/>
                    <TextEquiv>
                        <Unicode>kommt</Unicode>
                    </TextEquiv>
                </Word>
                <Word id="tr_1_tl_21_w6" custom="readingOrder {index:5;}">
                    <Coords points="1348,407 1348,467 1538,467 1538,407"/>
                    <TextEquiv>
                        <Unicode>„Freiwild"</Unicode>
                    </TextEquiv>
                </Word>
                <Word id="tr_1_tl_21_w7" custom="readingOrder {index:6;}">
                    <Coords points="1570,410 1570,470 1704,470 1704,410"/>
                    <TextEquiv>
                        <Unicode>heraus,</Unicode>
                    </TextEquiv>
                </Word>
                <Word id="tr_1_tl_21_w8" custom="readingOrder {index:7;}">
                    <Coords points="1725,409 1725,469 1884,469 1884,409"/>
                    <TextEquiv>
                        <Unicode>„Reigen"</Unicode>
                    </TextEquiv>
                </Word>
                <TextEquiv>
                    <Unicode>erfolg. Ein Jahr später kommt „Freiwild" heraus, „Reigen"</Unicode>
                </TextEquiv>
            </TextLine>
            <TextLine id="tr_1_tl_22" custom="readingOrder {index:21;}">
                <Coords points="1915,477 3093,477 3096,429 3041,418 1919,433"/>
                <Baseline points="1937,468 1995,468 2053,468 2111,465 2169,467 2228,466 2286,466 2344,468 2402,467 2460,465 2519,465 2577,466 2635,468 2693,468 2751,464 2810,463 2868,465 2926,462 2984,465 3042,463 3101,462"/>
                <Word id="tr_1_tl_22_w1" custom="readingOrder {index:0;}">
                    <Coords points="1919,428 1919,488 2095,488 2095,428"/>
                    <TextEquiv>
                        <Unicode>nennende</Unicode>
                    </TextEquiv>
                </Word>
                <Word id="tr_1_tl_22_w2" custom="readingOrder {index:1;}">
                    <Coords points="2124,426 2124,486 2203,486 2203,426"/>
                    <TextEquiv>
                        <Unicode>Art,</Unicode>
                    </TextEquiv>
                </Word>
                <Word id="tr_1_tl_22_w3" custom="readingOrder {index:2;}">
                    <Coords points="2227,426 2227,486 2282,486 2282,426"/>
                    <TextEquiv>
                        <Unicode>sein</Unicode>
                    </TextEquiv>
                </Word>
                <Word id="tr_1_tl_22_w4" custom="readingOrder {index:3;}">
                    <Coords points="2315,427 2315,487 2413,487 2413,427"/>
                    <TextEquiv>
                        <Unicode>feiner</Unicode>
                    </TextEquiv>
                </Word>
                <Word id="tr_1_tl_22_w5" custom="readingOrder {index:4;}">
                    <Coords points="2441,425 2441,485 2572,485 2572,425"/>
                    <TextEquiv>
                        <Unicode>Humor</Unicode>
                    </TextEquiv>
                </Word>
                <Word id="tr_1_tl_22_w6" custom="readingOrder {index:5;}">
                    <Coords points="2601,427 2601,487 2661,487 2661,427"/>
                    <TextEquiv>
                        <Unicode>und</Unicode>
                    </TextEquiv>
                </Word>
                <Word id="tr_1_tl_22_w7" custom="readingOrder {index:6;}">
                    <Coords points="2694,425 2694,485 2773,485 2773,425"/>
                    <TextEquiv>
                        <Unicode>seine</Unicode>
                    </TextEquiv>
                </Word>
                <Word id="tr_1_tl_22_w8" custom="readingOrder {index:7;}">
                    <Coords points="2806,424 2806,484 2922,484 2922,424"/>
                    <TextEquiv>
                        <Unicode>warme</Unicode>
                    </TextEquiv>
                </Word>
                <Word id="tr_1_tl_22_w9" custom="readingOrder {index:8;}">
                    <Coords points="2951,423 2951,483 3095,483 3095,423"/>
                    <TextEquiv>
                        <Unicode>Mensch¬</Unicode>
                    </TextEquiv>
                </Word>
                <TextEquiv>
                    <Unicode>nennende Art, sein feiner Humor und seine warme Mensch¬</Unicode>
                </TextEquiv>
            </TextLine>
            <TextLine id="tr_1_tl_23" custom="readingOrder {index:22;}">
                <Coords points="176,488 242,503 260,484 686,484 686,437 653,429 176,437"/>
                <Baseline points="197,471 223,473 249,473 275,472 301,472 328,474 354,474 380,474 406,474 432,474 459,474 485,474 511,474 537,474 563,474 590,474 616,474 642,474 668,472 695,474"/>
                <Word id="tr_1_tl_23_w1" custom="readingOrder {index:0;}">
                    <Coords points="178,431 178,491 225,491 225,431"/>
                    <TextEquiv>
                        <Unicode>die</Unicode>
                    </TextEquiv>
                </Word>
                <Word id="tr_1_tl_23_w2" custom="readingOrder {index:1;}">
                    <Coords points="256,432 256,492 345,492 345,432"/>
                    <TextEquiv>
                        <Unicode>Villa</Unicode>
                    </TextEquiv>
                </Word>
                <Word id="tr_1_tl_23_w3" custom="readingOrder {index:2;}">
                    <Coords points="382,434 382,494 405,494 405,434"/>
                    <TextEquiv>
                        <Unicode>in</Unicode>
                    </TextEquiv>
                </Word>
                <Word id="tr_1_tl_23_w4" custom="readingOrder {index:3;}">
                    <Coords points="442,434 442,494 616,494 616,434"/>
                    <TextEquiv>
                        <Unicode>Währing</Unicode>
                    </TextEquiv>
                </Word>
                <Word id="tr_1_tl_23_w5" custom="readingOrder {index:4;}">
                    <Coords points="653,432 653,492 676,492 676,432"/>
                    <TextEquiv>
                        <Unicode>in</Unicode>
                    </TextEquiv>
                </Word>
                <TextEquiv>
                    <Unicode>die Villa in Währing in</Unicode>
                </TextEquiv>
            </TextLine>
            <TextLine id="tr_1_tl_24" custom="readingOrder {index:23;}">
                <Coords points="715,510 1893,510 1893,455 715,462"/>
                <Baseline points="737,501 795,501 853,501 911,501 969,501 1028,501 1086,501 1144,501 1202,498 1260,496 1319,498 1377,497 1435,495 1493,495 1551,498 1610,497 1668,497 1726,498 1784,496 1842,496 1901,495"/>
                <Word id="tr_1_tl_24_w1" custom="readingOrder {index:0;}">
                    <Coords points="714,461 714,521 783,521 783,461"/>
                    <TextEquiv>
                        <Unicode>zehn</Unicode>
                    </TextEquiv>
                </Word>
                <Word id="tr_1_tl_24_w2" custom="readingOrder {index:1;}">
                    <Coords points="818,461 818,521 916,521 916,461"/>
                    <TextEquiv>
                        <Unicode>kühne</Unicode>
                    </TextEquiv>
                </Word>
                <Word id="tr_1_tl_24_w3" custom="readingOrder {index:2;}">
                    <Coords points="946,461 946,521 1069,521 1069,461"/>
                    <TextEquiv>
                        <Unicode>Szenen</Unicode>
                    </TextEquiv>
                </Word>
                <Word id="tr_1_tl_24_w4" custom="readingOrder {index:3;}">
                    <Coords points="1104,458 1104,518 1266,518 1266,458"/>
                    <TextEquiv>
                        <Unicode>erotischer</Unicode>
                    </TextEquiv>
                </Word>
                <Word id="tr_1_tl_24_w5" custom="readingOrder {index:4;}">
                    <Coords points="1291,457 1291,517 1404,517 1404,457"/>
                    <TextEquiv>
                        <Unicode>Natur</Unicode>
                    </TextEquiv>
                </Word>
                <Word id="tr_1_tl_24_w6" custom="readingOrder {index:5;}">
                    <Coords points="1429,455 1429,515 1546,515 1546,455"/>
                    <TextEquiv>
                        <Unicode>werden</Unicode>
                    </TextEquiv>
                </Word>
                <Word id="tr_1_tl_24_w7" custom="readingOrder {index:6;}">
                    <Coords points="1582,457 1582,517 1606,517 1606,457"/>
                    <TextEquiv>
                        <Unicode>im</Unicode>
                    </TextEquiv>
                </Word>
                <Word id="tr_1_tl_24_w8" custom="readingOrder {index:7;}">
                    <Coords points="1646,457 1646,517 1773,517 1773,457"/>
                    <TextEquiv>
                        <Unicode>gleichen</Unicode>
                    </TextEquiv>
                </Word>
                <Word id="tr_1_tl_24_w9" custom="readingOrder {index:8;}">
                    <Coords points="1803,455 1803,515 1891,515 1891,455"/>
                    <TextEquiv>
                        <Unicode>Jahr</Unicode>
                    </TextEquiv>
                </Word>
                <TextEquiv>
                    <Unicode>zehn kühne Szenen erotischer Natur werden im gleichen Jahr</Unicode>
                </TextEquiv>
            </TextLine>
            <TextLine id="tr_1_tl_25" custom="readingOrder {index:24;}">
                <Coords points="1926,532 3096,521 3096,473 1926,481"/>
                <Baseline points="1946,516 2003,516 2061,516 2119,516 2177,516 2235,514 2293,516 2351,516 2409,515 2467,513 2525,513 2582,513 2640,513 2698,513 2756,512 2814,510 2872,510 2930,510 2988,510 3046,510 3104,507"/>
                <Word id="tr_1_tl_25_w1" custom="readingOrder {index:0;}">
                    <Coords points="1930,476 1930,536 2044,536 2044,476"/>
                    <TextEquiv>
                        <Unicode>lichkeit</Unicode>
                    </TextEquiv>
                </Word>
                <Word id="tr_1_tl_25_w2" custom="readingOrder {index:1;}">
                    <Coords points="2073,476 2073,536 2226,536 2226,476"/>
                    <TextEquiv>
                        <Unicode>umgaben</Unicode>
                    </TextEquiv>
                </Word>
                <Word id="tr_1_tl_25_w3" custom="readingOrder {index:2;}">
                    <Coords points="2260,475 2260,535 2307,535 2307,475"/>
                    <TextEquiv>
                        <Unicode>ihn</Unicode>
                    </TextEquiv>
                </Word>
                <Word id="tr_1_tl_25_w4" custom="readingOrder {index:3;}">
                    <Coords points="2341,475 2341,535 2398,535 2398,475"/>
                    <TextEquiv>
                        <Unicode>mit</Unicode>
                    </TextEquiv>
                </Word>
                <Word id="tr_1_tl_25_w5" custom="readingOrder {index:4;}">
                    <Coords points="2427,473 2427,533 2512,533 2512,473"/>
                    <TextEquiv>
                        <Unicode>einer</Unicode>
                    </TextEquiv>
                </Word>
                <Word id="tr_1_tl_25_w6" custom="readingOrder {index:5;}">
                    <Coords points="2542,473 2542,533 2761,533 2761,473"/>
                    <TextEquiv>
                        <Unicode>wohltuenden</Unicode>
                    </TextEquiv>
                </Word>
                <Word id="tr_1_tl_25_w7" custom="readingOrder {index:6;}">
                    <Coords points="2795,470 2795,530 3024,530 3024,470"/>
                    <TextEquiv>
                        <Unicode>Atmosphäre,</Unicode>
                    </TextEquiv>
                </Word>
                <Word id="tr_1_tl_25_w8" custom="readingOrder {index:7;}">
                    <Coords points="3048,468 3048,528 3091,528 3091,468"/>
                    <TextEquiv>
                        <Unicode>die</Unicode>
                    </TextEquiv>
                </Word>
                <TextEquiv>
                    <Unicode>lichkeit umgaben ihn mit einer wohltuenden Atmosphäre, die</Unicode>
                </TextEquiv>
            </TextLine>
            <TextLine id="tr_1_tl_26" custom="readingOrder {index:25;}">
                <Coords points="172,539 316,550 345,528 371,547 613,528 686,543 686,481 642,473 605,495 591,481 172,492"/>
                <Baseline points="191,528 216,528 241,528 266,528 291,528 317,528 342,528 367,530 392,531 417,531 443,530 468,528 493,528 518,528 543,526 569,525 594,525 619,525 644,525 669,525 695,525"/>
                <Word id="tr_1_tl_26_w1" custom="readingOrder {index:0;}">
                    <Coords points="174,488 174,548 237,548 237,488"/>
                    <TextEquiv>
                        <Unicode>te.</Unicode>
                    </TextEquiv>
                </Word>
                <Word id="tr_1_tl_26_w2" custom="readingOrder {index:1;}">
                    <Coords points="257,488 257,548 326,548 326,488"/>
                    <TextEquiv>
                        <Unicode>Als</Unicode>
                    </TextEquiv>
                </Word>
                <Word id="tr_1_tl_26_w3" custom="readingOrder {index:2;}">
                    <Coords points="358,491 358,551 459,551 459,491"/>
                    <TextEquiv>
                        <Unicode>gegen</Unicode>
                    </TextEquiv>
                </Word>
                <Word id="tr_1_tl_26_w4" custom="readingOrder {index:3;}">
                    <Coords points="498,486 498,546 586,546 586,486"/>
                    <TextEquiv>
                        <Unicode>¼12</Unicode>
                    </TextEquiv>
                </Word>
                <Word id="tr_1_tl_26_w5" custom="readingOrder {index:4;}">
                    <Coords points="619,485 619,545 688,545 688,485"/>
                    <TextEquiv>
                        <Unicode>Uhr</Unicode>
                    </TextEquiv>
                </Word>
                <TextEquiv>
                    <Unicode>te. Als gegen ¼12 Uhr</Unicode>
                </TextEquiv>
            </TextLine>
            <TextLine id="tr_1_tl_27" custom="readingOrder {index:26;}">
                <Coords points="712,554 1889,558 1889,514 1798,503 712,510"/>
                <Baseline points="731,543 789,549 847,549 906,546 964,549 1022,546 1081,548 1139,546 1197,549 1256,547 1314,546 1372,543 1431,543 1489,540 1547,543 1606,543 1664,545 1722,546 1781,545 1839,543 1898,540"/>
                <Word id="tr_1_tl_27_w1" custom="readingOrder {index:0;}">
                    <Coords points="716,509 716,569 906,569 906,509"/>
                    <TextEquiv>
                        <Unicode>begonnen,</Unicode>
                    </TextEquiv>
                </Word>
                <Word id="tr_1_tl_27_w2" custom="readingOrder {index:1;}">
                    <Coords points="921,508 921,568 992,568 992,508"/>
                    <TextEquiv>
                        <Unicode>aber</Unicode>
                    </TextEquiv>
                </Word>
                <Word id="tr_1_tl_27_w3" custom="readingOrder {index:2;}">
                    <Coords points="1017,506 1017,566 1079,566 1079,506"/>
                    <TextEquiv>
                        <Unicode>viel</Unicode>
                    </TextEquiv>
                </Word>
                <Word id="tr_1_tl_27_w4" custom="readingOrder {index:3;}">
                    <Coords points="1099,506 1099,566 1198,566 1198,506"/>
                    <TextEquiv>
                        <Unicode>später</Unicode>
                    </TextEquiv>
                </Word>
                <Word id="tr_1_tl_27_w5" custom="readingOrder {index:4;}">
                    <Coords points="1223,506 1223,566 1362,566 1362,506"/>
                    <TextEquiv>
                        <Unicode>gedruckt</Unicode>
                    </TextEquiv>
                </Word>
                <Word id="tr_1_tl_27_w6" custom="readingOrder {index:5;}">
                    <Coords points="1381,503 1381,563 1443,563 1443,503"/>
                    <TextEquiv>
                        <Unicode>und</Unicode>
                    </TextEquiv>
                </Word>
                <Word id="tr_1_tl_27_w7" custom="readingOrder {index:6;}">
                    <Coords points="1467,500 1467,560 1524,560 1524,500"/>
                    <TextEquiv>
                        <Unicode>erst</Unicode>
                    </TextEquiv>
                </Word>
                <Word id="tr_1_tl_27_w8" custom="readingOrder {index:7;}">
                    <Coords points="1544,503 1544,563 1630,563 1630,503"/>
                    <TextEquiv>
                        <Unicode>1920,</Unicode>
                    </TextEquiv>
                </Word>
                <Word id="tr_1_tl_27_w9" custom="readingOrder {index:8;}">
                    <Coords points="1649,505 1649,565 1701,565 1701,505"/>
                    <TextEquiv>
                        <Unicode>fast</Unicode>
                    </TextEquiv>
                </Word>
                <Word id="tr_1_tl_27_w10" custom="readingOrder {index:9;}">
                    <Coords points="1721,505 1721,565 1807,565 1807,505"/>
                    <TextEquiv>
                        <Unicode>gegen</Unicode>
                    </TextEquiv>
                </Word>
                <Word id="tr_1_tl_27_w11" custom="readingOrder {index:10;}">
                    <Coords points="1841,501 1841,561 1888,561 1888,501"/>
                    <TextEquiv>
                        <Unicode>den</Unicode>
                    </TextEquiv>
                </Word>
                <TextEquiv>
                    <Unicode>begonnen, aber viel später gedruckt und erst 1920, fast gegen den</Unicode>
                </TextEquiv>
            </TextLine>
            <TextLine id="tr_1_tl_28" custom="readingOrder {index:27;}">
                <Coords points="1915,580 3104,587 3082,521 1915,532"/>
                <Baseline points="1934,567 1992,564 2051,566 2110,564 2169,564 2228,562 2286,562 2345,561 2404,561 2463,561 2522,561 2580,558 2639,560 2698,560 2757,558 2816,558 2874,558 2933,555 2992,555 3051,557 3110,552"/>
                <Word id="tr_1_tl_28_w1" custom="readingOrder {index:0;}">
                    <Coords points="1919,525 1919,585 2171,585 2171,525"/>
                    <TextEquiv>
                        <Unicode>gefangennahm</Unicode>
                    </TextEquiv>
                </Word>
                <Word id="tr_1_tl_28_w2" custom="readingOrder {index:1;}">
                    <Coords points="2224,522 2224,582 2286,582 2286,522"/>
                    <TextEquiv>
                        <Unicode>und</Unicode>
                    </TextEquiv>
                </Word>
                <Word id="tr_1_tl_28_w3" custom="readingOrder {index:2;}">
                    <Coords points="2325,521 2325,581 2429,581 2429,521"/>
                    <TextEquiv>
                        <Unicode>haften</Unicode>
                    </TextEquiv>
                </Word>
                <Word id="tr_1_tl_28_w4" custom="readingOrder {index:3;}">
                    <Coords points="2473,521 2473,581 2554,581 2554,521"/>
                    <TextEquiv>
                        <Unicode>blieb</Unicode>
                    </TextEquiv>
                </Word>
                <Word id="tr_1_tl_28_w5" custom="readingOrder {index:4;}">
                    <Coords points="2597,519 2597,579 2659,579 2659,519"/>
                    <TextEquiv>
                        <Unicode>und</Unicode>
                    </TextEquiv>
                </Word>
                <Word id="tr_1_tl_28_w6" custom="readingOrder {index:5;}">
                    <Coords points="2688,519 2688,579 2754,579 2754,519"/>
                    <TextEquiv>
                        <Unicode>auch</Unicode>
                    </TextEquiv>
                </Word>
                <Word id="tr_1_tl_28_w7" custom="readingOrder {index:6;}">
                    <Coords points="2788,518 2788,578 2907,578 2907,518"/>
                    <TextEquiv>
                        <Unicode>bleiben</Unicode>
                    </TextEquiv>
                </Word>
                <Word id="tr_1_tl_28_w8" custom="readingOrder {index:7;}">
                    <Coords points="2941,515 2941,575 3017,575 3017,515"/>
                    <TextEquiv>
                        <Unicode>wird</Unicode>
                    </TextEquiv>
                </Word>
                <Word id="tr_1_tl_28_w9" custom="readingOrder {index:8;}">
                    <Coords points="3051,516 3051,576 3074,576 3074,516"/>
                    <TextEquiv>
                        <Unicode>im</Unicode>
                    </TextEquiv>
                </Word>
                <TextEquiv>
                    <Unicode>gefangennahm und haften blieb und auch bleiben wird im</Unicode>
                </TextEquiv>
            </TextLine>
            <TextLine id="tr_1_tl_29" custom="readingOrder {index:28;}">
                <Coords points="172,598 323,583 521,602 693,591 693,543 649,532 404,547 349,528 319,543 172,528"/>
                <Baseline points="191,582 216,582 242,582 267,582 293,582 318,581 344,579 369,581 395,582 420,582 446,581 471,579 497,578 522,576 548,578 573,579 599,577 624,576 650,576 675,577 701,579"/>
                <Word id="tr_1_tl_29_w1" custom="readingOrder {index:0;}">
                    <Coords points="174,542 174,602 225,602 225,542"/>
                    <TextEquiv>
                        <Unicode>t,</Unicode>
                    </TextEquiv>
                </Word>
                <Word id="tr_1_tl_29_w2" custom="readingOrder {index:1;}">
                    <Coords points="245,542 245,602 283,602 283,542"/>
                    <TextEquiv>
                        <Unicode>um</Unicode>
                    </TextEquiv>
                </Word>
                <Word id="tr_1_tl_29_w3" custom="readingOrder {index:2;}">
                    <Coords points="322,541 322,601 541,601 541,541"/>
                    <TextEquiv>
                        <Unicode>Schnitzlers</Unicode>
                    </TextEquiv>
                </Word>
                <Word id="tr_1_tl_29_w4" custom="readingOrder {index:3;}">
                    <Coords points="567,536 567,596 694,596 694,536"/>
                    <TextEquiv>
                        <Unicode>Diktat</Unicode>
                    </TextEquiv>
                </Word>
                <TextEquiv>
                    <Unicode>t, um Schnitzlers Diktat</Unicode>
                </TextEquiv>
            </TextLine>
            <TextLine id="tr_1_tl_30" custom="readingOrder {index:29;}">
                <Coords points="715,602 1886,598 1886,558 1831,550 715,554"/>
                <Baseline points="737,591 794,594 852,594 910,594 968,597 1026,595 1084,594 1142,594 1200,594 1258,594 1316,591 1373,591 1431,591 1489,591 1547,591 1605,591 1663,591 1721,591 1779,591 1837,589 1895,585"/>
                <Word id="tr_1_tl_30_w1" custom="readingOrder {index:0;}">
                    <Coords points="714,552 714,612 827,612 827,552"/>
                    <TextEquiv>
                        <Unicode>Willen</Unicode>
                    </TextEquiv>
                </Word>
                <Word id="tr_1_tl_30_w2" custom="readingOrder {index:1;}">
                    <Coords points="857,554 857,614 906,614 906,554"/>
                    <TextEquiv>
                        <Unicode>des</Unicode>
                    </TextEquiv>
                </Word>
                <Word id="tr_1_tl_30_w3" custom="readingOrder {index:2;}">
                    <Coords points="937,555 937,615 1079,615 1079,555"/>
                    <TextEquiv>
                        <Unicode>Dichters</Unicode>
                    </TextEquiv>
                </Word>
                <Word id="tr_1_tl_30_w4" custom="readingOrder {index:3;}">
                    <Coords points="1110,554 1110,614 1168,614 1168,554"/>
                    <TextEquiv>
                        <Unicode>und</Unicode>
                    </TextEquiv>
                </Word>
                <Word id="tr_1_tl_30_w5" custom="readingOrder {index:4;}">
                    <Coords points="1193,554 1193,614 1242,614 1242,554"/>
                    <TextEquiv>
                        <Unicode>bei</Unicode>
                    </TextEquiv>
                </Word>
                <Word id="tr_1_tl_30_w6" custom="readingOrder {index:5;}">
                    <Coords points="1258,551 1258,611 1391,611 1391,551"/>
                    <TextEquiv>
                        <Unicode>heftigem</Unicode>
                    </TextEquiv>
                </Word>
                <Word id="tr_1_tl_30_w7" custom="readingOrder {index:6;}">
                    <Coords points="1436,551 1436,611 1647,611 1647,551"/>
                    <TextEquiv>
                        <Unicode>Widerspruch</Unicode>
                    </TextEquiv>
                </Word>
                <Word id="tr_1_tl_30_w8" custom="readingOrder {index:7;}">
                    <Coords points="1678,551 1678,611 1875,611 1875,551"/>
                    <TextEquiv>
                        <Unicode>rechtsstehen</Unicode>
                    </TextEquiv>
                </Word>
                <TextEquiv>
                    <Unicode>Willen des Dichters und bei heftigem Widerspruch rechtsstehen</Unicode>
                </TextEquiv>
            </TextLine>
            <TextLine id="tr_1_tl_31" custom="readingOrder {index:30;}">
                <Coords points="1922,635 3049,646 3049,561 1922,576"/>
                <Baseline points="1943,615 1998,612 2054,610 2110,612 2165,612 2221,612 2277,612 2332,612 2388,612 2444,609 2500,609 2555,611 2611,609 2667,609 2722,607 2778,606 2834,606 2889,606 2945,606 3001,606 3057,603"/>
                <Word id="tr_1_tl_31_w1" custom="readingOrder {index:0;}">
                    <Coords points="1922,571 1922,631 2129,631 2129,571"/>
                    <TextEquiv>
                        <Unicode>Bewußtsein</Unicode>
                    </TextEquiv>
                </Word>
                <Word id="tr_1_tl_31_w2" custom="readingOrder {index:1;}">
                    <Coords points="2160,572 2160,632 2250,632 2250,572"/>
                    <TextEquiv>
                        <Unicode>aller,</Unicode>
                    </TextEquiv>
                </Word>
                <Word id="tr_1_tl_31_w3" custom="readingOrder {index:2;}">
                    <Coords points="2271,572 2271,632 2312,632 2312,572"/>
                    <TextEquiv>
                        <Unicode>die</Unicode>
                    </TextEquiv>
                </Word>
                <Word id="tr_1_tl_31_w4" custom="readingOrder {index:3;}">
                    <Coords points="2338,572 2338,632 2393,632 2393,572"/>
                    <TextEquiv>
                        <Unicode>mit</Unicode>
                    </TextEquiv>
                </Word>
                <Word id="tr_1_tl_31_w5" custom="readingOrder {index:4;}">
                    <Coords points="2419,569 2419,629 2464,629 2464,569"/>
                    <TextEquiv>
                        <Unicode>ihm</Unicode>
                    </TextEquiv>
                </Word>
                <Word id="tr_1_tl_31_w6" custom="readingOrder {index:5;}">
                    <Coords points="2505,569 2505,629 2530,629 2530,569"/>
                    <TextEquiv>
                        <Unicode>in</Unicode>
                    </TextEquiv>
                </Word>
                <Word id="tr_1_tl_31_w7" custom="readingOrder {index:6;}">
                    <Coords points="2561,569 2561,629 2677,629 2677,569"/>
                    <TextEquiv>
                        <Unicode>nähere</Unicode>
                    </TextEquiv>
                </Word>
                <Word id="tr_1_tl_31_w8" custom="readingOrder {index:7;}">
                    <Coords points="2698,566 2698,626 2895,626 2895,566"/>
                    <TextEquiv>
                        <Unicode>Berührung</Unicode>
                    </TextEquiv>
                </Word>
                <Word id="tr_1_tl_31_w9" custom="readingOrder {index:8;}">
                    <Coords points="2926,566 2926,626 3042,626 3042,566"/>
                    <TextEquiv>
                        <Unicode>kamen.</Unicode>
                    </TextEquiv>
                </Word>
                <TextEquiv>
                    <Unicode>Bewußtsein aller, die mit ihm in nähere Berührung kamen.</Unicode>
                </TextEquiv>
            </TextLine>
            <TextLine id="tr_1_tl_32" custom="readingOrder {index:31;}">
                <Coords points="180,646 1882,646 1882,598 180,594"/>
                <Baseline points="200,638 284,635 369,634 453,634 538,632 623,632 707,632 792,641 876,642 961,644 1046,641 1130,641 1215,638 1299,638 1384,638 1469,640 1553,637 1638,638 1722,637 1807,635 1892,632"/>
                <Word id="tr_1_tl_32_w1" custom="readingOrder {index:0;}">
                    <Coords points="182,597 182,657 233,657 233,597"/>
                    <TextEquiv>
                        <Unicode>hn</Unicode>
                    </TextEquiv>
                </Word>
                <Word id="tr_1_tl_32_w2" custom="readingOrder {index:1;}">
                    <Coords points="272,594 272,654 482,654 482,594"/>
                    <TextEquiv>
                        <Unicode>bewußtlos</Unicode>
                    </TextEquiv>
                </Word>
                <Word id="tr_1_tl_32_w3" custom="readingOrder {index:2;}">
                    <Coords points="515,592 515,652 578,652 578,592"/>
                    <TextEquiv>
                        <Unicode>auf</Unicode>
                    </TextEquiv>
                </Word>
                <Word id="tr_1_tl_32_w4" custom="readingOrder {index:3;}">
                    <Coords points="611,592 611,652 667,652 667,592"/>
                    <TextEquiv>
                        <Unicode>dem</Unicode>
                    </TextEquiv>
                </Word>
                <Word id="tr_1_tl_32_w5" custom="readingOrder {index:4;}">
                    <Coords points="719,596 719,656 777,656 777,596"/>
                    <TextEquiv>
                        <Unicode>der</Unicode>
                    </TextEquiv>
                </Word>
                <Word id="tr_1_tl_32_w6" custom="readingOrder {index:5;}">
                    <Coords points="803,601 803,661 924,661 924,601"/>
                    <TextEquiv>
                        <Unicode>Kreise,</Unicode>
                    </TextEquiv>
                </Word>
                <Word id="tr_1_tl_32_w7" custom="readingOrder {index:6;}">
                    <Coords points="944,601 944,661 1148,661 1148,601"/>
                    <TextEquiv>
                        <Unicode>aufgeführt.</Unicode>
                    </TextEquiv>
                </Word>
                <Word id="tr_1_tl_32_w8" custom="readingOrder {index:7;}">
                    <Coords points="1161,598 1161,658 1231,658 1231,598"/>
                    <TextEquiv>
                        <Unicode>1897</Unicode>
                    </TextEquiv>
                </Word>
                <Word id="tr_1_tl_32_w9" custom="readingOrder {index:8;}">
                    <Coords points="1257,598 1257,658 1423,658 1423,598"/>
                    <TextEquiv>
                        <Unicode>erschienen</Unicode>
                    </TextEquiv>
                </Word>
                <Word id="tr_1_tl_32_w10" custom="readingOrder {index:9;}">
                    <Coords points="1475,598 1475,658 1564,658 1564,598"/>
                    <TextEquiv>
                        <Unicode>„Das</Unicode>
                    </TextEquiv>
                </Word>
                <Word id="tr_1_tl_32_w11" custom="readingOrder {index:10;}">
                    <Coords points="1610,597 1610,657 1788,657 1788,597"/>
                    <TextEquiv>
                        <Unicode>Veilchen",</Unicode>
                    </TextEquiv>
                </Word>
                <Word id="tr_1_tl_32_w12" custom="readingOrder {index:11;}">
                    <Coords points="1820,593 1820,653 1871,653 1871,593"/>
                    <TextEquiv>
                        <Unicode>189</Unicode>
                    </TextEquiv>
                </Word>
                <TextEquiv>
                    <Unicode>hn bewußtlos auf dem der Kreise, aufgeführt. 1897 erschienen „Das Veilchen", 189</Unicode>
                </TextEquiv>
            </TextLine>
            <TextLine id="tr_1_tl_33" custom="readingOrder {index:32;}">
                <Coords points="708,701 1897,697 1897,642 1801,635 708,664"/>
                <Baseline points="728,692 786,689 845,689 903,689 962,692 1021,691 1079,687 1138,686 1197,685 1255,685 1314,683 1373,685 1431,684 1490,686 1549,686 1607,686 1666,686 1725,686 1783,684 1842,682 1901,680"/>
                <Word id="tr_1_tl_33_w1" custom="readingOrder {index:0;}">
                    <Coords points="718,649 718,709 975,709 975,649"/>
                    <TextEquiv>
                        <Unicode>„Paracelsus",</Unicode>
                    </TextEquiv>
                </Word>
                <Word id="tr_1_tl_33_w2" custom="readingOrder {index:1;}">
                    <Coords points="997,650 997,710 1074,710 1074,650"/>
                    <TextEquiv>
                        <Unicode>„Die</Unicode>
                    </TextEquiv>
                </Word>
                <Word id="tr_1_tl_33_w3" custom="readingOrder {index:2;}">
                    <Coords points="1105,645 1105,705 1296,705 1296,645"/>
                    <TextEquiv>
                        <Unicode>Gefährtin"</Unicode>
                    </TextEquiv>
                </Word>
                <Word id="tr_1_tl_33_w4" custom="readingOrder {index:3;}">
                    <Coords points="1338,644 1338,704 1399,704 1399,644"/>
                    <TextEquiv>
                        <Unicode>und</Unicode>
                    </TextEquiv>
                </Word>
                <Word id="tr_1_tl_33_w5" custom="readingOrder {index:4;}">
                    <Coords points="1431,644 1431,704 1482,704 1482,644"/>
                    <TextEquiv>
                        <Unicode>der</Unicode>
                    </TextEquiv>
                </Word>
                <Word id="tr_1_tl_33_w6" custom="readingOrder {index:5;}">
                    <Coords points="1513,646 1513,706 1616,706 1616,646"/>
                    <TextEquiv>
                        <Unicode>grüne</Unicode>
                    </TextEquiv>
                </Word>
                <Word id="tr_1_tl_33_w7" custom="readingOrder {index:6;}">
                    <Coords points="1643,646 1643,706 1807,706 1807,646"/>
                    <TextEquiv>
                        <Unicode>Kakadu",</Unicode>
                    </TextEquiv>
                </Word>
                <Word id="tr_1_tl_33_w8" custom="readingOrder {index:7;}">
                    <Coords points="1829,641 1829,701 1900,701 1900,641"/>
                    <TextEquiv>
                        <Unicode>drei</Unicode>
                    </TextEquiv>
                </Word>
                <TextEquiv>
                    <Unicode>„Paracelsus", „Die Gefährtin" und der grüne Kakadu", drei</Unicode>
                </TextEquiv>
            </TextLine>
            <TextLine id="tr_1_tl_34" custom="readingOrder {index:33;}">
                <Coords points="180,697 268,712 407,690 492,715 521,690 679,697 682,649 602,635 407,657 271,638 216,657 183,646"/>
                <Baseline points="200,686 225,688 251,689 277,689 302,689 328,689 354,689 380,689 405,687 431,687 457,688 483,688 508,686 534,686 560,686 586,686 611,685 637,683 663,682 689,680"/>
                <Word id="tr_1_tl_34_w1" custom="readingOrder {index:0;}">
                    <Coords points="181,648 181,708 318,708 318,648"/>
                    <TextEquiv>
                        <Unicode>hnitzler</Unicode>
                    </TextEquiv>
                </Word>
                <Word id="tr_1_tl_34_w2" custom="readingOrder {index:1;}">
                    <Coords points="349,649 349,709 379,709 379,649"/>
                    <TextEquiv>
                        <Unicode>zu</Unicode>
                    </TextEquiv>
                </Word>
                <Word id="tr_1_tl_34_w3" custom="readingOrder {index:2;}">
                    <Coords points="421,648 421,708 511,708 511,648"/>
                    <TextEquiv>
                        <Unicode>Bett</Unicode>
                    </TextEquiv>
                </Word>
                <Word id="tr_1_tl_34_w4" custom="readingOrder {index:3;}">
                    <Coords points="535,646 535,706 607,706 607,646"/>
                    <TextEquiv>
                        <Unicode>und</Unicode>
                    </TextEquiv>
                </Word>
                <Word id="tr_1_tl_34_w5" custom="readingOrder {index:4;}">
                    <Coords points="637,642 637,702 678,702 678,642"/>
                    <TextEquiv>
                        <Unicode>be</Unicode>
                    </TextEquiv>
                </Word>
                <TextEquiv>
                    <Unicode>hnitzler zu Bett und be</Unicode>
                </TextEquiv>
            </TextLine>
            <TextLine id="tr_1_tl_35" custom="readingOrder {index:34;}">
                <Coords points="2201,712 2352,704 2454,726 2487,701 2509,719 2730,701 2770,730 2803,723 2803,638 2697,616 2553,642 2520,624 2201,624"/>
                <Baseline points="2221,692 2250,690 2279,689 2309,689 2338,689 2368,689 2397,689 2426,689 2456,689 2485,689 2515,688 2544,686 2573,686 2603,687 2632,689 2662,687 2691,687 2720,689 2750,689 2779,688 2809,686"/>
                <Word id="tr_1_tl_35_w1" custom="readingOrder {index:0;}">
                    <Coords points="2206,649 2206,709 2386,709 2386,649"/>
                    <TextEquiv>
                        <Unicode>Hofrat</Unicode>
                    </TextEquiv>
                </Word>
                <Word id="tr_1_tl_35_w2" custom="readingOrder {index:1;}">
                    <Coords points="2410,649 2410,709 2546,709 2546,649"/>
                    <TextEquiv>
                        <Unicode>Hugo</Unicode>
                    </TextEquiv>
                </Word>
                <Word id="tr_1_tl_35_w3" custom="readingOrder {index:2;}">
                    <Coords points="2584,647 2584,707 2795,707 2795,647"/>
                    <TextEquiv>
                        <Unicode>Thimig.</Unicode>
                    </TextEquiv>
                </Word>
                <TextEquiv>
                    <Unicode>Hofrat Hugo Thimig.</Unicode>
                </TextEquiv>
            </TextLine>
            <TextLine id="tr_1_tl_36" custom="readingOrder {index:35;}">
                <Coords points="180,752 1893,741 1856,690 180,697"/>
                <Baseline points="200,743 285,742 370,740 455,740 540,740 626,737 711,737 796,737 881,737 966,737 1052,737 1137,734 1222,732 1307,734 1392,733 1478,734 1563,736 1648,731 1733,731 1818,731 1904,728"/>
                <Word id="tr_1_tl_36_w1" custom="readingOrder {index:0;}">
                    <Coords points="180,702 180,762 227,762 227,702"/>
                    <TextEquiv>
                        <Unicode>hr</Unicode>
                    </TextEquiv>
                </Word>
                <Word id="tr_1_tl_36_w2" custom="readingOrder {index:1;}">
                    <Coords points="296,700 296,760 432,760 432,700"/>
                    <TextEquiv>
                        <Unicode>abends</Unicode>
                    </TextEquiv>
                </Word>
                <Word id="tr_1_tl_36_w3" custom="readingOrder {index:2;}">
                    <Coords points="512,698 512,758 680,758 680,698"/>
                    <TextEquiv>
                        <Unicode>verschied</Unicode>
                    </TextEquiv>
                </Word>
                <Word id="tr_1_tl_36_w4" custom="readingOrder {index:3;}">
                    <Coords points="723,697 723,757 890,757 890,697"/>
                    <TextEquiv>
                        <Unicode>Einakter,</Unicode>
                    </TextEquiv>
                </Word>
                <Word id="tr_1_tl_36_w5" custom="readingOrder {index:4;}">
                    <Coords points="907,697 907,757 948,757 948,697"/>
                    <TextEquiv>
                        <Unicode>ein</Unicode>
                    </TextEquiv>
                </Word>
                <Word id="tr_1_tl_36_w6" custom="readingOrder {index:5;}">
                    <Coords points="975,697 975,757 1059,757 1059,697"/>
                    <TextEquiv>
                        <Unicode>Jahr</Unicode>
                    </TextEquiv>
                </Word>
                <Word id="tr_1_tl_36_w7" custom="readingOrder {index:6;}">
                    <Coords points="1102,693 1102,753 1207,753 1207,693"/>
                    <TextEquiv>
                        <Unicode>später</Unicode>
                    </TextEquiv>
                </Word>
                <Word id="tr_1_tl_36_w8" custom="readingOrder {index:7;}">
                    <Coords points="1244,693 1244,753 1301,753 1301,693"/>
                    <TextEquiv>
                        <Unicode>das</Unicode>
                    </TextEquiv>
                </Word>
                <Word id="tr_1_tl_36_w9" custom="readingOrder {index:8;}">
                    <Coords points="1344,693 1344,753 1465,753 1465,693"/>
                    <TextEquiv>
                        <Unicode>Drama</Unicode>
                    </TextEquiv>
                </Word>
                <Word id="tr_1_tl_36_w10" custom="readingOrder {index:9;}">
                    <Coords points="1529,695 1529,755 1617,755 1617,695"/>
                    <TextEquiv>
                        <Unicode>„Der</Unicode>
                    </TextEquiv>
                </Word>
                <Word id="tr_1_tl_36_w11" custom="readingOrder {index:10;}">
                    <Coords points="1655,691 1655,751 1796,751 1796,691"/>
                    <TextEquiv>
                        <Unicode>Schleier</Unicode>
                    </TextEquiv>
                </Word>
                <Word id="tr_1_tl_36_w12" custom="readingOrder {index:11;}">
                    <Coords points="1839,689 1839,749 1891,749 1891,689"/>
                    <TextEquiv>
                        <Unicode>der</Unicode>
                    </TextEquiv>
                </Word>
                <TextEquiv>
                    <Unicode>hr abends verschied Einakter, ein Jahr später das Drama „Der Schleier der</Unicode>
                </TextEquiv>
            </TextLine>
            <TextLine id="tr_1_tl_37" custom="readingOrder {index:36;}">
                <Coords points="1999,774 3089,770 3093,701 3005,690 2774,730 2256,726 2150,682 2003,708"/>
                <Baseline points="2021,767 2074,764 2128,764 2182,766 2236,767 2290,764 2344,761 2397,764 2451,764 2505,762 2559,764 2613,761 2667,763 2721,761 2774,761 2828,758 2882,758 2936,758 2990,758 3044,760 3098,758"/>
                <Word id="tr_1_tl_37_w1" custom="readingOrder {index:0;}">
                    <Coords points="1999,726 1999,786 2073,786 2073,726"/>
                    <TextEquiv>
                        <Unicode>Das</Unicode>
                    </TextEquiv>
                </Word>
                <Word id="tr_1_tl_37_w2" custom="readingOrder {index:1;}">
                    <Coords points="2111,726 2111,786 2314,786 2314,726"/>
                    <TextEquiv>
                        <Unicode>Hinscheiden</Unicode>
                    </TextEquiv>
                </Word>
                <Word id="tr_1_tl_37_w3" custom="readingOrder {index:2;}">
                    <Coords points="2363,724 2363,784 2475,784 2475,724"/>
                    <TextEquiv>
                        <Unicode>Artur</Unicode>
                    </TextEquiv>
                </Word>
                <Word id="tr_1_tl_37_w4" custom="readingOrder {index:3;}">
                    <Coords points="2513,722 2513,782 2786,782 2786,722"/>
                    <TextEquiv>
                        <Unicode>Schnitzlers</Unicode>
                    </TextEquiv>
                </Word>
                <Word id="tr_1_tl_37_w5" custom="readingOrder {index:4;}">
                    <Coords points="2829,718 2829,778 2866,778 2866,718"/>
                    <TextEquiv>
                        <Unicode>ist</Unicode>
                    </TextEquiv>
                </Word>
                <Word id="tr_1_tl_37_w6" custom="readingOrder {index:5;}">
                    <Coords points="2909,718 2909,778 2994,778 2994,718"/>
                    <TextEquiv>
                        <Unicode>einer</Unicode>
                    </TextEquiv>
                </Word>
                <Word id="tr_1_tl_37_w7" custom="readingOrder {index:6;}">
                    <Coords points="3038,719 3038,779 3090,779 3090,719"/>
                    <TextEquiv>
                        <Unicode>der</Unicode>
                    </TextEquiv>
                </Word>
                <TextEquiv>
                    <Unicode>Das Hinscheiden Artur Schnitzlers ist einer der</Unicode>
                </TextEquiv>
            </TextLine>
            <TextLine id="tr_1_tl_38" custom="readingOrder {index:37;}">
                <Coords points="708,789 1897,789 1897,741 1827,734 708,745"/>
                <Baseline points="728,782 786,785 845,784 904,782 963,782 1022,782 1080,780 1139,779 1198,782 1257,782 1316,782 1374,782 1433,781 1492,779 1551,781 1610,777 1668,779 1727,779 1786,779 1845,777 1904,776"/>
                <Word id="tr_1_tl_38_w1" custom="readingOrder {index:0;}">
                    <Coords points="713,744 713,804 903,804 903,744"/>
                    <TextEquiv>
                        <Unicode>Beatrice",</Unicode>
                    </TextEquiv>
                </Word>
                <Word id="tr_1_tl_38_w2" custom="readingOrder {index:1;}">
                    <Coords points="924,742 924,802 993,802 993,742"/>
                    <TextEquiv>
                        <Unicode>1901</Unicode>
                    </TextEquiv>
                </Word>
                <Word id="tr_1_tl_38_w3" custom="readingOrder {index:2;}">
                    <Coords points="1020,741 1020,801 1075,801 1075,741"/>
                    <TextEquiv>
                        <Unicode>der</Unicode>
                    </TextEquiv>
                </Word>
                <Word id="tr_1_tl_38_w4" custom="readingOrder {index:3;}">
                    <Coords points="1100,742 1100,802 1362,802 1362,742"/>
                    <TextEquiv>
                        <Unicode>Einakterzyklus</Unicode>
                    </TextEquiv>
                </Word>
                <Word id="tr_1_tl_38_w5" custom="readingOrder {index:4;}">
                    <Coords points="1392,739 1392,799 1583,799 1583,739"/>
                    <TextEquiv>
                        <Unicode>„Lebendige</Unicode>
                    </TextEquiv>
                </Word>
                <Word id="tr_1_tl_38_w6" custom="readingOrder {index:5;}">
                    <Coords points="1614,739 1614,799 1805,799 1805,739"/>
                    <TextEquiv>
                        <Unicode>Stunden",</Unicode>
                    </TextEquiv>
                </Word>
                <Word id="tr_1_tl_38_w7" custom="readingOrder {index:6;}">
                    <Coords points="1825,736 1825,796 1890,796 1890,736"/>
                    <TextEquiv>
                        <Unicode>1903</Unicode>
                    </TextEquiv>
                </Word>
                <TextEquiv>
                    <Unicode>Beatrice", 1901 der Einakterzyklus „Lebendige Stunden", 1903</Unicode>
                </TextEquiv>
            </TextLine>
            <TextLine id="tr_1_tl_39" custom="readingOrder {index:38;}">
                <Coords points="176,803 242,818 686,803 686,756 635,748 539,763 514,748 382,763 176,752"/>
                <Baseline points="197,797 223,797 249,797 275,797 301,797 328,797 354,797 380,797 406,797 432,797 459,797 485,797 511,797 537,796 563,794 590,794 616,794 642,794 668,794 695,794"/>
                <Word id="tr_1_tl_39_w1" custom="readingOrder {index:0;}">
                    <Coords points="177,757 177,817 269,817 269,757"/>
                    <TextEquiv>
                        <Unicode>jeder</Unicode>
                    </TextEquiv>
                </Word>
                <Word id="tr_1_tl_39_w2" custom="readingOrder {index:1;}">
                    <Coords points="299,757 299,817 450,817 450,757"/>
                    <TextEquiv>
                        <Unicode>erlangt</Unicode>
                    </TextEquiv>
                </Word>
                <Word id="tr_1_tl_39_w3" custom="readingOrder {index:2;}">
                    <Coords points="486,757 486,817 520,817 520,757"/>
                    <TextEquiv>
                        <Unicode>zu</Unicode>
                    </TextEquiv>
                </Word>
                <Word id="tr_1_tl_39_w4" custom="readingOrder {index:3;}">
                    <Coords points="561,754 561,814 671,814 671,754"/>
                    <TextEquiv>
                        <Unicode>haben</Unicode>
                    </TextEquiv>
                </Word>
                <TextEquiv>
                    <Unicode>jeder erlangt zu haben</Unicode>
                </TextEquiv>
            </TextLine>
            <TextLine id="tr_1_tl_40" custom="readingOrder {index:39;}">
                <Coords points="712,840 3093,822 3093,770 3019,759 712,789"/>
                <Baseline points="731,829 849,831 967,829 1086,829 1204,828 1322,829 1441,826 1559,825 1677,826 1796,826 1914,820 2032,812 2151,815 2269,812 2387,812 2506,810 2624,809 2742,809 2861,806 2979,807 3098,809"/>
                <Word id="tr_1_tl_40_w1" custom="readingOrder {index:0;}">
                    <Coords points="713,789 713,849 767,849 767,789"/>
                    <TextEquiv>
                        <Unicode>das</Unicode>
                    </TextEquiv>
                </Word>
                <Word id="tr_1_tl_40_w2" custom="readingOrder {index:1;}">
                    <Coords points="801,790 801,850 922,850 922,790"/>
                    <TextEquiv>
                        <Unicode>Drama</Unicode>
                    </TextEquiv>
                </Word>
                <Word id="tr_1_tl_40_w3" custom="readingOrder {index:2;}">
                    <Coords points="955,789 955,849 1038,849 1038,789"/>
                    <TextEquiv>
                        <Unicode>„Der</Unicode>
                    </TextEquiv>
                </Word>
                <Word id="tr_1_tl_40_w4" custom="readingOrder {index:3;}">
                    <Coords points="1067,788 1067,848 1198,848 1198,788"/>
                    <TextEquiv>
                        <Unicode>einsame</Unicode>
                    </TextEquiv>
                </Word>
                <Word id="tr_1_tl_40_w5" custom="readingOrder {index:4;}">
                    <Coords points="1243,788 1243,848 1359,848 1359,788"/>
                    <TextEquiv>
                        <Unicode>Weg",</Unicode>
                    </TextEquiv>
                </Word>
                <Word id="tr_1_tl_40_w6" custom="readingOrder {index:5;}">
                    <Coords points="1393,786 1393,846 1464,846 1464,786"/>
                    <TextEquiv>
                        <Unicode>1904</Unicode>
                    </TextEquiv>
                </Word>
                <Word id="tr_1_tl_40_w7" custom="readingOrder {index:6;}">
                    <Coords points="1509,785 1509,845 1558,845 1558,785"/>
                    <TextEquiv>
                        <Unicode>die</Unicode>
                    </TextEquiv>
                </Word>
                <Word id="tr_1_tl_40_w8" custom="readingOrder {index:7;}">
                    <Coords points="1597,785 1597,845 1752,845 1752,785"/>
                    <TextEquiv>
                        <Unicode>Komödie</Unicode>
                    </TextEquiv>
                </Word>
                <Word id="tr_1_tl_40_w9" custom="readingOrder {index:8;}">
                    <Coords points="1797,783 1797,843 1884,843 1884,783"/>
                    <TextEquiv>
                        <Unicode>„Das</Unicode>
                    </TextEquiv>
                </Word>
                <Word id="tr_1_tl_40_w10" custom="readingOrder {index:9;}">
                    <Coords points="1918,775 1918,835 2056,835 2056,775"/>
                    <TextEquiv>
                        <Unicode>größten</Unicode>
                    </TextEquiv>
                </Word>
                <Word id="tr_1_tl_40_w11" custom="readingOrder {index:10;}">
                    <Coords points="2096,774 2096,834 2261,834 2261,774"/>
                    <TextEquiv>
                        <Unicode>Verluste,</Unicode>
                    </TextEquiv>
                </Word>
                <Word id="tr_1_tl_40_w12" custom="readingOrder {index:11;}">
                    <Coords points="2283,772 2283,832 2332,832 2332,772"/>
                    <TextEquiv>
                        <Unicode>den</Unicode>
                    </TextEquiv>
                </Word>
                <Word id="tr_1_tl_40_w13" custom="readingOrder {index:12;}">
                    <Coords points="2372,770 2372,830 2559,830 2559,770"/>
                    <TextEquiv>
                        <Unicode>Oesterreich</Unicode>
                    </TextEquiv>
                </Word>
                <Word id="tr_1_tl_40_w14" custom="readingOrder {index:13;}">
                    <Coords points="2599,769 2599,829 2626,829 2626,769"/>
                    <TextEquiv>
                        <Unicode>in</Unicode>
                    </TextEquiv>
                </Word>
                <Word id="tr_1_tl_40_w15" custom="readingOrder {index:14;}">
                    <Coords points="2665,769 2665,829 2759,829 2759,769"/>
                    <TextEquiv>
                        <Unicode>dieser</Unicode>
                    </TextEquiv>
                </Word>
                <Word id="tr_1_tl_40_w16" custom="readingOrder {index:15;}">
                    <Coords points="2798,766 2798,826 2908,826 2908,766"/>
                    <TextEquiv>
                        <Unicode>wirren</Unicode>
                    </TextEquiv>
                </Word>
                <Word id="tr_1_tl_40_w17" custom="readingOrder {index:16;}">
                    <Coords points="2947,767 2947,827 3035,827 3035,767"/>
                    <TextEquiv>
                        <Unicode>Zeit,</Unicode>
                    </TextEquiv>
                </Word>
                <Word id="tr_1_tl_40_w18" custom="readingOrder {index:17;}">
                    <Coords points="3063,768 3063,828 3085,828 3085,768"/>
                    <TextEquiv>
                        <Unicode>in</Unicode>
                    </TextEquiv>
                </Word>
                <TextEquiv>
                    <Unicode>das Drama „Der einsame Weg", 1904 die Komödie „Das größten Verluste, den Oesterreich in dieser wirren Zeit, in</Unicode>
                </TextEquiv>
            </TextLine>
            <TextLine id="tr_1_tl_41" custom="readingOrder {index:40;}">
                <Coords points="176,858 216,877 249,862 345,877 437,858 686,866 686,807 473,796 429,814 345,803 242,818 176,803"/>
                <Baseline points="197,850 223,850 249,850 275,850 301,850 327,850 353,850 379,850 405,850 431,850 457,850 483,849 509,847 535,847 561,847 587,847 613,847 639,847 665,847 692,847"/>
                <Word id="tr_1_tl_41_w1" custom="readingOrder {index:0;}">
                    <Coords points="178,810 178,870 232,870 232,810"/>
                    <TextEquiv>
                        <Unicode>sag</Unicode>
                    </TextEquiv>
                </Word>
                <Word id="tr_1_tl_41_w2" custom="readingOrder {index:1;}">
                    <Coords points="270,810 270,870 559,870 559,810"/>
                    <TextEquiv>
                        <Unicode>zurückzuführen</Unicode>
                    </TextEquiv>
                </Word>
                <Word id="tr_1_tl_41_w3" custom="readingOrder {index:2;}">
                    <Coords points="603,807 603,867 663,867 663,807"/>
                    <TextEquiv>
                        <Unicode>sein</Unicode>
                    </TextEquiv>
                </Word>
                <TextEquiv>
                    <Unicode>sag zurückzuführen sein</Unicode>
                </TextEquiv>
            </TextLine>
            <TextLine id="tr_1_tl_42" custom="readingOrder {index:41;}">
                <Coords points="715,892 3096,866 3045,807 715,836"/>
                <Baseline points="737,880 855,880 973,877 1092,877 1210,876 1328,874 1447,874 1565,874 1683,874 1802,872 1920,865 2038,862 2157,859 2275,859 2393,859 2512,859 2630,858 2748,856 2867,855 2985,855 3104,856"/>
                <Word id="tr_1_tl_42_w1" custom="readingOrder {index:0;}">
                    <Coords points="721,840 721,900 975,900 975,840"/>
                    <TextEquiv>
                        <Unicode>Zwischenspiel"</Unicode>
                    </TextEquiv>
                </Word>
                <Word id="tr_1_tl_42_w2" custom="readingOrder {index:1;}">
                    <Coords points="1003,837 1003,897 1059,897 1059,837"/>
                    <TextEquiv>
                        <Unicode>und</Unicode>
                    </TextEquiv>
                </Word>
                <Word id="tr_1_tl_42_w3" custom="readingOrder {index:2;}">
                    <Coords points="1088,836 1088,896 1127,896 1127,836"/>
                    <TextEquiv>
                        <Unicode>die</Unicode>
                    </TextEquiv>
                </Word>
                <Word id="tr_1_tl_42_w4" custom="readingOrder {index:3;}">
                    <Coords points="1150,835 1150,895 1387,895 1387,835"/>
                    <TextEquiv>
                        <Unicode>Einakterreihe</Unicode>
                    </TextEquiv>
                </Word>
                <Word id="tr_1_tl_42_w5" custom="readingOrder {index:4;}">
                    <Coords points="1410,834 1410,894 1692,894 1692,834"/>
                    <TextEquiv>
                        <Unicode>„Marionetten".</Unicode>
                    </TextEquiv>
                </Word>
                <Word id="tr_1_tl_42_w6" custom="readingOrder {index:5;}">
                    <Coords points="1704,833 1704,893 1749,893 1749,833"/>
                    <TextEquiv>
                        <Unicode>Im</Unicode>
                    </TextEquiv>
                </Word>
                <Word id="tr_1_tl_42_w7" custom="readingOrder {index:6;}">
                    <Coords points="1783,829 1783,889 1890,889 1890,829"/>
                    <TextEquiv>
                        <Unicode>Jahre</Unicode>
                    </TextEquiv>
                </Word>
                <Word id="tr_1_tl_42_w8" custom="readingOrder {index:7;}">
                    <Coords points="1919,823 1919,883 2020,883 2020,823"/>
                    <TextEquiv>
                        <Unicode>dieser</Unicode>
                    </TextEquiv>
                </Word>
                <Word id="tr_1_tl_42_w9" custom="readingOrder {index:8;}">
                    <Coords points="2054,820 2054,880 2132,880 2132,820"/>
                    <TextEquiv>
                        <Unicode>Zeit</Unicode>
                    </TextEquiv>
                </Word>
                <Word id="tr_1_tl_42_w10" custom="readingOrder {index:9;}">
                    <Coords points="2162,819 2162,879 2212,879 2212,819"/>
                    <TextEquiv>
                        <Unicode>des</Unicode>
                    </TextEquiv>
                </Word>
                <Word id="tr_1_tl_42_w11" custom="readingOrder {index:10;}">
                    <Coords points="2247,819 2247,879 2398,879 2398,819"/>
                    <TextEquiv>
                        <Unicode>Abbaues</Unicode>
                    </TextEquiv>
                </Word>
                <Word id="tr_1_tl_42_w12" custom="readingOrder {index:11;}">
                    <Coords points="2438,819 2438,879 2511,879 2511,819"/>
                    <TextEquiv>
                        <Unicode>aller</Unicode>
                    </TextEquiv>
                </Word>
                <Word id="tr_1_tl_42_w13" custom="readingOrder {index:12;}">
                    <Coords points="2546,818 2546,878 2664,878 2664,818"/>
                    <TextEquiv>
                        <Unicode>Ideale</Unicode>
                    </TextEquiv>
                </Word>
                <Word id="tr_1_tl_42_w14" custom="readingOrder {index:13;}">
                    <Coords points="2693,815 2693,875 2828,875 2828,815"/>
                    <TextEquiv>
                        <Unicode>erleiden</Unicode>
                    </TextEquiv>
                </Word>
                <Word id="tr_1_tl_42_w15" custom="readingOrder {index:14;}">
                    <Coords points="2868,815 2868,875 2997,875 2997,815"/>
                    <TextEquiv>
                        <Unicode>konnte.</Unicode>
                    </TextEquiv>
                </Word>
                <Word id="tr_1_tl_42_w16" custom="readingOrder {index:15;}">
                    <Coords points="3031,815 3031,875 3076,875 3076,815"/>
                    <TextEquiv>
                        <Unicode>Um</Unicode>
                    </TextEquiv>
                </Word>
                <TextEquiv>
                    <Unicode>Zwischenspiel" und die Einakterreihe „Marionetten". Im Jahre dieser Zeit des Abbaues aller Ideale erleiden konnte. Um</Unicode>
                </TextEquiv>
            </TextLine>
            <TextLine id="tr_1_tl_43" custom="readingOrder {index:42;}">
                <Coords points="1919,925 3089,917 3089,862 1919,873"/>
                <Baseline points="1940,910 1997,907 2055,909 2113,910 2171,909 2229,907 2287,907 2345,907 2403,907 2461,907 2519,904 2576,907 2634,905 2692,901 2750,902 2808,904 2866,904 2924,904 2982,901 3040,901 3098,901"/>
                <Word id="tr_1_tl_43_w1" custom="readingOrder {index:0;}">
                    <Coords points="1919,870 1919,930 1950,930 1950,870"/>
                    <TextEquiv>
                        <Unicode>so</Unicode>
                    </TextEquiv>
                </Word>
                <Word id="tr_1_tl_43_w2" custom="readingOrder {index:1;}">
                    <Coords points="1993,869 1993,929 2219,929 2219,869"/>
                    <TextEquiv>
                        <Unicode>schmerzlicher</Unicode>
                    </TextEquiv>
                </Word>
                <Word id="tr_1_tl_43_w3" custom="readingOrder {index:2;}">
                    <Coords points="2263,867 2263,927 2421,927 2421,867"/>
                    <TextEquiv>
                        <Unicode>empfinde</Unicode>
                    </TextEquiv>
                </Word>
                <Word id="tr_1_tl_43_w4" custom="readingOrder {index:3;}">
                    <Coords points="2453,866 2453,926 2489,926 2489,866"/>
                    <TextEquiv>
                        <Unicode>ich</Unicode>
                    </TextEquiv>
                </Word>
                <Word id="tr_1_tl_43_w5" custom="readingOrder {index:4;}">
                    <Coords points="2522,865 2522,925 2711,925 2711,865"/>
                    <TextEquiv>
                        <Unicode>Schnitzlers</Unicode>
                    </TextEquiv>
                </Word>
                <Word id="tr_1_tl_43_w6" custom="readingOrder {index:5;}">
                    <Coords points="2749,863 2749,923 2812,923 2812,863"/>
                    <TextEquiv>
                        <Unicode>Tod</Unicode>
                    </TextEquiv>
                </Word>
                <Word id="tr_1_tl_43_w7" custom="readingOrder {index:6;}">
                    <Coords points="2850,864 2850,924 2934,924 2934,864"/>
                    <TextEquiv>
                        <Unicode>jetzt,</Unicode>
                    </TextEquiv>
                </Word>
                <Word id="tr_1_tl_43_w8" custom="readingOrder {index:7;}">
                    <Coords points="2966,861 2966,921 2997,921 2997,861"/>
                    <TextEquiv>
                        <Unicode>da</Unicode>
                    </TextEquiv>
                </Word>
                <Word id="tr_1_tl_43_w9" custom="readingOrder {index:8;}">
                    <Coords points="3035,861 3035,921 3092,921 3092,861"/>
                    <TextEquiv>
                        <Unicode>wir</Unicode>
                    </TextEquiv>
                </Word>
                <TextEquiv>
                    <Unicode>so schmerzlicher empfinde ich Schnitzlers Tod jetzt, da wir</Unicode>
                </TextEquiv>
            </TextLine>
            <TextLine id="tr_1_tl_44" custom="readingOrder {index:43;}">
                <Coords points="172,928 308,928 349,910 371,925 580,925 605,910 682,925 682,866 172,862"/>
                <Baseline points="194,910 220,910 246,910 272,910 298,910 325,910 351,909 377,907 403,909 429,910 456,910 482,910 508,910 534,910 560,910 587,908 613,908 639,909 665,909 692,907"/>
                <Word id="tr_1_tl_44_w1" custom="readingOrder {index:0;}">
                    <Coords points="180,870 180,930 324,930 324,870"/>
                    <TextEquiv>
                        <Unicode>weilten</Unicode>
                    </TextEquiv>
                </Word>
                <Word id="tr_1_tl_44_w2" custom="readingOrder {index:1;}">
                    <Coords points="370,868 370,928 432,928 432,868"/>
                    <TextEquiv>
                        <Unicode>sein</Unicode>
                    </TextEquiv>
                </Word>
                <Word id="tr_1_tl_44_w3" custom="readingOrder {index:2;}">
                    <Coords points="476,870 476,930 596,930 596,870"/>
                    <TextEquiv>
                        <Unicode>sofort</Unicode>
                    </TextEquiv>
                </Word>
                <Word id="tr_1_tl_44_w4" custom="readingOrder {index:3;}">
                    <Coords points="634,869 634,929 684,929 684,869"/>
                    <TextEquiv>
                        <Unicode>be¬</Unicode>
                    </TextEquiv>
                </Word>
                <TextEquiv>
                    <Unicode>weilten sein sofort be¬</Unicode>
                </TextEquiv>
            </TextLine>
            <TextLine id="tr_1_tl_45" custom="readingOrder {index:44;}">
                <Coords points="715,936 1893,936 1893,884 715,892"/>
                <Baseline points="734,925 792,925 850,925 909,928 967,925 1025,925 1084,925 1142,925 1200,923 1259,923 1317,925 1375,922 1434,922 1492,922 1550,922 1609,923 1667,923 1725,922 1784,922 1842,920 1901,916"/>
                <Word id="tr_1_tl_45_w1" custom="readingOrder {index:0;}">
                    <Coords points="720,885 720,945 784,945 784,885"/>
                    <TextEquiv>
                        <Unicode>1909</Unicode>
                    </TextEquiv>
                </Word>
                <Word id="tr_1_tl_45_w2" custom="readingOrder {index:1;}">
                    <Coords points="815,885 815,945 916,945 916,885"/>
                    <TextEquiv>
                        <Unicode>folgte</Unicode>
                    </TextEquiv>
                </Word>
                <Word id="tr_1_tl_45_w3" custom="readingOrder {index:2;}">
                    <Coords points="942,885 942,945 1022,945 1022,885"/>
                    <TextEquiv>
                        <Unicode>dann</Unicode>
                    </TextEquiv>
                </Word>
                <Word id="tr_1_tl_45_w4" custom="readingOrder {index:3;}">
                    <Coords points="1053,884 1053,944 1244,944 1244,884"/>
                    <TextEquiv>
                        <Unicode>Schnitzlers</Unicode>
                    </TextEquiv>
                </Word>
                <Word id="tr_1_tl_45_w5" custom="readingOrder {index:4;}">
                    <Coords points="1275,882 1275,942 1462,942 1462,882"/>
                    <TextEquiv>
                        <Unicode>historisches</Unicode>
                    </TextEquiv>
                </Word>
                <Word id="tr_1_tl_45_w6" custom="readingOrder {index:5;}">
                    <Coords points="1492,882 1492,942 1618,942 1618,882"/>
                    <TextEquiv>
                        <Unicode>Drama</Unicode>
                    </TextEquiv>
                </Word>
                <Word id="tr_1_tl_45_w7" custom="readingOrder {index:6;}">
                    <Coords points="1669,882 1669,942 1750,942 1750,882"/>
                    <TextEquiv>
                        <Unicode>„Der</Unicode>
                    </TextEquiv>
                </Word>
                <Word id="tr_1_tl_45_w8" custom="readingOrder {index:7;}">
                    <Coords points="1796,879 1796,939 1896,939 1896,879"/>
                    <TextEquiv>
                        <Unicode>junge</Unicode>
                    </TextEquiv>
                </Word>
                <TextEquiv>
                    <Unicode>1909 folgte dann Schnitzlers historisches Drama „Der junge</Unicode>
                </TextEquiv>
            </TextLine>
            <TextLine id="tr_1_tl_46" custom="readingOrder {index:45;}">
                <Coords points="708,983 3096,965 3096,914 3016,906 708,936"/>
                <Baseline points="728,970 846,973 965,973 1084,973 1203,970 1322,970 1440,970 1559,972 1678,970 1797,967 1916,961 2034,958 2153,957 2272,957 2391,955 2510,954 2628,953 2747,952 2866,952 2985,950 3104,952"/>
                <Word id="tr_1_tl_46_w1" custom="readingOrder {index:0;}">
                    <Coords points="713,932 713,992 944,992 944,932"/>
                    <TextEquiv>
                        <Unicode>Medardus",</Unicode>
                    </TextEquiv>
                </Word>
                <Word id="tr_1_tl_46_w2" custom="readingOrder {index:1;}">
                    <Coords points="955,933 955,993 1044,993 1044,933"/>
                    <TextEquiv>
                        <Unicode>dessen</Unicode>
                    </TextEquiv>
                </Word>
                <Word id="tr_1_tl_46_w3" custom="readingOrder {index:2;}">
                    <Coords points="1076,931 1076,991 1239,991 1239,931"/>
                    <TextEquiv>
                        <Unicode>Titelrolle</Unicode>
                    </TextEquiv>
                </Word>
                <Word id="tr_1_tl_46_w4" custom="readingOrder {index:3;}">
                    <Coords points="1266,930 1266,990 1355,990 1355,930"/>
                    <TextEquiv>
                        <Unicode>Josef</Unicode>
                    </TextEquiv>
                </Word>
                <Word id="tr_1_tl_46_w5" custom="readingOrder {index:4;}">
                    <Coords points="1377,930 1377,990 1514,990 1514,930"/>
                    <TextEquiv>
                        <Unicode>Kainz</Unicode>
                    </TextEquiv>
                </Word>
                <Word id="tr_1_tl_46_w6" custom="readingOrder {index:5;}">
                    <Coords points="1535,930 1535,990 1719,990 1719,930"/>
                    <TextEquiv>
                        <Unicode>zugedacht,</Unicode>
                    </TextEquiv>
                </Word>
                <Word id="tr_1_tl_46_w7" custom="readingOrder {index:6;}">
                    <Coords points="1730,927 1730,987 1798,987 1798,927"/>
                    <TextEquiv>
                        <Unicode>aber</Unicode>
                    </TextEquiv>
                </Word>
                <Word id="tr_1_tl_46_w8" custom="readingOrder {index:7;}">
                    <Coords points="1825,924 1825,984 1871,984 1871,924"/>
                    <TextEquiv>
                        <Unicode>dem</Unicode>
                    </TextEquiv>
                </Word>
                <Word id="tr_1_tl_46_w9" custom="readingOrder {index:8;}">
                    <Coords points="1920,919 1920,979 2040,979 2040,919"/>
                    <TextEquiv>
                        <Unicode>gerade</Unicode>
                    </TextEquiv>
                </Word>
                <Word id="tr_1_tl_46_w10" custom="readingOrder {index:9;}">
                    <Coords points="2072,917 2072,977 2093,977 2093,917"/>
                    <TextEquiv>
                        <Unicode>im</Unicode>
                    </TextEquiv>
                </Word>
                <Word id="tr_1_tl_46_w11" custom="readingOrder {index:10;}">
                    <Coords points="2141,917 2141,977 2287,977 2287,917"/>
                    <TextEquiv>
                        <Unicode>Begriffe</Unicode>
                    </TextEquiv>
                </Word>
                <Word id="tr_1_tl_46_w12" custom="readingOrder {index:11;}">
                    <Coords points="2315,915 2315,975 2441,975 2441,915"/>
                    <TextEquiv>
                        <Unicode>waren,</Unicode>
                    </TextEquiv>
                </Word>
                <Word id="tr_1_tl_46_w13" custom="readingOrder {index:12;}">
                    <Coords points="2468,914 2468,974 2520,974 2520,914"/>
                    <TextEquiv>
                        <Unicode>den</Unicode>
                    </TextEquiv>
                </Word>
                <Word id="tr_1_tl_46_w14" custom="readingOrder {index:13;}">
                    <Coords points="2552,913 2552,973 2604,973 2604,913"/>
                    <TextEquiv>
                        <Unicode>70.</Unicode>
                    </TextEquiv>
                </Word>
                <Word id="tr_1_tl_46_w15" custom="readingOrder {index:14;}">
                    <Coords points="2625,912 2625,972 2831,972 2831,912"/>
                    <TextEquiv>
                        <Unicode>Geburtstag</Unicode>
                    </TextEquiv>
                </Word>
                <Word id="tr_1_tl_46_w16" custom="readingOrder {index:15;}">
                    <Coords points="2863,911 2863,971 2915,971 2915,911"/>
                    <TextEquiv>
                        <Unicode>des</Unicode>
                    </TextEquiv>
                </Word>
                <Word id="tr_1_tl_46_w17" custom="readingOrder {index:16;}">
                    <Coords points="2947,910 2947,970 3088,970 3088,910"/>
                    <TextEquiv>
                        <Unicode>Dichters</Unicode>
                    </TextEquiv>
                </Word>
                <TextEquiv>
                    <Unicode>Medardus", dessen Titelrolle Josef Kainz zugedacht, aber dem gerade im Begriffe waren, den 70. Geburtstag des Dichters</Unicode>
                </TextEquiv>
            </TextLine>
            <TextLine id="tr_1_tl_47" custom="readingOrder {index:46;}">
                <Coords points="172,980 429,980 477,961 550,983 682,980 686,921 609,910 576,928 466,914 371,928 352,910 312,932 172,928"/>
                <Baseline points="191,964 217,964 243,964 269,964 295,965 322,966 348,966 374,964 400,964 426,964 453,962 479,961 505,961 531,961 557,961 584,961 610,961 636,961 662,961 689,961"/>
                <Word id="tr_1_tl_47_w1" custom="readingOrder {index:0;}">
                    <Coords points="174,924 174,984 205,984 205,924"/>
                    <TextEquiv>
                        <Unicode>hr</Unicode>
                    </TextEquiv>
                </Word>
                <Word id="tr_1_tl_47_w2" custom="readingOrder {index:1;}">
                    <Coords points="231,924 231,984 306,984 306,924"/>
                    <TextEquiv>
                        <Unicode>Dr.</Unicode>
                    </TextEquiv>
                </Word>
                <Word id="tr_1_tl_47_w3" custom="readingOrder {index:2;}">
                    <Coords points="326,924 326,984 459,984 459,924"/>
                    <TextEquiv>
                        <Unicode>Julius</Unicode>
                    </TextEquiv>
                </Word>
                <Word id="tr_1_tl_47_w4" custom="readingOrder {index:3;}">
                    <Coords points="492,921 492,981 688,981 688,921"/>
                    <TextEquiv>
                        <Unicode>Schnitzler</Unicode>
                    </TextEquiv>
                </Word>
                <TextEquiv>
                    <Unicode>hr Dr. Julius Schnitzler</Unicode>
                </TextEquiv>
            </TextLine>
            <TextLine id="tr_1_tl_48" custom="readingOrder {index:47;}">
                <Coords points="169,1035 3100,1013 3100,965 2935,954 169,983"/>
                <Baseline points="188,1015 333,1018 479,1015 625,1013 771,1021 917,1021 1062,1021 1208,1018 1354,1016 1500,1018 1646,1015 1791,1015 1937,1006 2083,1004 2229,1004 2375,1003 2520,1000 2666,1000 2812,1000 2958,997 3104,1000"/>
                <Word id="tr_1_tl_48_w1" custom="readingOrder {index:0;}">
                    <Coords points="170,975 170,1035 284,1035 284,975"/>
                    <TextEquiv>
                        <Unicode>senden</Unicode>
                    </TextEquiv>
                </Word>
                <Word id="tr_1_tl_48_w2" custom="readingOrder {index:1;}">
                    <Coords points="325,975 325,1035 578,1035 578,975"/>
                    <TextEquiv>
                        <Unicode>Angehörigen</Unicode>
                    </TextEquiv>
                </Word>
                <Word id="tr_1_tl_48_w3" custom="readingOrder {index:2;}">
                    <Coords points="625,974 625,1034 676,1034 676,974"/>
                    <TextEquiv>
                        <Unicode>des</Unicode>
                    </TextEquiv>
                </Word>
                <Word id="tr_1_tl_48_w4" custom="readingOrder {index:3;}">
                    <Coords points="717,981 717,1041 872,1041 872,981"/>
                    <TextEquiv>
                        <Unicode>Künstler</Unicode>
                    </TextEquiv>
                </Word>
                <Word id="tr_1_tl_48_w5" custom="readingOrder {index:4;}">
                    <Coords points="896,981 896,1041 976,1041 976,981"/>
                    <TextEquiv>
                        <Unicode>nicht</Unicode>
                    </TextEquiv>
                </Word>
                <Word id="tr_1_tl_48_w6" custom="readingOrder {index:5;}">
                    <Coords points="1000,981 1000,1041 1080,1041 1080,981"/>
                    <TextEquiv>
                        <Unicode>mehr</Unicode>
                    </TextEquiv>
                </Word>
                <Word id="tr_1_tl_48_w7" custom="readingOrder {index:6;}">
                    <Coords points="1109,979 1109,1039 1137,1039 1137,979"/>
                    <TextEquiv>
                        <Unicode>zu</Unicode>
                    </TextEquiv>
                </Word>
                <Word id="tr_1_tl_48_w8" custom="readingOrder {index:7;}">
                    <Coords points="1167,977 1167,1037 1275,1037 1275,977"/>
                    <TextEquiv>
                        <Unicode>spielen</Unicode>
                    </TextEquiv>
                </Word>
                <Word id="tr_1_tl_48_w9" custom="readingOrder {index:8;}">
                    <Coords points="1305,976 1305,1036 1466,1036 1466,976"/>
                    <TextEquiv>
                        <Unicode>vergönnt</Unicode>
                    </TextEquiv>
                </Word>
                <Word id="tr_1_tl_48_w10" custom="readingOrder {index:9;}">
                    <Coords points="1490,977 1490,1037 1570,1037 1570,977"/>
                    <TextEquiv>
                        <Unicode>war,</Unicode>
                    </TextEquiv>
                </Word>
                <Word id="tr_1_tl_48_w11" custom="readingOrder {index:10;}">
                    <Coords points="1593,975 1593,1035 1656,1035 1656,975"/>
                    <TextEquiv>
                        <Unicode>1910</Unicode>
                    </TextEquiv>
                </Word>
                <Word id="tr_1_tl_48_w12" custom="readingOrder {index:11;}">
                    <Coords points="1680,975 1680,1035 1777,1035 1777,975"/>
                    <TextEquiv>
                        <Unicode>folgte</Unicode>
                    </TextEquiv>
                </Word>
                <Word id="tr_1_tl_48_w13" custom="readingOrder {index:12;}">
                    <Coords points="1806,971 1806,1031 1886,1031 1886,971"/>
                    <TextEquiv>
                        <Unicode>„Das</Unicode>
                    </TextEquiv>
                </Word>
                <Word id="tr_1_tl_48_w14" custom="readingOrder {index:13;}">
                    <Coords points="1921,965 1921,1025 2060,1025 2060,965"/>
                    <TextEquiv>
                        <Unicode>feierlich</Unicode>
                    </TextEquiv>
                </Word>
                <Word id="tr_1_tl_48_w15" custom="readingOrder {index:14;}">
                    <Coords points="2089,964 2089,1024 2123,1024 2123,964"/>
                    <TextEquiv>
                        <Unicode>zu</Unicode>
                    </TextEquiv>
                </Word>
                <Word id="tr_1_tl_48_w16" custom="readingOrder {index:15;}">
                    <Coords points="2158,963 2158,1023 2313,1023 2313,963"/>
                    <TextEquiv>
                        <Unicode>begehen.</Unicode>
                    </TextEquiv>
                </Word>
                <Word id="tr_1_tl_48_w17" custom="readingOrder {index:16;}">
                    <Coords points="2342,963 2342,1023 2394,1023 2394,963"/>
                    <TextEquiv>
                        <Unicode>Da</Unicode>
                    </TextEquiv>
                </Word>
                <Word id="tr_1_tl_48_w18" custom="readingOrder {index:17;}">
                    <Coords points="2423,961 2423,1021 2463,1021 2463,961"/>
                    <TextEquiv>
                        <Unicode>ich</Unicode>
                    </TextEquiv>
                </Word>
                <Word id="tr_1_tl_48_w19" custom="readingOrder {index:18;}">
                    <Coords points="2498,960 2498,1020 2550,1020 2550,960"/>
                    <TextEquiv>
                        <Unicode>das</Unicode>
                    </TextEquiv>
                </Word>
                <Word id="tr_1_tl_48_w20" custom="readingOrder {index:19;}">
                    <Coords points="2585,960 2585,1020 2682,1020 2682,960"/>
                    <TextEquiv>
                        <Unicode>Glück</Unicode>
                    </TextEquiv>
                </Word>
                <Word id="tr_1_tl_48_w21" custom="readingOrder {index:20;}">
                    <Coords points="2706,960 2706,1020 2809,1020 2809,960"/>
                    <TextEquiv>
                        <Unicode>hatte,</Unicode>
                    </TextEquiv>
                </Word>
                <Word id="tr_1_tl_48_w22" custom="readingOrder {index:21;}">
                    <Coords points="2832,958 2832,1018 2895,1018 2895,958"/>
                    <TextEquiv>
                        <Unicode>mit</Unicode>
                    </TextEquiv>
                </Word>
                <Word id="tr_1_tl_48_w23" custom="readingOrder {index:22;}">
                    <Coords points="2919,957 2919,1017 3091,1017 3091,957"/>
                    <TextEquiv>
                        <Unicode>Schnitzler</Unicode>
                    </TextEquiv>
                </Word>
                <TextEquiv>
                    <Unicode>senden Angehörigen des Künstler nicht mehr zu spielen vergönnt war, 1910 folgte „Das feierlich zu begehen. Da ich das Glück hatte, mit Schnitzler</Unicode>
                </TextEquiv>
            </TextLine>
            <TextLine id="tr_1_tl_49" custom="readingOrder {index:48;}">
                <Coords points="1915,1068 3089,1060 3049,1009 1915,1016"/>
                <Baseline points="1934,1050 1992,1051 2050,1053 2108,1053 2166,1053 2225,1052 2283,1052 2341,1050 2399,1051 2457,1051 2516,1047 2574,1050 2632,1050 2690,1050 2748,1047 2807,1047 2865,1047 2923,1044 2981,1045 3039,1047 3098,1044"/>
                <Word id="tr_1_tl_49_w1" custom="readingOrder {index:0;}">
                    <Coords points="1919,1011 1919,1071 2109,1071 2109,1011"/>
                    <TextEquiv>
                        <Unicode>befreundet</Unicode>
                    </TextEquiv>
                </Word>
                <Word id="tr_1_tl_49_w2" custom="readingOrder {index:1;}">
                    <Coords points="2134,1012 2134,1072 2266,1072 2266,1012"/>
                    <TextEquiv>
                        <Unicode>gewesen</Unicode>
                    </TextEquiv>
                </Word>
                <Word id="tr_1_tl_49_w3" custom="readingOrder {index:2;}">
                    <Coords points="2301,1010 2301,1070 2329,1070 2329,1010"/>
                    <TextEquiv>
                        <Unicode>zu</Unicode>
                    </TextEquiv>
                </Word>
                <Word id="tr_1_tl_49_w4" custom="readingOrder {index:3;}">
                    <Coords points="2364,1011 2364,1071 2442,1071 2442,1011"/>
                    <TextEquiv>
                        <Unicode>sein,</Unicode>
                    </TextEquiv>
                </Word>
                <Word id="tr_1_tl_49_w5" custom="readingOrder {index:4;}">
                    <Coords points="2462,1009 2462,1069 2491,1069 2491,1009"/>
                    <TextEquiv>
                        <Unicode>so</Unicode>
                    </TextEquiv>
                </Word>
                <Word id="tr_1_tl_49_w6" custom="readingOrder {index:5;}">
                    <Coords points="2521,1008 2521,1068 2584,1068 2584,1008"/>
                    <TextEquiv>
                        <Unicode>war</Unicode>
                    </TextEquiv>
                </Word>
                <Word id="tr_1_tl_49_w7" custom="readingOrder {index:6;}">
                    <Coords points="2614,1010 2614,1070 2642,1070 2642,1010"/>
                    <TextEquiv>
                        <Unicode>er</Unicode>
                    </TextEquiv>
                </Word>
                <Word id="tr_1_tl_49_w8" custom="readingOrder {index:7;}">
                    <Coords points="2672,1009 2672,1069 2730,1069 2730,1009"/>
                    <TextEquiv>
                        <Unicode>mir</Unicode>
                    </TextEquiv>
                </Word>
                <Word id="tr_1_tl_49_w9" custom="readingOrder {index:8;}">
                    <Coords points="2760,1007 2760,1067 2838,1067 2838,1007"/>
                    <TextEquiv>
                        <Unicode>nicht</Unicode>
                    </TextEquiv>
                </Word>
                <Word id="tr_1_tl_49_w10" custom="readingOrder {index:9;}">
                    <Coords points="2868,1005 2868,1065 2926,1065 2926,1005"/>
                    <TextEquiv>
                        <Unicode>nur</Unicode>
                    </TextEquiv>
                </Word>
                <Word id="tr_1_tl_49_w11" custom="readingOrder {index:10;}">
                    <Coords points="2956,1004 2956,1064 3004,1064 3004,1004"/>
                    <TextEquiv>
                        <Unicode>der</Unicode>
                    </TextEquiv>
                </Word>
                <Word id="tr_1_tl_49_w12" custom="readingOrder {index:11;}">
                    <Coords points="3034,1005 3034,1065 3087,1065 3087,1005"/>
                    <TextEquiv>
                        <Unicode>an¬</Unicode>
                    </TextEquiv>
                </Word>
                <TextEquiv>
                    <Unicode>befreundet gewesen zu sein, so war er mir nicht nur der an¬</Unicode>
                </TextEquiv>
            </TextLine>
            <TextLine id="tr_1_tl_50" custom="readingOrder {index:49;}">
                <Coords points="176,1086 1882,1079 1886,1024 180,1027"/>
                <Baseline points="197,1068 281,1066 366,1070 451,1068 536,1066 621,1067 706,1066 791,1068 876,1068 961,1068 1046,1068 1130,1068 1215,1066 1300,1065 1385,1063 1470,1063 1555,1064 1640,1062 1725,1061 1810,1059 1895,1056"/>
                <Word id="tr_1_tl_50_w1" custom="readingOrder {index:0;}">
                    <Coords points="182,1028 182,1088 468,1088 468,1028"/>
                    <TextEquiv>
                        <Unicode>Dispositionen</Unicode>
                    </TextEquiv>
                </Word>
                <Word id="tr_1_tl_50_w2" custom="readingOrder {index:1;}">
                    <Coords points="508,1026 508,1086 595,1086 595,1026"/>
                    <TextEquiv>
                        <Unicode>über</Unicode>
                    </TextEquiv>
                </Word>
                <Word id="tr_1_tl_50_w3" custom="readingOrder {index:2;}">
                    <Coords points="629,1026 629,1086 684,1086 684,1026"/>
                    <TextEquiv>
                        <Unicode>die</Unicode>
                    </TextEquiv>
                </Word>
                <Word id="tr_1_tl_50_w4" custom="readingOrder {index:3;}">
                    <Coords points="718,1027 718,1087 811,1087 811,1027"/>
                    <TextEquiv>
                        <Unicode>weite</Unicode>
                    </TextEquiv>
                </Word>
                <Word id="tr_1_tl_50_w5" custom="readingOrder {index:4;}">
                    <Coords points="840,1028 840,1088 944,1088 944,1028"/>
                    <TextEquiv>
                        <Unicode>Land"</Unicode>
                    </TextEquiv>
                </Word>
                <Word id="tr_1_tl_50_w6" custom="readingOrder {index:5;}">
                    <Coords points="972,1028 972,1088 1032,1088 1032,1028"/>
                    <TextEquiv>
                        <Unicode>und</Unicode>
                    </TextEquiv>
                </Word>
                <Word id="tr_1_tl_50_w7" custom="readingOrder {index:6;}">
                    <Coords points="1061,1028 1061,1088 1132,1088 1132,1028"/>
                    <TextEquiv>
                        <Unicode>1912</Unicode>
                    </TextEquiv>
                </Word>
                <Word id="tr_1_tl_50_w8" custom="readingOrder {index:7;}">
                    <Coords points="1160,1025 1160,1085 1342,1085 1342,1025"/>
                    <TextEquiv>
                        <Unicode>„Prosessor</Unicode>
                    </TextEquiv>
                </Word>
                <Word id="tr_1_tl_50_w9" custom="readingOrder {index:8;}">
                    <Coords points="1365,1023 1365,1083 1590,1083 1590,1023"/>
                    <TextEquiv>
                        <Unicode>Bernhardi",</Unicode>
                    </TextEquiv>
                </Word>
                <Word id="tr_1_tl_50_w10" custom="readingOrder {index:9;}">
                    <Coords points="1608,1021 1608,1081 1690,1081 1690,1021"/>
                    <TextEquiv>
                        <Unicode>schon</Unicode>
                    </TextEquiv>
                </Word>
                <Word id="tr_1_tl_50_w11" custom="readingOrder {index:10;}">
                    <Coords points="1724,1020 1724,1080 1767,1080 1767,1020"/>
                    <TextEquiv>
                        <Unicode>bei</Unicode>
                    </TextEquiv>
                </Word>
                <Word id="tr_1_tl_50_w12" custom="readingOrder {index:11;}">
                    <Coords points="1790,1018 1790,1078 1872,1078 1872,1018"/>
                    <TextEquiv>
                        <Unicode>seine</Unicode>
                    </TextEquiv>
                </Word>
                <TextEquiv>
                    <Unicode>Dispositionen über die weite Land" und 1912 „Prosessor Bernhardi", schon bei seine</Unicode>
                </TextEquiv>
            </TextLine>
            <TextLine id="tr_1_tl_51" custom="readingOrder {index:50;}">
                <Coords points="1915,1112 3093,1104 3093,1060 2997,1053 1915,1068"/>
                <Baseline points="1934,1101 1992,1101 2050,1101 2109,1101 2167,1101 2225,1101 2284,1099 2342,1098 2400,1098 2459,1098 2517,1098 2575,1098 2634,1098 2692,1098 2750,1095 2809,1097 2867,1095 2925,1092 2984,1094 3042,1094 3101,1095"/>
                <Word id="tr_1_tl_51_w1" custom="readingOrder {index:0;}">
                    <Coords points="1921,1061 1921,1121 2060,1121 2060,1061"/>
                    <TextEquiv>
                        <Unicode>mutige,</Unicode>
                    </TextEquiv>
                </Word>
                <Word id="tr_1_tl_51_w2" custom="readingOrder {index:1;}">
                    <Coords points="2094,1061 2094,1121 2272,1121 2272,1061"/>
                    <TextEquiv>
                        <Unicode>geistvolle,</Unicode>
                    </TextEquiv>
                </Word>
                <Word id="tr_1_tl_51_w3" custom="readingOrder {index:2;}">
                    <Coords points="2300,1058 2300,1118 2484,1118 2484,1058"/>
                    <TextEquiv>
                        <Unicode>tiefsinnige</Unicode>
                    </TextEquiv>
                </Word>
                <Word id="tr_1_tl_51_w4" custom="readingOrder {index:3;}">
                    <Coords points="2517,1058 2517,1118 2662,1118 2662,1058"/>
                    <TextEquiv>
                        <Unicode>Dichter,</Unicode>
                    </TextEquiv>
                </Word>
                <Word id="tr_1_tl_51_w5" custom="readingOrder {index:4;}">
                    <Coords points="2696,1055 2696,1115 2787,1115 2787,1055"/>
                    <TextEquiv>
                        <Unicode>dessen</Unicode>
                    </TextEquiv>
                </Word>
                <Word id="tr_1_tl_51_w6" custom="readingOrder {index:5;}">
                    <Coords points="2831,1052 2831,1112 3004,1112 3004,1052"/>
                    <TextEquiv>
                        <Unicode>Verdienst</Unicode>
                    </TextEquiv>
                </Word>
                <Word id="tr_1_tl_51_w7" custom="readingOrder {index:6;}">
                    <Coords points="3037,1054 3037,1114 3074,1114 3074,1054"/>
                    <TextEquiv>
                        <Unicode>um</Unicode>
                    </TextEquiv>
                </Word>
                <TextEquiv>
                    <Unicode>mutige, geistvolle, tiefsinnige Dichter, dessen Verdienst um</Unicode>
                </TextEquiv>
            </TextLine>
            <TextLine id="tr_1_tl_52" custom="readingOrder {index:51;}">
                <Coords points="150,1137 1889,1115 1889,1075 1783,1068 150,1079"/>
                <Baseline points="170,1122 256,1122 342,1122 428,1122 515,1119 601,1119 687,1117 773,1116 860,1116 946,1117 1032,1116 1118,1114 1205,1113 1291,1115 1377,1113 1463,1113 1550,1108 1636,1110 1722,1110 1808,1107 1895,1104"/>
                <Word id="tr_1_tl_52_w1" custom="readingOrder {index:0;}">
                    <Coords points="151,1082 151,1142 249,1142 249,1082"/>
                    <TextEquiv>
                        <Unicode>nan</Unicode>
                    </TextEquiv>
                </Word>
                <Word id="tr_1_tl_52_w2" custom="readingOrder {index:1;}">
                    <Coords points="288,1082 288,1142 365,1142 365,1082"/>
                    <TextEquiv>
                        <Unicode>will</Unicode>
                    </TextEquiv>
                </Word>
                <Word id="tr_1_tl_52_w3" custom="readingOrder {index:2;}">
                    <Coords points="393,1079 393,1139 602,1139 602,1079"/>
                    <TextEquiv>
                        <Unicode>abwarten,</Unicode>
                    </TextEquiv>
                </Word>
                <Word id="tr_1_tl_52_w4" custom="readingOrder {index:3;}">
                    <Coords points="624,1077 624,1137 679,1137 679,1077"/>
                    <TextEquiv>
                        <Unicode>bis</Unicode>
                    </TextEquiv>
                </Word>
                <Word id="tr_1_tl_52_w5" custom="readingOrder {index:4;}">
                    <Coords points="718,1076 718,1136 932,1136 932,1076"/>
                    <TextEquiv>
                        <Unicode>Aufführung</Unicode>
                    </TextEquiv>
                </Word>
                <Word id="tr_1_tl_52_w6" custom="readingOrder {index:5;}">
                    <Coords points="966,1076 966,1136 1027,1136 1027,1076"/>
                    <TextEquiv>
                        <Unicode>viel</Unicode>
                    </TextEquiv>
                </Word>
                <Word id="tr_1_tl_52_w7" custom="readingOrder {index:6;}">
                    <Coords points="1044,1073 1044,1133 1247,1133 1247,1073"/>
                    <TextEquiv>
                        <Unicode>umstritten.</Unicode>
                    </TextEquiv>
                </Word>
                <Word id="tr_1_tl_52_w8" custom="readingOrder {index:7;}">
                    <Coords points="1259,1074 1259,1134 1302,1134 1302,1074"/>
                    <TextEquiv>
                        <Unicode>Im</Unicode>
                    </TextEquiv>
                </Word>
                <Word id="tr_1_tl_52_w9" custom="readingOrder {index:8;}">
                    <Coords points="1341,1073 1341,1133 1445,1133 1445,1073"/>
                    <TextEquiv>
                        <Unicode>Jahre</Unicode>
                    </TextEquiv>
                </Word>
                <Word id="tr_1_tl_52_w10" custom="readingOrder {index:9;}">
                    <Coords points="1468,1070 1468,1130 1539,1130 1539,1070"/>
                    <TextEquiv>
                        <Unicode>1915</Unicode>
                    </TextEquiv>
                </Word>
                <Word id="tr_1_tl_52_w11" custom="readingOrder {index:10;}">
                    <Coords points="1562,1070 1562,1130 1726,1130 1726,1070"/>
                    <TextEquiv>
                        <Unicode>erschienen</Unicode>
                    </TextEquiv>
                </Word>
                <Word id="tr_1_tl_52_w12" custom="readingOrder {index:11;}">
                    <Coords points="1760,1067 1760,1127 1803,1127 1803,1067"/>
                    <TextEquiv>
                        <Unicode>die</Unicode>
                    </TextEquiv>
                </Word>
                <Word id="tr_1_tl_52_w13" custom="readingOrder {index:12;}">
                    <Coords points="1826,1065 1826,1125 1875,1125 1875,1065"/>
                    <TextEquiv>
                        <Unicode>dre</Unicode>
                    </TextEquiv>
                </Word>
                <TextEquiv>
                    <Unicode>nan will abwarten, bis Aufführung viel umstritten. Im Jahre 1915 erschienen die dre</Unicode>
                </TextEquiv>
            </TextLine>
            <TextLine id="tr_1_tl_53" custom="readingOrder {index:52;}">
                <Coords points="708,1174 3093,1159 3067,1104 712,1123"/>
                <Baseline points="728,1164 846,1167 965,1167 1084,1164 1203,1161 1322,1158 1440,1161 1559,1158 1678,1158 1797,1155 1916,1153 2034,1149 2153,1149 2272,1146 2391,1143 2510,1146 2628,1143 2747,1146 2866,1144 2985,1145 3104,1146"/>
                <Word id="tr_1_tl_53_w1" custom="readingOrder {index:0;}">
                    <Coords points="713,1125 713,1185 871,1185 871,1125"/>
                    <TextEquiv>
                        <Unicode>Einakter</Unicode>
                    </TextEquiv>
                </Word>
                <Word id="tr_1_tl_53_w2" custom="readingOrder {index:1;}">
                    <Coords points="898,1126 898,1186 1071,1186 1071,1126"/>
                    <TextEquiv>
                        <Unicode>„Komödie</Unicode>
                    </TextEquiv>
                </Word>
                <Word id="tr_1_tl_53_w3" custom="readingOrder {index:2;}">
                    <Coords points="1092,1123 1092,1183 1144,1183 1144,1123"/>
                    <TextEquiv>
                        <Unicode>der</Unicode>
                    </TextEquiv>
                </Word>
                <Word id="tr_1_tl_53_w4" custom="readingOrder {index:3;}">
                    <Coords points="1171,1120 1171,1180 1313,1180 1313,1120"/>
                    <TextEquiv>
                        <Unicode>Worte",</Unicode>
                    </TextEquiv>
                </Word>
                <Word id="tr_1_tl_53_w5" custom="readingOrder {index:4;}">
                    <Coords points="1335,1119 1335,1179 1402,1179 1402,1119"/>
                    <TextEquiv>
                        <Unicode>1917</Unicode>
                    </TextEquiv>
                </Word>
                <Word id="tr_1_tl_53_w6" custom="readingOrder {index:5;}">
                    <Coords points="1435,1119 1435,1179 1529,1179 1529,1119"/>
                    <TextEquiv>
                        <Unicode>„Fink</Unicode>
                    </TextEquiv>
                </Word>
                <Word id="tr_1_tl_53_w7" custom="readingOrder {index:6;}">
                    <Coords points="1556,1118 1556,1178 1619,1178 1619,1118"/>
                    <TextEquiv>
                        <Unicode>und</Unicode>
                    </TextEquiv>
                </Word>
                <Word id="tr_1_tl_53_w8" custom="readingOrder {index:7;}">
                    <Coords points="1646,1115 1646,1175 1898,1175 1898,1115"/>
                    <TextEquiv>
                        <Unicode>Fliederbusch",</Unicode>
                    </TextEquiv>
                </Word>
                <Word id="tr_1_tl_53_w9" custom="readingOrder {index:8;}">
                    <Coords points="1925,1111 1925,1171 1977,1171 1977,1111"/>
                    <TextEquiv>
                        <Unicode>das</Unicode>
                    </TextEquiv>
                </Word>
                <Word id="tr_1_tl_53_w10" custom="readingOrder {index:9;}">
                    <Coords points="2030,1109 2030,1169 2166,1169 2166,1109"/>
                    <TextEquiv>
                        <Unicode>deutsche</Unicode>
                    </TextEquiv>
                </Word>
                <Word id="tr_1_tl_53_w11" custom="readingOrder {index:10;}">
                    <Coords points="2214,1105 2214,1165 2372,1165 2372,1105"/>
                    <TextEquiv>
                        <Unicode>Theater,</Unicode>
                    </TextEquiv>
                </Word>
                <Word id="tr_1_tl_53_w12" custom="readingOrder {index:11;}">
                    <Coords points="2410,1104 2410,1164 2467,1164 2467,1104"/>
                    <TextEquiv>
                        <Unicode>das</Unicode>
                    </TextEquiv>
                </Word>
                <Word id="tr_1_tl_53_w13" custom="readingOrder {index:12;}">
                    <Coords points="2515,1104 2515,1164 2646,1164 2646,1104"/>
                    <TextEquiv>
                        <Unicode>Wiener</Unicode>
                    </TextEquiv>
                </Word>
                <Word id="tr_1_tl_53_w14" custom="readingOrder {index:13;}">
                    <Coords points="2689,1105 2689,1165 2830,1165 2830,1105"/>
                    <TextEquiv>
                        <Unicode>Theater</Unicode>
                    </TextEquiv>
                </Word>
                <Word id="tr_1_tl_53_w15" custom="readingOrder {index:14;}">
                    <Coords points="2878,1104 2878,1164 3004,1164 3004,1104"/>
                    <TextEquiv>
                        <Unicode>zumal,</Unicode>
                    </TextEquiv>
                </Word>
                <Word id="tr_1_tl_53_w16" custom="readingOrder {index:15;}">
                    <Coords points="3042,1105 3042,1165 3083,1165 3083,1105"/>
                    <TextEquiv>
                        <Unicode>ein</Unicode>
                    </TextEquiv>
                </Word>
                <TextEquiv>
                    <Unicode>Einakter „Komödie der Worte", 1917 „Fink und Fliederbusch", das deutsche Theater, das Wiener Theater zumal, ein</Unicode>
                </TextEquiv>
            </TextLine>
            <TextLine id="tr_1_tl_54" custom="readingOrder {index:53;}">
                <Coords points="172,1189 286,1174 345,1192 404,1181 470,1207 547,1185 580,1203 635,1185 682,1200 682,1134 616,1123 426,1145 378,1123 356,1137 172,1137"/>
                <Baseline points="191,1173 216,1173 241,1173 266,1172 291,1170 316,1172 341,1173 366,1175 391,1176 416,1176 441,1175 466,1173 491,1173 516,1173 541,1173 566,1173 591,1173 616,1173 641,1173 666,1170 692,1167"/>
                <Word id="tr_1_tl_54_w1" custom="readingOrder {index:0;}">
                    <Coords points="173,1133 173,1193 261,1193 261,1133"/>
                    <TextEquiv>
                        <Unicode>ider</Unicode>
                    </TextEquiv>
                </Word>
                <Word id="tr_1_tl_54_w2" custom="readingOrder {index:1;}">
                    <Coords points="298,1134 298,1194 429,1194 429,1134"/>
                    <TextEquiv>
                        <Unicode>Sohn,</Unicode>
                    </TextEquiv>
                </Word>
                <Word id="tr_1_tl_54_w3" custom="readingOrder {index:2;}">
                    <Coords points="453,1133 453,1193 512,1193 512,1133"/>
                    <TextEquiv>
                        <Unicode>der</Unicode>
                    </TextEquiv>
                </Word>
                <Word id="tr_1_tl_54_w4" custom="readingOrder {index:3;}">
                    <Coords points="542,1133 542,1193 684,1193 684,1133"/>
                    <TextEquiv>
                        <Unicode>Schau¬</Unicode>
                    </TextEquiv>
                </Word>
                <TextEquiv>
                    <Unicode>ider Sohn, der Schau¬</Unicode>
                </TextEquiv>
            </TextLine>
            <TextLine id="tr_1_tl_55" custom="readingOrder {index:54;}">
                <Coords points="708,1222 3089,1207 3093,1159 3030,1145 712,1174"/>
                <Baseline points="728,1212 846,1213 965,1215 1083,1212 1202,1208 1320,1209 1439,1209 1557,1208 1676,1206 1794,1203 1913,1196 2031,1196 2150,1197 2268,1194 2387,1193 2505,1194 2624,1194 2742,1194 2861,1192 2979,1193 3098,1194"/>
                <Word id="tr_1_tl_55_w1" custom="readingOrder {index:0;}">
                    <Coords points="713,1172 713,1232 786,1232 786,1172"/>
                    <TextEquiv>
                        <Unicode>1919</Unicode>
                    </TextEquiv>
                </Word>
                <Word id="tr_1_tl_55_w2" custom="readingOrder {index:1;}">
                    <Coords points="819,1173 819,1233 892,1233 892,1173"/>
                    <TextEquiv>
                        <Unicode>„Die</Unicode>
                    </TextEquiv>
                </Word>
                <Word id="tr_1_tl_55_w3" custom="readingOrder {index:2;}">
                    <Coords points="918,1173 918,1233 1107,1233 1107,1173"/>
                    <TextEquiv>
                        <Unicode>Schwestern</Unicode>
                    </TextEquiv>
                </Word>
                <Word id="tr_1_tl_55_w4" custom="readingOrder {index:3;}">
                    <Coords points="1139,1168 1139,1228 1212,1228 1212,1168"/>
                    <TextEquiv>
                        <Unicode>oder</Unicode>
                    </TextEquiv>
                </Word>
                <Word id="tr_1_tl_55_w5" custom="readingOrder {index:4;}">
                    <Coords points="1239,1169 1239,1229 1402,1229 1402,1169"/>
                    <TextEquiv>
                        <Unicode>Casanova</Unicode>
                    </TextEquiv>
                </Word>
                <Word id="tr_1_tl_55_w6" custom="readingOrder {index:5;}">
                    <Coords points="1434,1168 1434,1228 1460,1228 1460,1168"/>
                    <TextEquiv>
                        <Unicode>in</Unicode>
                    </TextEquiv>
                </Word>
                <Word id="tr_1_tl_55_w7" custom="readingOrder {index:6;}">
                    <Coords points="1492,1168 1492,1228 1602,1228 1602,1168"/>
                    <TextEquiv>
                        <Unicode>Spa",</Unicode>
                    </TextEquiv>
                </Word>
                <Word id="tr_1_tl_55_w8" custom="readingOrder {index:7;}">
                    <Coords points="1618,1166 1618,1226 1691,1226 1691,1166"/>
                    <TextEquiv>
                        <Unicode>1924</Unicode>
                    </TextEquiv>
                </Word>
                <Word id="tr_1_tl_55_w9" custom="readingOrder {index:8;}">
                    <Coords points="1718,1162 1718,1222 1886,1222 1886,1162"/>
                    <TextEquiv>
                        <Unicode>„Komödie</Unicode>
                    </TextEquiv>
                </Word>
                <Word id="tr_1_tl_55_w10" custom="readingOrder {index:9;}">
                    <Coords points="1918,1156 1918,1216 2102,1216 2102,1156"/>
                    <TextEquiv>
                        <Unicode>bleibendes</Unicode>
                    </TextEquiv>
                </Word>
                <Word id="tr_1_tl_55_w11" custom="readingOrder {index:10;}">
                    <Coords points="2134,1156 2134,1216 2180,1216 2180,1156"/>
                    <TextEquiv>
                        <Unicode>ist,</Unicode>
                    </TextEquiv>
                </Word>
                <Word id="tr_1_tl_55_w12" custom="readingOrder {index:11;}">
                    <Coords points="2202,1154 2202,1214 2333,1214 2333,1154"/>
                    <TextEquiv>
                        <Unicode>sondern</Unicode>
                    </TextEquiv>
                </Word>
                <Word id="tr_1_tl_55_w13" custom="readingOrder {index:12;}">
                    <Coords points="2365,1153 2365,1213 2422,1213 2422,1153"/>
                    <TextEquiv>
                        <Unicode>vor</Unicode>
                    </TextEquiv>
                </Word>
                <Word id="tr_1_tl_55_w14" custom="readingOrder {index:13;}">
                    <Coords points="2449,1153 2449,1213 2522,1213 2522,1153"/>
                    <TextEquiv>
                        <Unicode>allem</Unicode>
                    </TextEquiv>
                </Word>
                <Word id="tr_1_tl_55_w15" custom="readingOrder {index:14;}">
                    <Coords points="2570,1154 2570,1214 2654,1214 2654,1154"/>
                    <TextEquiv>
                        <Unicode>einer</Unicode>
                    </TextEquiv>
                </Word>
                <Word id="tr_1_tl_55_w16" custom="readingOrder {index:15;}">
                    <Coords points="2681,1154 2681,1214 2728,1214 2728,1154"/>
                    <TextEquiv>
                        <Unicode>der</Unicode>
                    </TextEquiv>
                </Word>
                <Word id="tr_1_tl_55_w17" custom="readingOrder {index:16;}">
                    <Coords points="2755,1152 2755,1212 2880,1212 2880,1152"/>
                    <TextEquiv>
                        <Unicode>edelsten</Unicode>
                    </TextEquiv>
                </Word>
                <Word id="tr_1_tl_55_w18" custom="readingOrder {index:17;}">
                    <Coords points="2912,1153 2912,1213 3091,1213 3091,1153"/>
                    <TextEquiv>
                        <Unicode>Menschen,</Unicode>
                    </TextEquiv>
                </Word>
                <TextEquiv>
                    <Unicode>1919 „Die Schwestern oder Casanova in Spa", 1924 „Komödie bleibendes ist, sondern vor allem einer der edelsten Menschen,</Unicode>
                </TextEquiv>
            </TextLine>
            <TextLine id="tr_1_tl_56" custom="readingOrder {index:55;}">
                <Coords points="172,1244 246,1247 260,1262 275,1247 290,1255 327,1244 444,1251 444,1192 411,1185 301,1192 286,1174 264,1189 172,1185"/>
                <Baseline points="191,1230 216,1230 242,1230 268,1230 294,1230 320,1230 346,1229 372,1227 398,1229 424,1230 450,1230"/>
                <Word id="tr_1_tl_56_w1" custom="readingOrder {index:0;}">
                    <Coords points="175,1190 175,1250 220,1250 220,1190"/>
                    <TextEquiv>
                        <Unicode>en</Unicode>
                    </TextEquiv>
                </Word>
                <Word id="tr_1_tl_56_w2" custom="readingOrder {index:1;}">
                    <Coords points="254,1188 254,1248 439,1248 439,1188"/>
                    <TextEquiv>
                        <Unicode>eintrifft.</Unicode>
                    </TextEquiv>
                </Word>
                <TextEquiv>
                    <Unicode>en eintrifft.</Unicode>
                </TextEquiv>
            </TextLine>
            <TextLine id="tr_1_tl_57" custom="readingOrder {index:56;}">
                <Coords points="701,1277 1688,1266 1750,1299 1915,1247 2124,1284 2777,1255 2777,1211 2671,1192 701,1222"/>
                <Baseline points="722,1259 825,1256 928,1259 1031,1260 1134,1259 1237,1256 1340,1256 1444,1253 1547,1253 1650,1253 1753,1253 1856,1253 1959,1246 2062,1247 2166,1245 2269,1246 2372,1244 2475,1244 2578,1244 2681,1241 2785,1241"/>
                <Word id="tr_1_tl_57_w1" custom="readingOrder {index:0;}">
                    <Coords points="707,1218 707,1278 765,1278 765,1218"/>
                    <TextEquiv>
                        <Unicode>der</Unicode>
                    </TextEquiv>
                </Word>
                <Word id="tr_1_tl_57_w2" custom="readingOrder {index:1;}">
                    <Coords points="793,1218 793,1278 1019,1278 1019,1218"/>
                    <TextEquiv>
                        <Unicode>Verführung"</Unicode>
                    </TextEquiv>
                </Word>
                <Word id="tr_1_tl_57_w3" custom="readingOrder {index:2;}">
                    <Coords points="1047,1219 1047,1279 1105,1279 1105,1219"/>
                    <TextEquiv>
                        <Unicode>und</Unicode>
                    </TextEquiv>
                </Word>
                <Word id="tr_1_tl_57_w4" custom="readingOrder {index:3;}">
                    <Coords points="1128,1218 1128,1278 1192,1278 1192,1218"/>
                    <TextEquiv>
                        <Unicode>1925</Unicode>
                    </TextEquiv>
                </Word>
                <Word id="tr_1_tl_57_w5" custom="readingOrder {index:4;}">
                    <Coords points="1220,1216 1220,1276 1262,1276 1262,1216"/>
                    <TextEquiv>
                        <Unicode>die</Unicode>
                    </TextEquiv>
                </Word>
                <Word id="tr_1_tl_57_w6" custom="readingOrder {index:5;}">
                    <Coords points="1285,1214 1285,1274 1484,1274 1484,1214"/>
                    <TextEquiv>
                        <Unicode>dramatische</Unicode>
                    </TextEquiv>
                </Word>
                <Word id="tr_1_tl_57_w7" custom="readingOrder {index:6;}">
                    <Coords points="1506,1213 1506,1273 1656,1273 1656,1213"/>
                    <TextEquiv>
                        <Unicode>Dichtung</Unicode>
                    </TextEquiv>
                </Word>
                <Word id="tr_1_tl_57_w8" custom="readingOrder {index:7;}">
                    <Coords points="1689,1213 1689,1273 1770,1273 1770,1213"/>
                    <TextEquiv>
                        <Unicode>„Der</Unicode>
                    </TextEquiv>
                </Word>
                <Word id="tr_1_tl_57_w9" custom="readingOrder {index:8;}">
                    <Coords points="1792,1213 1792,1273 1883,1273 1883,1213"/>
                    <TextEquiv>
                        <Unicode>Gang</Unicode>
                    </TextEquiv>
                </Word>
                <Word id="tr_1_tl_57_w10" custom="readingOrder {index:9;}">
                    <Coords points="1917,1206 1917,1266 2018,1266 2018,1206"/>
                    <TextEquiv>
                        <Unicode>denen</Unicode>
                    </TextEquiv>
                </Word>
                <Word id="tr_1_tl_57_w11" custom="readingOrder {index:10;}">
                    <Coords points="2051,1206 2051,1266 2083,1266 2083,1206"/>
                    <TextEquiv>
                        <Unicode>zu</Unicode>
                    </TextEquiv>
                </Word>
                <Word id="tr_1_tl_57_w12" custom="readingOrder {index:11;}">
                    <Coords points="2116,1205 2116,1265 2273,1265 2273,1205"/>
                    <TextEquiv>
                        <Unicode>begegnen</Unicode>
                    </TextEquiv>
                </Word>
                <Word id="tr_1_tl_57_w13" custom="readingOrder {index:12;}">
                    <Coords points="2306,1204 2306,1264 2343,1264 2343,1204"/>
                    <TextEquiv>
                        <Unicode>ich</Unicode>
                    </TextEquiv>
                </Word>
                <Word id="tr_1_tl_57_w14" custom="readingOrder {index:13;}">
                    <Coords points="2376,1204 2376,1264 2402,1264 2402,1204"/>
                    <TextEquiv>
                        <Unicode>je</Unicode>
                    </TextEquiv>
                </Word>
                <Word id="tr_1_tl_57_w15" custom="readingOrder {index:14;}">
                    <Coords points="2430,1204 2430,1264 2639,1264 2639,1204"/>
                    <TextEquiv>
                        <Unicode>Gelegenheit</Unicode>
                    </TextEquiv>
                </Word>
                <Word id="tr_1_tl_57_w16" custom="readingOrder {index:15;}">
                    <Coords points="2667,1201 2667,1261 2769,1261 2769,1201"/>
                    <TextEquiv>
                        <Unicode>hatte.</Unicode>
                    </TextEquiv>
                </Word>
                <TextEquiv>
                    <Unicode>der Verführung" und 1925 die dramatische Dichtung „Der Gang denen zu begegnen ich je Gelegenheit hatte.</Unicode>
                </TextEquiv>
            </TextLine>
            <TextLine id="tr_1_tl_58" custom="readingOrder {index:57;}">
                <Coords points="165,1313 213,1332 301,1332 316,1317 382,1332 437,1313 462,1328 521,1328 521,1255 484,1240 462,1255 429,1244 393,1255 371,1240 352,1251 323,1240 308,1255 260,1258 227,1244 165,1255"/>
                <Baseline points="185,1307 211,1305 238,1304 264,1304 291,1304 318,1304 344,1304 371,1304 397,1304 424,1304 451,1304 477,1304 504,1304 531,1304"/>
                <Word id="tr_1_tl_58_w1" custom="readingOrder {index:0;}">
                    <Coords points="170,1266 170,1326 222,1326 222,1266"/>
                    <TextEquiv>
                        <Unicode>les</Unicode>
                    </TextEquiv>
                </Word>
                <Word id="tr_1_tl_58_w2" custom="readingOrder {index:1;}">
                    <Coords points="262,1264 262,1324 506,1324 506,1264"/>
                    <TextEquiv>
                        <Unicode>Dichters.</Unicode>
                    </TextEquiv>
                </Word>
                <TextEquiv>
                    <Unicode>les Dichters.</Unicode>
                </TextEquiv>
            </TextLine>
            <TextLine id="tr_1_tl_59" custom="readingOrder {index:58;}">
                <Coords points="704,1321 759,1339 814,1317 892,1317 906,1328 932,1328 980,1310 980,1269 917,1277 906,1269 873,1277 825,1269 800,1280 781,1269 737,1269 704,1277"/>
                <Baseline points="725,1310 751,1310 777,1310 803,1310 830,1309 856,1307 882,1307 909,1306 935,1305 961,1305 988,1307"/>
                <Word id="tr_1_tl_59_w1" custom="readingOrder {index:0;}">
                    <Coords points="710,1270 710,1330 774,1330 774,1270"/>
                    <TextEquiv>
                        <Unicode>zum</Unicode>
                    </TextEquiv>
                </Word>
                <Word id="tr_1_tl_59_w2" custom="readingOrder {index:1;}">
                    <Coords points="817,1266 817,1326 983,1326 983,1266"/>
                    <TextEquiv>
                        <Unicode>Weiher".</Unicode>
                    </TextEquiv>
                </Word>
                <TextEquiv>
                    <Unicode>zum Weiher".</Unicode>
                </TextEquiv>
            </TextLine>
            <TextLine id="tr_1_tl_60" custom="readingOrder {index:59;}">
                <Coords points="2124,1354 2898,1350 2898,1266 2814,1280 2781,1251 2124,1273"/>
                <Baseline points="2146,1328 2184,1325 2222,1325 2260,1325 2298,1325 2336,1325 2374,1325 2412,1325 2450,1325 2488,1325 2526,1325 2564,1325 2602,1325 2640,1325 2678,1325 2716,1325 2754,1325 2792,1324 2830,1322 2868,1322 2907,1322"/>
                <Word id="tr_1_tl_60_w1" custom="readingOrder {index:0;}">
                    <Coords points="2136,1285 2136,1345 2362,1345 2362,1285"/>
                    <TextEquiv>
                        <Unicode>Direktor</Unicode>
                    </TextEquiv>
                </Word>
                <Word id="tr_1_tl_60_w2" custom="readingOrder {index:1;}">
                    <Coords points="2393,1285 2393,1345 2483,1345 2483,1285"/>
                    <TextEquiv>
                        <Unicode>Dr.</Unicode>
                    </TextEquiv>
                </Word>
                <Word id="tr_1_tl_60_w3" custom="readingOrder {index:2;}">
                    <Coords points="2507,1285 2507,1345 2695,1345 2695,1285"/>
                    <TextEquiv>
                        <Unicode>Rudolf</Unicode>
                    </TextEquiv>
                </Word>
                <Word id="tr_1_tl_60_w4" custom="readingOrder {index:3;}">
                    <Coords points="2726,1283 2726,1343 2876,1343 2876,1283"/>
                    <TextEquiv>
                        <Unicode>Veer:</Unicode>
                    </TextEquiv>
                </Word>
                <TextEquiv>
                    <Unicode>Direktor Dr. Rudolf Veer:</Unicode>
                </TextEquiv>
            </TextLine>
            <TextLine id="tr_1_tl_61" custom="readingOrder {index:60;}">
                <Coords points="803,1368 1893,1365 1893,1295 1856,1288 803,1321"/>
                <Baseline points="823,1358 877,1358 931,1357 985,1355 1039,1357 1093,1355 1147,1355 1201,1355 1255,1354 1309,1352 1363,1352 1417,1355 1471,1352 1525,1352 1579,1352 1633,1352 1687,1352 1741,1351 1795,1349 1849,1349 1904,1349"/>
                <Word id="tr_1_tl_61_w1" custom="readingOrder {index:0;}">
                    <Coords points="808,1318 808,1378 911,1378 911,1318"/>
                    <TextEquiv>
                        <Unicode>Seine</Unicode>
                    </TextEquiv>
                </Word>
                <Word id="tr_1_tl_61_w2" custom="readingOrder {index:1;}">
                    <Coords points="937,1316 937,1376 1097,1376 1097,1316"/>
                    <TextEquiv>
                        <Unicode>Eigenart</Unicode>
                    </TextEquiv>
                </Word>
                <Word id="tr_1_tl_61_w3" custom="readingOrder {index:2;}">
                    <Coords points="1124,1315 1124,1375 1186,1375 1186,1315"/>
                    <TextEquiv>
                        <Unicode>und</Unicode>
                    </TextEquiv>
                </Word>
                <Word id="tr_1_tl_61_w4" custom="readingOrder {index:3;}">
                    <Coords points="1212,1313 1212,1373 1305,1373 1305,1313"/>
                    <TextEquiv>
                        <Unicode>große</Unicode>
                    </TextEquiv>
                </Word>
                <Word id="tr_1_tl_61_w5" custom="readingOrder {index:4;}">
                    <Coords points="1337,1312 1337,1372 1575,1372 1575,1312"/>
                    <TextEquiv>
                        <Unicode>Fruchtbarkeit</Unicode>
                    </TextEquiv>
                </Word>
                <Word id="tr_1_tl_61_w6" custom="readingOrder {index:5;}">
                    <Coords points="1601,1312 1601,1372 1683,1372 1683,1312"/>
                    <TextEquiv>
                        <Unicode>zeigt</Unicode>
                    </TextEquiv>
                </Word>
                <Word id="tr_1_tl_61_w7" custom="readingOrder {index:6;}">
                    <Coords points="1710,1311 1710,1371 1756,1371 1756,1311"/>
                    <TextEquiv>
                        <Unicode>sich</Unicode>
                    </TextEquiv>
                </Word>
                <Word id="tr_1_tl_61_w8" custom="readingOrder {index:7;}">
                    <Coords points="1783,1309 1783,1369 1891,1369 1891,1309"/>
                    <TextEquiv>
                        <Unicode>ebenso</Unicode>
                    </TextEquiv>
                </Word>
                <TextEquiv>
                    <Unicode>Seine Eigenart und große Fruchtbarkeit zeigt sich ebenso</Unicode>
                </TextEquiv>
            </TextLine>
            <TextLine id="tr_1_tl_62" custom="readingOrder {index:61;}">
                <Coords points="165,1387 422,1387 437,1372 675,1383 675,1306 631,1299 437,1335 165,1321"/>
                <Baseline points="185,1373 210,1373 235,1373 260,1373 285,1373 310,1371 335,1370 360,1370 385,1370 410,1370 435,1370 460,1370 485,1368 510,1367 535,1369 560,1369 585,1368 610,1367 635,1367 660,1367 686,1367"/>
                <Word id="tr_1_tl_62_w1" custom="readingOrder {index:0;}">
                    <Coords points="173,1333 173,1393 215,1393 215,1333"/>
                    <TextEquiv>
                        <Unicode>5.</Unicode>
                    </TextEquiv>
                </Word>
                <Word id="tr_1_tl_62_w2" custom="readingOrder {index:1;}">
                    <Coords points="241,1333 241,1393 314,1393 314,1333"/>
                    <TextEquiv>
                        <Unicode>Mai</Unicode>
                    </TextEquiv>
                </Word>
                <Word id="tr_1_tl_62_w3" custom="readingOrder {index:2;}">
                    <Coords points="339,1330 339,1390 412,1390 412,1330"/>
                    <TextEquiv>
                        <Unicode>1862</Unicode>
                    </TextEquiv>
                </Word>
                <Word id="tr_1_tl_62_w4" custom="readingOrder {index:3;}">
                    <Coords points="444,1330 444,1390 468,1390 468,1330"/>
                    <TextEquiv>
                        <Unicode>in</Unicode>
                    </TextEquiv>
                </Word>
                <Word id="tr_1_tl_62_w5" custom="readingOrder {index:4;}">
                    <Coords points="505,1329 505,1389 591,1389 591,1329"/>
                    <TextEquiv>
                        <Unicode>Wien</Unicode>
                    </TextEquiv>
                </Word>
                <Word id="tr_1_tl_62_w6" custom="readingOrder {index:5;}">
                    <Coords points="635,1327 635,1387 665,1387 665,1327"/>
                    <TextEquiv>
                        <Unicode>al</Unicode>
                    </TextEquiv>
                </Word>
                <TextEquiv>
                    <Unicode>5. Mai 1862 in Wien al</Unicode>
                </TextEquiv>
            </TextLine>
            <TextLine id="tr_1_tl_63" custom="readingOrder {index:62;}">
                <Coords points="2003,1412 3089,1412 3089,1335 2003,1354"/>
                <Baseline points="2024,1400 2077,1400 2131,1400 2185,1400 2238,1400 2292,1400 2346,1400 2399,1400 2453,1398 2507,1397 2561,1397 2614,1399 2668,1398 2722,1398 2775,1397 2829,1394 2883,1397 2936,1397 2990,1395 3044,1394 3098,1394"/>
                <Word id="tr_1_tl_63_w1" custom="readingOrder {index:0;}">
                    <Coords points="2010,1360 2010,1420 2079,1420 2079,1360"/>
                    <TextEquiv>
                        <Unicode>Mit</Unicode>
                    </TextEquiv>
                </Word>
                <Word id="tr_1_tl_63_w2" custom="readingOrder {index:1;}">
                    <Coords points="2109,1360 2109,1420 2160,1420 2160,1360"/>
                    <TextEquiv>
                        <Unicode>dem</Unicode>
                    </TextEquiv>
                </Word>
                <Word id="tr_1_tl_63_w3" custom="readingOrder {index:2;}">
                    <Coords points="2201,1360 2201,1420 2283,1420 2283,1360"/>
                    <TextEquiv>
                        <Unicode>Tode</Unicode>
                    </TextEquiv>
                </Word>
                <Word id="tr_1_tl_63_w4" custom="readingOrder {index:3;}">
                    <Coords points="2312,1360 2312,1420 2422,1420 2422,1360"/>
                    <TextEquiv>
                        <Unicode>Artur</Unicode>
                    </TextEquiv>
                </Word>
                <Word id="tr_1_tl_63_w5" custom="readingOrder {index:4;}">
                    <Coords points="2458,1357 2458,1417 2649,1417 2649,1357"/>
                    <TextEquiv>
                        <Unicode>Schnitzlers</Unicode>
                    </TextEquiv>
                </Word>
                <Word id="tr_1_tl_63_w6" custom="readingOrder {index:5;}">
                    <Coords points="2685,1358 2685,1418 2737,1418 2737,1358"/>
                    <TextEquiv>
                        <Unicode>hat</Unicode>
                    </TextEquiv>
                </Word>
                <Word id="tr_1_tl_63_w7" custom="readingOrder {index:6;}">
                    <Coords points="2766,1355 2766,1415 2824,1415 2824,1355"/>
                    <TextEquiv>
                        <Unicode>das</Unicode>
                    </TextEquiv>
                </Word>
                <Word id="tr_1_tl_63_w8" custom="readingOrder {index:7;}">
                    <Coords points="2853,1355 2853,1415 3091,1415 3091,1355"/>
                    <TextEquiv>
                        <Unicode>österreichische</Unicode>
                    </TextEquiv>
                </Word>
                <TextEquiv>
                    <Unicode>Mit dem Tode Artur Schnitzlers hat das österreichische</Unicode>
                </TextEquiv>
            </TextLine>
            <TextLine id="tr_1_tl_64" custom="readingOrder {index:63;}">
                <Coords points="697,1423 1889,1405 1889,1365 1776,1350 701,1357"/>
                <Baseline points="722,1409 780,1407 839,1408 897,1406 956,1406 1015,1405 1073,1403 1132,1403 1191,1403 1249,1403 1308,1400 1367,1400 1425,1400 1484,1400 1543,1400 1601,1400 1660,1400 1719,1400 1777,1397 1836,1397 1895,1397"/>
                <Word id="tr_1_tl_64_w1" custom="readingOrder {index:0;}">
                    <Coords points="708,1368 708,1428 739,1428 739,1368"/>
                    <TextEquiv>
                        <Unicode>in</Unicode>
                    </TextEquiv>
                </Word>
                <Word id="tr_1_tl_64_w2" custom="readingOrder {index:1;}">
                    <Coords points="808,1367 808,1427 908,1427 908,1367"/>
                    <TextEquiv>
                        <Unicode>seinen</Unicode>
                    </TextEquiv>
                </Word>
                <Word id="tr_1_tl_64_w3" custom="readingOrder {index:2;}">
                    <Coords points="977,1363 977,1423 1225,1423 1225,1363"/>
                    <TextEquiv>
                        <Unicode>Prosawerken.</Unicode>
                    </TextEquiv>
                </Word>
                <Word id="tr_1_tl_64_w4" custom="readingOrder {index:3;}">
                    <Coords points="1273,1360 1273,1420 1347,1420 1347,1360"/>
                    <TextEquiv>
                        <Unicode>Von</Unicode>
                    </TextEquiv>
                </Word>
                <Word id="tr_1_tl_64_w5" custom="readingOrder {index:4;}">
                    <Coords points="1411,1360 1411,1420 1506,1420 1506,1360"/>
                    <TextEquiv>
                        <Unicode>ihnen</Unicode>
                    </TextEquiv>
                </Word>
                <Word id="tr_1_tl_64_w6" custom="readingOrder {index:5;}">
                    <Coords points="1575,1360 1575,1420 1638,1420 1638,1360"/>
                    <TextEquiv>
                        <Unicode>sind</Unicode>
                    </TextEquiv>
                </Word>
                <Word id="tr_1_tl_64_w7" custom="readingOrder {index:6;}">
                    <Coords points="1697,1357 1697,1417 1871,1417 1871,1357"/>
                    <TextEquiv>
                        <Unicode>erschienen</Unicode>
                    </TextEquiv>
                </Word>
                <TextEquiv>
                    <Unicode>in seinen Prosawerken. Von ihnen sind erschienen</Unicode>
                </TextEquiv>
            </TextLine>
            <TextLine id="tr_1_tl_65" custom="readingOrder {index:64;}">
                <Coords points="176,1434 440,1423 550,1438 616,1420 646,1434 671,1431 675,1383 180,1379"/>
                <Baseline points="197,1424 222,1424 248,1423 273,1421 299,1421 324,1421 350,1419 376,1418 401,1418 427,1417 452,1415 478,1416 503,1418 529,1416 555,1415 580,1415 606,1415 631,1415 657,1415 683,1415"/>
                <Word id="tr_1_tl_65_w1" custom="readingOrder {index:0;}">
                    <Coords points="181,1382 181,1442 325,1442 325,1382"/>
                    <TextEquiv>
                        <Unicode>Johann</Unicode>
                    </TextEquiv>
                </Word>
                <Word id="tr_1_tl_65_w2" custom="readingOrder {index:1;}">
                    <Coords points="347,1376 347,1436 518,1436 518,1376"/>
                    <TextEquiv>
                        <Unicode>Schnitzler</Unicode>
                    </TextEquiv>
                </Word>
                <Word id="tr_1_tl_65_w3" custom="readingOrder {index:2;}">
                    <Coords points="540,1375 540,1435 673,1435 673,1375"/>
                    <TextEquiv>
                        <Unicode>geboren</Unicode>
                    </TextEquiv>
                </Word>
                <TextEquiv>
                    <Unicode>Johann Schnitzler geboren</Unicode>
                </TextEquiv>
            </TextLine>
            <TextLine id="tr_1_tl_66" custom="readingOrder {index:65;}">
                <Coords points="1908,1464 3096,1449 3096,1409 2994,1401 1908,1398"/>
                <Baseline points="1928,1447 1986,1447 2045,1449 2103,1449 2162,1450 2221,1448 2279,1448 2338,1447 2397,1447 2455,1447 2514,1444 2573,1447 2631,1446 2690,1444 2749,1447 2807,1444 2866,1444 2925,1444 2983,1444 3042,1444 3101,1441"/>
                <Word id="tr_1_tl_66_w1" custom="readingOrder {index:0;}">
                    <Coords points="1914,1407 1914,1467 2053,1467 2053,1407"/>
                    <TextEquiv>
                        <Unicode>Theater</Unicode>
                    </TextEquiv>
                </Word>
                <Word id="tr_1_tl_66_w2" custom="readingOrder {index:1;}">
                    <Coords points="2092,1409 2092,1469 2173,1469 2173,1409"/>
                    <TextEquiv>
                        <Unicode>einen</Unicode>
                    </TextEquiv>
                </Word>
                <Word id="tr_1_tl_66_w3" custom="readingOrder {index:2;}">
                    <Coords points="2211,1407 2211,1467 2384,1467 2384,1407"/>
                    <TextEquiv>
                        <Unicode>schweren,</Unicode>
                    </TextEquiv>
                </Word>
                <Word id="tr_1_tl_66_w4" custom="readingOrder {index:3;}">
                    <Coords points="2406,1407 2406,1467 2492,1467 2492,1407"/>
                    <TextEquiv>
                        <Unicode>einen</Unicode>
                    </TextEquiv>
                </Word>
                <Word id="tr_1_tl_66_w5" custom="readingOrder {index:4;}">
                    <Coords points="2526,1405 2526,1465 2758,1465 2758,1405"/>
                    <TextEquiv>
                        <Unicode>unersetzlichen</Unicode>
                    </TextEquiv>
                </Word>
                <Word id="tr_1_tl_66_w6" custom="readingOrder {index:5;}">
                    <Coords points="2791,1404 2791,1464 2926,1464 2926,1404"/>
                    <TextEquiv>
                        <Unicode>Verlust</Unicode>
                    </TextEquiv>
                </Word>
                <Word id="tr_1_tl_66_w7" custom="readingOrder {index:6;}">
                    <Coords points="2954,1404 2954,1464 3099,1464 3099,1404"/>
                    <TextEquiv>
                        <Unicode>erlitten.</Unicode>
                    </TextEquiv>
                </Word>
                <TextEquiv>
                    <Unicode>Theater einen schweren, einen unersetzlichen Verlust erlitten.</Unicode>
                </TextEquiv>
            </TextLine>
            <TextLine id="tr_1_tl_67" custom="readingOrder {index:66;}">
                <Coords points="701,1468 1882,1453 1882,1409 1790,1401 701,1420"/>
                <Baseline points="722,1450 780,1456 839,1455 897,1453 956,1453 1014,1452 1073,1450 1131,1450 1190,1449 1248,1449 1307,1447 1365,1448 1424,1450 1482,1447 1541,1447 1599,1446 1658,1446 1716,1444 1775,1444 1833,1444 1892,1447"/>
                <Word id="tr_1_tl_67_w1" custom="readingOrder {index:0;}">
                    <Coords points="712,1412 712,1472 782,1472 782,1412"/>
                    <TextEquiv>
                        <Unicode>1892</Unicode>
                    </TextEquiv>
                </Word>
                <Word id="tr_1_tl_67_w2" custom="readingOrder {index:1;}">
                    <Coords points="820,1413 820,1473 1025,1473 1025,1413"/>
                    <TextEquiv>
                        <Unicode>„Sterben“,</Unicode>
                    </TextEquiv>
                </Word>
                <Word id="tr_1_tl_67_w3" custom="readingOrder {index:2;}">
                    <Coords points="1053,1410 1053,1470 1122,1470 1122,1410"/>
                    <TextEquiv>
                        <Unicode>1894</Unicode>
                    </TextEquiv>
                </Word>
                <Word id="tr_1_tl_67_w4" custom="readingOrder {index:3;}">
                    <Coords points="1161,1409 1161,1469 1241,1469 1241,1409"/>
                    <TextEquiv>
                        <Unicode>„Die</Unicode>
                    </TextEquiv>
                </Word>
                <Word id="tr_1_tl_67_w5" custom="readingOrder {index:4;}">
                    <Coords points="1274,1408 1274,1468 1458,1468 1458,1408"/>
                    <TextEquiv>
                        <Unicode>Blumen",</Unicode>
                    </TextEquiv>
                </Word>
                <Word id="tr_1_tl_67_w6" custom="readingOrder {index:5;}">
                    <Coords points="1486,1407 1486,1467 1555,1467 1555,1407"/>
                    <TextEquiv>
                        <Unicode>1895</Unicode>
                    </TextEquiv>
                </Word>
                <Word id="tr_1_tl_67_w7" custom="readingOrder {index:6;}">
                    <Coords points="1593,1406 1593,1466 1674,1466 1674,1406"/>
                    <TextEquiv>
                        <Unicode>„Ein</Unicode>
                    </TextEquiv>
                </Word>
                <Word id="tr_1_tl_67_w8" custom="readingOrder {index:7;}">
                    <Coords points="1718,1404 1718,1464 1879,1464 1879,1404"/>
                    <TextEquiv>
                        <Unicode>Abschied"</Unicode>
                    </TextEquiv>
                </Word>
                <TextEquiv>
                    <Unicode>1892 „Sterben“, 1894 „Die Blumen", 1895 „Ein Abschied"</Unicode>
                </TextEquiv>
            </TextLine>
            <TextLine id="tr_1_tl_68" custom="readingOrder {index:67;}">
                <Coords points="172,1479 682,1479 682,1431 620,1423 554,1438 444,1423 172,1438"/>
                <Baseline points="194,1468 220,1465 246,1465 272,1465 298,1465 324,1465 350,1465 376,1465 402,1465 428,1465 454,1465 480,1465 506,1465 532,1464 558,1462 584,1462 610,1462 636,1462 662,1461 689,1459"/>
                <Word id="tr_1_tl_68_w1" custom="readingOrder {index:0;}">
                    <Coords points="172,1428 172,1488 201,1488 201,1428"/>
                    <TextEquiv>
                        <Unicode>r</Unicode>
                    </TextEquiv>
                </Word>
                <Word id="tr_1_tl_68_w2" custom="readingOrder {index:1;}">
                    <Coords points="227,1425 227,1485 302,1485 302,1425"/>
                    <TextEquiv>
                        <Unicode>viele</Unicode>
                    </TextEquiv>
                </Word>
                <Word id="tr_1_tl_68_w3" custom="readingOrder {index:2;}">
                    <Coords points="328,1425 328,1485 534,1485 534,1425"/>
                    <TextEquiv>
                        <Unicode>prominente</Unicode>
                    </TextEquiv>
                </Word>
                <Word id="tr_1_tl_68_w4" custom="readingOrder {index:3;}">
                    <Coords points="560,1422 560,1482 685,1482 685,1422"/>
                    <TextEquiv>
                        <Unicode>Schau¬</Unicode>
                    </TextEquiv>
                </Word>
                <TextEquiv>
                    <Unicode>r viele prominente Schau¬</Unicode>
                </TextEquiv>
            </TextLine>
            <TextLine id="tr_1_tl_69" custom="readingOrder {index:68;}">
                <Coords points="704,1508 3093,1504 3093,1453 2935,1449 704,1464"/>
                <Baseline points="725,1495 843,1501 962,1498 1081,1496 1200,1497 1319,1495 1437,1495 1556,1495 1675,1492 1794,1494 1913,1495 2031,1495 2150,1498 2269,1497 2388,1492 2507,1495 2625,1495 2744,1495 2863,1494 2982,1491 3101,1489"/>
                <Word id="tr_1_tl_69_w1" custom="readingOrder {index:0;}">
                    <Coords points="712,1456 712,1516 785,1516 785,1456"/>
                    <TextEquiv>
                        <Unicode>1896</Unicode>
                    </TextEquiv>
                </Word>
                <Word id="tr_1_tl_69_w2" custom="readingOrder {index:1;}">
                    <Coords points="816,1460 816,1520 895,1520 895,1460"/>
                    <TextEquiv>
                        <Unicode>„Die</Unicode>
                    </TextEquiv>
                </Word>
                <Word id="tr_1_tl_69_w3" custom="readingOrder {index:2;}">
                    <Coords points="920,1457 920,1517 1005,1517 1005,1457"/>
                    <TextEquiv>
                        <Unicode>Frau</Unicode>
                    </TextEquiv>
                </Word>
                <Word id="tr_1_tl_69_w4" custom="readingOrder {index:3;}">
                    <Coords points="1038,1456 1038,1516 1086,1516 1086,1456"/>
                    <TextEquiv>
                        <Unicode>des</Unicode>
                    </TextEquiv>
                </Word>
                <Word id="tr_1_tl_69_w5" custom="readingOrder {index:4;}">
                    <Coords points="1117,1456 1117,1516 1276,1516 1276,1456"/>
                    <TextEquiv>
                        <Unicode>Weisen",</Unicode>
                    </TextEquiv>
                </Word>
                <Word id="tr_1_tl_69_w6" custom="readingOrder {index:5;}">
                    <Coords points="1295,1455 1295,1515 1362,1515 1362,1455"/>
                    <TextEquiv>
                        <Unicode>1897</Unicode>
                    </TextEquiv>
                </Word>
                <Word id="tr_1_tl_69_w7" custom="readingOrder {index:6;}">
                    <Coords points="1394,1455 1394,1515 1473,1515 1473,1455"/>
                    <TextEquiv>
                        <Unicode>„Der</Unicode>
                    </TextEquiv>
                </Word>
                <Word id="tr_1_tl_69_w8" custom="readingOrder {index:7;}">
                    <Coords points="1504,1453 1504,1513 1688,1513 1688,1453"/>
                    <TextEquiv>
                        <Unicode>Ehrentag"</Unicode>
                    </TextEquiv>
                </Word>
                <Word id="tr_1_tl_69_w9" custom="readingOrder {index:8;}">
                    <Coords points="1719,1453 1719,1513 1780,1513 1780,1453"/>
                    <TextEquiv>
                        <Unicode>und</Unicode>
                    </TextEquiv>
                </Word>
                <Word id="tr_1_tl_69_w10" custom="readingOrder {index:9;}">
                    <Coords points="1812,1454 1812,1514 1891,1514 1891,1454"/>
                    <TextEquiv>
                        <Unicode>„Die</Unicode>
                    </TextEquiv>
                </Word>
                <Word id="tr_1_tl_69_w11" custom="readingOrder {index:10;}">
                    <Coords points="1916,1455 1916,1515 2032,1515 2032,1455"/>
                    <TextEquiv>
                        <Unicode>Dieser</Unicode>
                    </TextEquiv>
                </Word>
                <Word id="tr_1_tl_69_w12" custom="readingOrder {index:11;}">
                    <Coords points="2057,1456 2057,1516 2118,1516 2118,1456"/>
                    <TextEquiv>
                        <Unicode>edle</Unicode>
                    </TextEquiv>
                </Word>
                <Word id="tr_1_tl_69_w13" custom="readingOrder {index:12;}">
                    <Coords points="2138,1457 2138,1517 2266,1517 2266,1457"/>
                    <TextEquiv>
                        <Unicode>Mensch</Unicode>
                    </TextEquiv>
                </Word>
                <Word id="tr_1_tl_69_w14" custom="readingOrder {index:13;}">
                    <Coords points="2291,1454 2291,1514 2351,1514 2351,1454"/>
                    <TextEquiv>
                        <Unicode>war</Unicode>
                    </TextEquiv>
                </Word>
                <Word id="tr_1_tl_69_w15" custom="readingOrder {index:14;}">
                    <Coords points="2389,1453 2389,1513 2475,1513 2475,1453"/>
                    <TextEquiv>
                        <Unicode>nicht</Unicode>
                    </TextEquiv>
                </Word>
                <Word id="tr_1_tl_69_w16" custom="readingOrder {index:15;}">
                    <Coords points="2512,1455 2512,1515 2579,1515 2579,1455"/>
                    <TextEquiv>
                        <Unicode>nur</Unicode>
                    </TextEquiv>
                </Word>
                <Word id="tr_1_tl_69_w17" custom="readingOrder {index:16;}">
                    <Coords points="2617,1455 2617,1515 2659,1515 2659,1455"/>
                    <TextEquiv>
                        <Unicode>ein</Unicode>
                    </TextEquiv>
                </Word>
                <Word id="tr_1_tl_69_w18" custom="readingOrder {index:17;}">
                    <Coords points="2709,1454 2709,1514 2825,1514 2825,1454"/>
                    <TextEquiv>
                        <Unicode>großer</Unicode>
                    </TextEquiv>
                </Word>
                <Word id="tr_1_tl_69_w19" custom="readingOrder {index:18;}">
                    <Coords points="2863,1452 2863,1512 2984,1512 2984,1452"/>
                    <TextEquiv>
                        <Unicode>Dichter</Unicode>
                    </TextEquiv>
                </Word>
                <Word id="tr_1_tl_69_w20" custom="readingOrder {index:19;}">
                    <Coords points="3028,1449 3028,1509 3089,1509 3089,1449"/>
                    <TextEquiv>
                        <Unicode>und</Unicode>
                    </TextEquiv>
                </Word>
                <TextEquiv>
                    <Unicode>1896 „Die Frau des Weisen", 1897 „Der Ehrentag" und „Die Dieser edle Mensch war nicht nur ein großer Dichter und</Unicode>
                </TextEquiv>
            </TextLine>
            <TextLine id="tr_1_tl_70" custom="readingOrder {index:69;}">
                <Coords points="169,1526 682,1523 682,1479 642,1471 169,1475"/>
                <Baseline points="188,1513 213,1510 238,1510 263,1511 288,1513 314,1511 339,1510 364,1510 389,1510 414,1510 440,1510 465,1510 490,1510 515,1510 540,1508 566,1508 591,1509 616,1509 641,1507 666,1506 692,1504"/>
                <Word id="tr_1_tl_70_w1" custom="readingOrder {index:0;}">
                    <Coords points="175,1473 175,1533 201,1533 201,1473"/>
                    <TextEquiv>
                        <Unicode>so</Unicode>
                    </TextEquiv>
                </Word>
                <Word id="tr_1_tl_70_w2" custom="readingOrder {index:1;}">
                    <Coords points="234,1470 234,1530 468,1530 468,1470"/>
                    <TextEquiv>
                        <Unicode>Sonnenthal,</Unicode>
                    </TextEquiv>
                </Word>
                <Word id="tr_1_tl_70_w3" custom="readingOrder {index:2;}">
                    <Coords points="490,1470 490,1530 533,1530 533,1470"/>
                    <TextEquiv>
                        <Unicode>die</Unicode>
                    </TextEquiv>
                </Word>
                <Word id="tr_1_tl_70_w4" custom="readingOrder {index:3;}">
                    <Coords points="561,1468 561,1528 685,1528 685,1468"/>
                    <TextEquiv>
                        <Unicode>Wolter</Unicode>
                    </TextEquiv>
                </Word>
                <TextEquiv>
                    <Unicode>so Sonnenthal, die Wolter</Unicode>
                </TextEquiv>
            </TextLine>
            <TextLine id="tr_1_tl_71" custom="readingOrder {index:70;}">
                <Coords points="704,1556 3096,1552 3093,1504 2997,1497 704,1508"/>
                <Baseline points="725,1546 850,1549 975,1547 1100,1546 1225,1546 1351,1543 1476,1541 1601,1540 1726,1540 1851,1537 1977,1547 2102,1546 2227,1544 2352,1543 2477,1543 2603,1543 2728,1543 2853,1543 2978,1540 3104,1540"/>
                <Word id="tr_1_tl_71_w1" custom="readingOrder {index:0;}">
                    <Coords points="705,1506 705,1566 811,1566 811,1506"/>
                    <TextEquiv>
                        <Unicode>Toten</Unicode>
                    </TextEquiv>
                </Word>
                <Word id="tr_1_tl_71_w2" custom="readingOrder {index:1;}">
                    <Coords points="851,1507 851,1567 1059,1567 1059,1507"/>
                    <TextEquiv>
                        <Unicode>schweigen",</Unicode>
                    </TextEquiv>
                </Word>
                <Word id="tr_1_tl_71_w3" custom="readingOrder {index:2;}">
                    <Coords points="1088,1506 1088,1566 1155,1566 1155,1506"/>
                    <TextEquiv>
                        <Unicode>1900</Unicode>
                    </TextEquiv>
                </Word>
                <Word id="tr_1_tl_71_w4" custom="readingOrder {index:3;}">
                    <Coords points="1189,1504 1189,1564 1358,1564 1358,1504"/>
                    <TextEquiv>
                        <Unicode>„Andreas</Unicode>
                    </TextEquiv>
                </Word>
                <Word id="tr_1_tl_71_w5" custom="readingOrder {index:4;}">
                    <Coords points="1398,1500 1398,1560 1634,1560 1634,1500"/>
                    <TextEquiv>
                        <Unicode>Thalmayer",</Unicode>
                    </TextEquiv>
                </Word>
                <Word id="tr_1_tl_71_w6" custom="readingOrder {index:5;}">
                    <Coords points="1663,1500 1663,1560 1746,1560 1746,1500"/>
                    <TextEquiv>
                        <Unicode>„Der</Unicode>
                    </TextEquiv>
                </Word>
                <Word id="tr_1_tl_71_w7" custom="readingOrder {index:6;}">
                    <Coords points="1781,1497 1781,1557 1887,1557 1887,1497"/>
                    <TextEquiv>
                        <Unicode>blinde</Unicode>
                    </TextEquiv>
                </Word>
                <Word id="tr_1_tl_71_w8" custom="readingOrder {index:7;}">
                    <Coords points="1916,1506 1916,1566 2214,1566 2214,1506"/>
                    <TextEquiv>
                        <Unicode>gesinnungsfester</Unicode>
                    </TextEquiv>
                </Word>
                <Word id="tr_1_tl_71_w9" custom="readingOrder {index:8;}">
                    <Coords points="2237,1503 2237,1563 2479,1563 2479,1503"/>
                    <TextEquiv>
                        <Unicode>Schriftsteller,</Unicode>
                    </TextEquiv>
                </Word>
                <Word id="tr_1_tl_71_w10" custom="readingOrder {index:9;}">
                    <Coords points="2502,1503 2502,1563 2529,1563 2529,1503"/>
                    <TextEquiv>
                        <Unicode>er</Unicode>
                    </TextEquiv>
                </Word>
                <Word id="tr_1_tl_71_w11" custom="readingOrder {index:10;}">
                    <Coords points="2553,1503 2553,1563 2653,1563 2653,1503"/>
                    <TextEquiv>
                        <Unicode>zählte</Unicode>
                    </TextEquiv>
                </Word>
                <Word id="tr_1_tl_71_w12" custom="readingOrder {index:11;}">
                    <Coords points="2682,1503 2682,1563 2749,1563 2749,1503"/>
                    <TextEquiv>
                        <Unicode>auch</Unicode>
                    </TextEquiv>
                </Word>
                <Word id="tr_1_tl_71_w13" custom="readingOrder {index:12;}">
                    <Coords points="2778,1503 2778,1563 2805,1563 2805,1503"/>
                    <TextEquiv>
                        <Unicode>zu</Unicode>
                    </TextEquiv>
                </Word>
                <Word id="tr_1_tl_71_w14" custom="readingOrder {index:13;}">
                    <Coords points="2834,1502 2834,1562 2918,1562 2918,1502"/>
                    <TextEquiv>
                        <Unicode>jenen</Unicode>
                    </TextEquiv>
                </Word>
                <Word id="tr_1_tl_71_w15" custom="readingOrder {index:14;}">
                    <Coords points="2953,1500 2953,1560 3082,1560 3082,1500"/>
                    <TextEquiv>
                        <Unicode>seltenen</Unicode>
                    </TextEquiv>
                </Word>
                <TextEquiv>
                    <Unicode>Toten schweigen", 1900 „Andreas Thalmayer", „Der blinde gesinnungsfester Schriftsteller, er zählte auch zu jenen seltenen</Unicode>
                </TextEquiv>
            </TextLine>
            <TextLine id="tr_1_tl_72" custom="readingOrder {index:71;}">
                <Coords points="172,1570 216,1578 264,1559 404,1574 499,1556 528,1578 675,1567 675,1519 653,1515 345,1530 224,1515 172,1530"/>
                <Baseline points="191,1558 217,1558 243,1558 269,1558 295,1559 321,1561 347,1560 373,1558 399,1560 425,1560 451,1559 477,1557 503,1555 529,1556 555,1558 581,1556 607,1555 633,1555 659,1554 686,1552"/>
                <Word id="tr_1_tl_72_w1" custom="readingOrder {index:0;}">
                    <Coords points="172,1518 172,1578 242,1578 242,1518"/>
                    <TextEquiv>
                        <Unicode>simt</Unicode>
                    </TextEquiv>
                </Word>
                <Word id="tr_1_tl_72_w2" custom="readingOrder {index:1;}">
                    <Coords points="273,1519 273,1579 323,1579 323,1519"/>
                    <TextEquiv>
                        <Unicode>des</Unicode>
                    </TextEquiv>
                </Word>
                <Word id="tr_1_tl_72_w3" custom="readingOrder {index:2;}">
                    <Coords points="354,1520 354,1580 470,1580 470,1520"/>
                    <TextEquiv>
                        <Unicode>jungen</Unicode>
                    </TextEquiv>
                </Word>
                <Word id="tr_1_tl_72_w4" custom="readingOrder {index:3;}">
                    <Coords points="512,1515 512,1575 668,1575 668,1515"/>
                    <TextEquiv>
                        <Unicode>Schnitzle</Unicode>
                    </TextEquiv>
                </Word>
                <TextEquiv>
                    <Unicode>simt des jungen Schnitzle</Unicode>
                </TextEquiv>
            </TextLine>
            <TextLine id="tr_1_tl_73" custom="readingOrder {index:72;}">
                <Coords points="701,1603 3093,1607 3093,1552 2946,1548 701,1559"/>
                <Baseline points="722,1594 847,1597 972,1596 1097,1594 1222,1594 1348,1592 1473,1591 1598,1591 1723,1588 1848,1587 1974,1594 2099,1595 2224,1593 2349,1594 2474,1594 2600,1592 2725,1589 2850,1591 2975,1588 3101,1588"/>
                <Word id="tr_1_tl_73_w1" custom="readingOrder {index:0;}">
                    <Coords points="707,1556 707,1616 910,1616 910,1556"/>
                    <TextEquiv>
                        <Unicode>Geromino"</Unicode>
                    </TextEquiv>
                </Word>
                <Word id="tr_1_tl_73_w2" custom="readingOrder {index:1;}">
                    <Coords points="939,1556 939,1616 994,1616 994,1556"/>
                    <TextEquiv>
                        <Unicode>und</Unicode>
                    </TextEquiv>
                </Word>
                <Word id="tr_1_tl_73_w3" custom="readingOrder {index:2;}">
                    <Coords points="1023,1554 1023,1614 1068,1614 1068,1554"/>
                    <TextEquiv>
                        <Unicode>die</Unicode>
                    </TextEquiv>
                </Word>
                <Word id="tr_1_tl_73_w4" custom="readingOrder {index:3;}">
                    <Coords points="1091,1554 1091,1614 1204,1614 1204,1554"/>
                    <TextEquiv>
                        <Unicode>bereits</Unicode>
                    </TextEquiv>
                </Word>
                <Word id="tr_1_tl_73_w5" custom="readingOrder {index:4;}">
                    <Coords points="1227,1552 1227,1612 1384,1612 1384,1552"/>
                    <TextEquiv>
                        <Unicode>genannte</Unicode>
                    </TextEquiv>
                </Word>
                <Word id="tr_1_tl_73_w6" custom="readingOrder {index:5;}">
                    <Coords points="1413,1551 1413,1611 1542,1611 1542,1551"/>
                    <TextEquiv>
                        <Unicode>Novelle</Unicode>
                    </TextEquiv>
                </Word>
                <Word id="tr_1_tl_73_w7" custom="readingOrder {index:6;}">
                    <Coords points="1565,1549 1565,1609 1746,1609 1746,1549"/>
                    <TextEquiv>
                        <Unicode>„Leutnant</Unicode>
                    </TextEquiv>
                </Word>
                <Word id="tr_1_tl_73_w8" custom="readingOrder {index:7;}">
                    <Coords points="1769,1547 1769,1607 1898,1607 1898,1547"/>
                    <TextEquiv>
                        <Unicode>Gustl",</Unicode>
                    </TextEquiv>
                </Word>
                <Word id="tr_1_tl_73_w9" custom="readingOrder {index:8;}">
                    <Coords points="1916,1554 1916,1614 2170,1614 2170,1554"/>
                    <TextEquiv>
                        <Unicode>Dramatikern,</Unicode>
                    </TextEquiv>
                </Word>
                <Word id="tr_1_tl_73_w10" custom="readingOrder {index:9;}">
                    <Coords points="2193,1553 2193,1613 2243,1613 2243,1553"/>
                    <TextEquiv>
                        <Unicode>die</Unicode>
                    </TextEquiv>
                </Word>
                <Word id="tr_1_tl_73_w11" custom="readingOrder {index:10;}">
                    <Coords points="2266,1553 2266,1613 2299,1613 2299,1553"/>
                    <TextEquiv>
                        <Unicode>es</Unicode>
                    </TextEquiv>
                </Word>
                <Word id="tr_1_tl_73_w12" custom="readingOrder {index:11;}">
                    <Coords points="2328,1554 2328,1614 2531,1614 2531,1554"/>
                    <TextEquiv>
                        <Unicode>verstanden,</Unicode>
                    </TextEquiv>
                </Word>
                <Word id="tr_1_tl_73_w13" custom="readingOrder {index:12;}">
                    <Coords points="2554,1552 2554,1612 2598,1612 2598,1552"/>
                    <TextEquiv>
                        <Unicode>ihr</Unicode>
                    </TextEquiv>
                </Word>
                <Word id="tr_1_tl_73_w14" custom="readingOrder {index:13;}">
                    <Coords points="2628,1550 2628,1610 2718,1610 2718,1550"/>
                    <TextEquiv>
                        <Unicode>Werk</Unicode>
                    </TextEquiv>
                </Word>
                <Word id="tr_1_tl_73_w15" custom="readingOrder {index:14;}">
                    <Coords points="2746,1549 2746,1609 2802,1609 2802,1549"/>
                    <TextEquiv>
                        <Unicode>aus</Unicode>
                    </TextEquiv>
                </Word>
                <Word id="tr_1_tl_73_w16" custom="readingOrder {index:15;}">
                    <Coords points="2837,1550 2837,1610 2881,1610 2881,1550"/>
                    <TextEquiv>
                        <Unicode>dem</Unicode>
                    </TextEquiv>
                </Word>
                <Word id="tr_1_tl_73_w17" custom="readingOrder {index:16;}">
                    <Coords points="2927,1548 2927,1608 3016,1608 3016,1548"/>
                    <TextEquiv>
                        <Unicode>Geist</Unicode>
                    </TextEquiv>
                </Word>
                <Word id="tr_1_tl_73_w18" custom="readingOrder {index:17;}">
                    <Coords points="3040,1548 3040,1608 3090,1608 3090,1548"/>
                    <TextEquiv>
                        <Unicode>des</Unicode>
                    </TextEquiv>
                </Word>
                <TextEquiv>
                    <Unicode>Geromino" und die bereits genannte Novelle „Leutnant Gustl", Dramatikern, die es verstanden, ihr Werk aus dem Geist des</Unicode>
                </TextEquiv>
            </TextLine>
            <TextLine id="tr_1_tl_74" custom="readingOrder {index:73;}">
                <Coords points="165,1629 404,1611 591,1622 609,1603 679,1614 679,1570 657,1567 521,1574 495,1559 404,1578 264,1559 216,1578 165,1563"/>
                <Baseline points="185,1606 210,1609 235,1609 260,1609 285,1609 311,1607 336,1606 361,1608 386,1608 411,1607 437,1606 462,1606 487,1606 512,1606 537,1606 563,1605 588,1604 613,1603 638,1603 663,1603 689,1603"/>
                <Word id="tr_1_tl_74_w1" custom="readingOrder {index:0;}">
                    <Coords points="166,1567 166,1627 227,1627 227,1567"/>
                    <TextEquiv>
                        <Unicode>re</Unicode>
                    </TextEquiv>
                </Word>
                <Word id="tr_1_tl_74_w2" custom="readingOrder {index:1;}">
                    <Coords points="251,1566 251,1626 386,1626 386,1566"/>
                    <TextEquiv>
                        <Unicode>Jünger</Unicode>
                    </TextEquiv>
                </Word>
                <Word id="tr_1_tl_74_w3" custom="readingOrder {index:2;}">
                    <Coords points="415,1566 415,1626 494,1626 494,1566"/>
                    <TextEquiv>
                        <Unicode>schon</Unicode>
                    </TextEquiv>
                </Word>
                <Word id="tr_1_tl_74_w4" custom="readingOrder {index:3;}">
                    <Coords points="529,1565 529,1625 585,1625 585,1565"/>
                    <TextEquiv>
                        <Unicode>aus</Unicode>
                    </TextEquiv>
                </Word>
                <Word id="tr_1_tl_74_w5" custom="readingOrder {index:4;}">
                    <Coords points="614,1563 614,1623 664,1623 664,1563"/>
                    <TextEquiv>
                        <Unicode>den</Unicode>
                    </TextEquiv>
                </Word>
                <TextEquiv>
                    <Unicode>re Jünger schon aus den</Unicode>
                </TextEquiv>
            </TextLine>
            <TextLine id="tr_1_tl_75" custom="readingOrder {index:74;}">
                <Coords points="165,1662 3096,1651 3096,1607 3023,1589 165,1622"/>
                <Baseline points="185,1656 331,1653 477,1652 623,1650 769,1644 915,1645 1061,1645 1207,1642 1353,1639 1499,1639 1646,1639 1792,1636 1938,1642 2084,1645 2230,1642 2376,1642 2522,1642 2668,1641 2814,1639 2960,1639 3107,1636"/>
                <Word id="tr_1_tl_75_w1" custom="readingOrder {index:0;}">
                    <Coords points="166,1615 166,1675 217,1675 217,1615"/>
                    <TextEquiv>
                        <Unicode>sich</Unicode>
                    </TextEquiv>
                </Word>
                <Word id="tr_1_tl_75_w2" custom="readingOrder {index:1;}">
                    <Coords points="247,1612 247,1672 488,1672 488,1612"/>
                    <TextEquiv>
                        <Unicode>Absolvierung</Unicode>
                    </TextEquiv>
                </Word>
                <Word id="tr_1_tl_75_w3" custom="readingOrder {index:2;}">
                    <Coords points="523,1611 523,1671 568,1671 568,1611"/>
                    <TextEquiv>
                        <Unicode>des</Unicode>
                    </TextEquiv>
                </Word>
                <Word id="tr_1_tl_75_w4" custom="readingOrder {index:3;}">
                    <Coords points="603,1609 603,1669 684,1669 684,1609"/>
                    <TextEquiv>
                        <Unicode>Aka=</Unicode>
                    </TextEquiv>
                </Word>
                <Word id="tr_1_tl_75_w5" custom="readingOrder {index:4;}">
                    <Coords points="713,1604 713,1664 788,1664 788,1604"/>
                    <TextEquiv>
                        <Unicode>1900</Unicode>
                    </TextEquiv>
                </Word>
                <Word id="tr_1_tl_75_w6" custom="readingOrder {index:5;}">
                    <Coords points="811,1604 811,1664 954,1664 954,1604"/>
                    <TextEquiv>
                        <Unicode>entstand</Unicode>
                    </TextEquiv>
                </Word>
                <Word id="tr_1_tl_75_w7" custom="readingOrder {index:6;}">
                    <Coords points="984,1605 984,1665 1047,1665 1047,1605"/>
                    <TextEquiv>
                        <Unicode>auch</Unicode>
                    </TextEquiv>
                </Word>
                <Word id="tr_1_tl_75_w8" custom="readingOrder {index:7;}">
                    <Coords points="1076,1603 1076,1663 1180,1663 1180,1603"/>
                    <TextEquiv>
                        <Unicode>„Frau</Unicode>
                    </TextEquiv>
                </Word>
                <Word id="tr_1_tl_75_w9" custom="readingOrder {index:8;}">
                    <Coords points="1209,1600 1209,1660 1306,1660 1306,1600"/>
                    <TextEquiv>
                        <Unicode>Berta</Unicode>
                    </TextEquiv>
                </Word>
                <Word id="tr_1_tl_75_w10" custom="readingOrder {index:9;}">
                    <Coords points="1336,1599 1336,1659 1502,1659 1502,1599"/>
                    <TextEquiv>
                        <Unicode>Garlan“,</Unicode>
                    </TextEquiv>
                </Word>
                <Word id="tr_1_tl_75_w11" custom="readingOrder {index:10;}">
                    <Coords points="1520,1599 1520,1659 1588,1659 1588,1599"/>
                    <TextEquiv>
                        <Unicode>1902</Unicode>
                    </TextEquiv>
                </Word>
                <Word id="tr_1_tl_75_w12" custom="readingOrder {index:11;}">
                    <Coords points="1618,1598 1618,1658 1693,1658 1693,1598"/>
                    <TextEquiv>
                        <Unicode>„Die</Unicode>
                    </TextEquiv>
                </Word>
                <Word id="tr_1_tl_75_w13" custom="readingOrder {index:12;}">
                    <Coords points="1716,1596 1716,1656 1888,1656 1888,1596"/>
                    <TextEquiv>
                        <Unicode>griechische</Unicode>
                    </TextEquiv>
                </Word>
                <Word id="tr_1_tl_75_w14" custom="readingOrder {index:13;}">
                    <Coords points="1918,1602 1918,1662 2044,1662 2044,1602"/>
                    <TextEquiv>
                        <Unicode>Buches</Unicode>
                    </TextEquiv>
                </Word>
                <Word id="tr_1_tl_75_w15" custom="readingOrder {index:14;}">
                    <Coords points="2067,1604 2067,1664 2125,1664 2125,1604"/>
                    <TextEquiv>
                        <Unicode>auf</Unicode>
                    </TextEquiv>
                </Word>
                <Word id="tr_1_tl_75_w16" custom="readingOrder {index:15;}">
                    <Coords points="2149,1603 2149,1663 2200,1663 2200,1603"/>
                    <TextEquiv>
                        <Unicode>das</Unicode>
                    </TextEquiv>
                </Word>
                <Word id="tr_1_tl_75_w17" custom="readingOrder {index:16;}">
                    <Coords points="2229,1602 2229,1662 2321,1662 2321,1602"/>
                    <TextEquiv>
                        <Unicode>Leben</Unicode>
                    </TextEquiv>
                </Word>
                <Word id="tr_1_tl_75_w18" custom="readingOrder {index:17;}">
                    <Coords points="2356,1602 2356,1662 2401,1662 2401,1602"/>
                    <TextEquiv>
                        <Unicode>der</Unicode>
                    </TextEquiv>
                </Word>
                <Word id="tr_1_tl_75_w19" custom="readingOrder {index:18;}">
                    <Coords points="2431,1602 2431,1662 2545,1662 2545,1602"/>
                    <TextEquiv>
                        <Unicode>Bühne</Unicode>
                    </TextEquiv>
                </Word>
                <Word id="tr_1_tl_75_w20" custom="readingOrder {index:19;}">
                    <Coords points="2569,1601 2569,1661 2603,1661 2603,1601"/>
                    <TextEquiv>
                        <Unicode>zu</Unicode>
                    </TextEquiv>
                </Word>
                <Word id="tr_1_tl_75_w21" custom="readingOrder {index:20;}">
                    <Coords points="2633,1600 2633,1660 2845,1660 2845,1600"/>
                    <TextEquiv>
                        <Unicode>übertragen.</Unicode>
                    </TextEquiv>
                </Word>
                <Word id="tr_1_tl_75_w22" custom="readingOrder {index:21;}">
                    <Coords points="2863,1599 2863,1659 2908,1659 2908,1599"/>
                    <TextEquiv>
                        <Unicode>Er</Unicode>
                    </TextEquiv>
                </Word>
                <Word id="tr_1_tl_75_w23" custom="readingOrder {index:22;}">
                    <Coords points="2932,1598 2932,1658 3029,1658 3029,1598"/>
                    <TextEquiv>
                        <Unicode>zählte</Unicode>
                    </TextEquiv>
                </Word>
                <Word id="tr_1_tl_75_w24" custom="readingOrder {index:23;}">
                    <Coords points="3059,1596 3059,1656 3087,1656 3087,1596"/>
                    <TextEquiv>
                        <Unicode>zu</Unicode>
                    </TextEquiv>
                </Word>
                <TextEquiv>
                    <Unicode>sich Absolvierung des Aka= 1900 entstand auch „Frau Berta Garlan“, 1902 „Die griechische Buches auf das Leben der Bühne zu übertragen. Er zählte zu</Unicode>
                </TextEquiv>
            </TextLine>
            <TextLine id="tr_1_tl_76" custom="readingOrder {index:75;}">
                <Coords points="701,1699 1882,1699 1882,1647 1831,1640 701,1658"/>
                <Baseline points="722,1689 780,1692 839,1692 897,1692 956,1689 1014,1691 1073,1689 1131,1689 1190,1689 1248,1689 1307,1686 1365,1687 1424,1687 1482,1686 1541,1683 1599,1683 1658,1683 1716,1683 1775,1683 1833,1683 1892,1683"/>
                <Word id="tr_1_tl_76_w1" custom="readingOrder {index:0;}">
                    <Coords points="706,1652 706,1712 922,1712 922,1652"/>
                    <TextEquiv>
                        <Unicode>Sängerin",</Unicode>
                    </TextEquiv>
                </Word>
                <Word id="tr_1_tl_76_w2" custom="readingOrder {index:1;}">
                    <Coords points="948,1649 948,1709 1009,1709 1009,1649"/>
                    <TextEquiv>
                        <Unicode>und</Unicode>
                    </TextEquiv>
                </Word>
                <Word id="tr_1_tl_76_w3" custom="readingOrder {index:2;}">
                    <Coords points="1036,1649 1036,1709 1066,1709 1066,1649"/>
                    <TextEquiv>
                        <Unicode>so</Unicode>
                    </TextEquiv>
                </Word>
                <Word id="tr_1_tl_76_w4" custom="readingOrder {index:3;}">
                    <Coords points="1093,1649 1093,1709 1174,1709 1174,1649"/>
                    <TextEquiv>
                        <Unicode>jedes</Unicode>
                    </TextEquiv>
                </Word>
                <Word id="tr_1_tl_76_w5" custom="readingOrder {index:4;}">
                    <Coords points="1206,1648 1206,1708 1293,1708 1293,1648"/>
                    <TextEquiv>
                        <Unicode>Jahr</Unicode>
                    </TextEquiv>
                </Word>
                <Word id="tr_1_tl_76_w6" custom="readingOrder {index:5;}">
                    <Coords points="1319,1647 1319,1707 1422,1707 1422,1647"/>
                    <TextEquiv>
                        <Unicode>einige</Unicode>
                    </TextEquiv>
                </Word>
                <Word id="tr_1_tl_76_w7" custom="readingOrder {index:6;}">
                    <Coords points="1453,1643 1453,1703 1628,1703 1628,1643"/>
                    <TextEquiv>
                        <Unicode>Novellen,</Unicode>
                    </TextEquiv>
                </Word>
                <Word id="tr_1_tl_76_w8" custom="readingOrder {index:7;}">
                    <Coords points="1649,1643 1649,1703 1695,1703 1695,1643"/>
                    <TextEquiv>
                        <Unicode>bis</Unicode>
                    </TextEquiv>
                </Word>
                <Word id="tr_1_tl_76_w9" custom="readingOrder {index:8;}">
                    <Coords points="1727,1643 1727,1703 1793,1703 1793,1643"/>
                    <TextEquiv>
                        <Unicode>1908</Unicode>
                    </TextEquiv>
                </Word>
                <Word id="tr_1_tl_76_w10" custom="readingOrder {index:9;}">
                    <Coords points="1830,1643 1830,1703 1886,1703 1886,1643"/>
                    <TextEquiv>
                        <Unicode>sein</Unicode>
                    </TextEquiv>
                </Word>
                <TextEquiv>
                    <Unicode>Sängerin", und so jedes Jahr einige Novellen, bis 1908 sein</Unicode>
                </TextEquiv>
            </TextLine>
            <TextLine id="tr_1_tl_77" custom="readingOrder {index:76;}">
                <Coords points="1911,1702 3089,1706 3093,1655 3045,1647 1915,1655"/>
                <Baseline points="1931,1689 1989,1690 2047,1692 2106,1692 2164,1692 2222,1691 2281,1689 2339,1689 2397,1689 2456,1691 2514,1689 2572,1690 2631,1690 2689,1689 2747,1689 2806,1689 2864,1689 2922,1686 2981,1685 3039,1683 3098,1683"/>
                <Word id="tr_1_tl_77_w1" custom="readingOrder {index:0;}">
                    <Coords points="1916,1649 1916,1709 1968,1709 1968,1649"/>
                    <TextEquiv>
                        <Unicode>den</Unicode>
                    </TextEquiv>
                </Word>
                <Word id="tr_1_tl_77_w2" custom="readingOrder {index:1;}">
                    <Coords points="2001,1652 2001,1712 2137,1712 2137,1652"/>
                    <TextEquiv>
                        <Unicode>wenigen</Unicode>
                    </TextEquiv>
                </Word>
                <Word id="tr_1_tl_77_w3" custom="readingOrder {index:2;}">
                    <Coords points="2165,1649 2165,1709 2466,1709 2466,1649"/>
                    <TextEquiv>
                        <Unicode>Bühnendichtern,</Unicode>
                    </TextEquiv>
                </Word>
                <Word id="tr_1_tl_77_w4" custom="readingOrder {index:3;}">
                    <Coords points="2499,1649 2499,1709 2545,1709 2545,1649"/>
                    <TextEquiv>
                        <Unicode>die</Unicode>
                    </TextEquiv>
                </Word>
                <Word id="tr_1_tl_77_w5" custom="readingOrder {index:4;}">
                    <Coords points="2583,1650 2583,1710 2641,1710 2641,1650"/>
                    <TextEquiv>
                        <Unicode>das</Unicode>
                    </TextEquiv>
                </Word>
                <Word id="tr_1_tl_77_w6" custom="readingOrder {index:5;}">
                    <Coords points="2679,1649 2679,1709 2864,1709 2864,1649"/>
                    <TextEquiv>
                        <Unicode>Mysterium</Unicode>
                    </TextEquiv>
                </Word>
                <Word id="tr_1_tl_77_w7" custom="readingOrder {index:6;}">
                    <Coords points="2917,1645 2917,1705 2969,1705 2969,1645"/>
                    <TextEquiv>
                        <Unicode>der</Unicode>
                    </TextEquiv>
                </Word>
                <Word id="tr_1_tl_77_w8" custom="readingOrder {index:7;}">
                    <Coords points="3012,1643 3012,1703 3096,1703 3096,1643"/>
                    <TextEquiv>
                        <Unicode>Ver¬</Unicode>
                    </TextEquiv>
                </Word>
                <TextEquiv>
                    <Unicode>den wenigen Bühnendichtern, die das Mysterium der Ver¬</Unicode>
                </TextEquiv>
            </TextLine>
            <TextLine id="tr_1_tl_78" custom="readingOrder {index:77;}">
                <Coords points="165,1713 675,1713 675,1658 521,1658 503,1673 165,1662"/>
                <Baseline points="185,1701 210,1701 235,1701 260,1701 285,1701 310,1701 335,1701 360,1703 385,1703 410,1701 435,1701 460,1701 485,1699 510,1698 535,1698 560,1698 585,1698 610,1698 635,1698 660,1697 686,1695"/>
                <Word id="tr_1_tl_78_w1" custom="readingOrder {index:0;}">
                    <Coords points="166,1661 166,1721 386,1721 386,1661"/>
                    <TextEquiv>
                        <Unicode>Medizin,</Unicode>
                    </TextEquiv>
                </Word>
                <Word id="tr_1_tl_78_w2" custom="readingOrder {index:1;}">
                    <Coords points="404,1661 404,1721 485,1721 485,1661"/>
                    <TextEquiv>
                        <Unicode>wozu</Unicode>
                    </TextEquiv>
                </Word>
                <Word id="tr_1_tl_78_w3" custom="readingOrder {index:2;}">
                    <Coords points="521,1658 521,1718 567,1718 567,1658"/>
                    <TextEquiv>
                        <Unicode>ihn</Unicode>
                    </TextEquiv>
                </Word>
                <Word id="tr_1_tl_78_w4" custom="readingOrder {index:3;}">
                    <Coords points="603,1658 603,1718 666,1718 666,1658"/>
                    <TextEquiv>
                        <Unicode>nich</Unicode>
                    </TextEquiv>
                </Word>
                <TextEquiv>
                    <Unicode>Medizin, wozu ihn nich</Unicode>
                </TextEquiv>
            </TextLine>
            <TextLine id="tr_1_tl_79" custom="readingOrder {index:78;}">
                <Coords points="704,1750 3085,1765 3085,1702 2906,1688 704,1702"/>
                <Baseline points="725,1737 843,1740 961,1737 1080,1737 1198,1737 1316,1737 1435,1732 1553,1732 1671,1731 1790,1731 1908,1733 2026,1743 2145,1743 2263,1742 2381,1740 2500,1740 2618,1738 2736,1740 2855,1740 2973,1737 3092,1731"/>
                <Word id="tr_1_tl_79_w1" custom="readingOrder {index:0;}">
                    <Coords points="715,1698 715,1758 854,1758 854,1698"/>
                    <TextEquiv>
                        <Unicode>einziger</Unicode>
                    </TextEquiv>
                </Word>
                <Word id="tr_1_tl_79_w2" custom="readingOrder {index:1;}">
                    <Coords points="876,1697 876,1757 994,1757 994,1697"/>
                    <TextEquiv>
                        <Unicode>großer</Unicode>
                    </TextEquiv>
                </Word>
                <Word id="tr_1_tl_79_w3" custom="readingOrder {index:2;}">
                    <Coords points="1016,1697 1016,1757 1135,1757 1135,1697"/>
                    <TextEquiv>
                        <Unicode>Roman</Unicode>
                    </TextEquiv>
                </Word>
                <Word id="tr_1_tl_79_w4" custom="readingOrder {index:3;}">
                    <Coords points="1171,1697 1171,1757 1247,1757 1247,1697"/>
                    <TextEquiv>
                        <Unicode>„Der</Unicode>
                    </TextEquiv>
                </Word>
                <Word id="tr_1_tl_79_w5" custom="readingOrder {index:4;}">
                    <Coords points="1269,1697 1269,1757 1345,1757 1345,1697"/>
                    <TextEquiv>
                        <Unicode>Weg</Unicode>
                    </TextEquiv>
                </Word>
                <Word id="tr_1_tl_79_w6" custom="readingOrder {index:5;}">
                    <Coords points="1367,1693 1367,1753 1416,1753 1416,1693"/>
                    <TextEquiv>
                        <Unicode>ins</Unicode>
                    </TextEquiv>
                </Word>
                <Word id="tr_1_tl_79_w7" custom="readingOrder {index:6;}">
                    <Coords points="1445,1692 1445,1752 1549,1752 1549,1692"/>
                    <TextEquiv>
                        <Unicode>Freie"</Unicode>
                    </TextEquiv>
                </Word>
                <Word id="tr_1_tl_79_w8" custom="readingOrder {index:7;}">
                    <Coords points="1578,1691 1578,1751 1717,1751 1717,1691"/>
                    <TextEquiv>
                        <Unicode>erschien.</Unicode>
                    </TextEquiv>
                </Word>
                <Word id="tr_1_tl_79_w9" custom="readingOrder {index:8;}">
                    <Coords points="1740,1691 1740,1751 1802,1751 1802,1691"/>
                    <TextEquiv>
                        <Unicode>Von</Unicode>
                    </TextEquiv>
                </Word>
                <Word id="tr_1_tl_79_w10" custom="readingOrder {index:9;}">
                    <Coords points="1838,1692 1838,1752 1886,1752 1886,1692"/>
                    <TextEquiv>
                        <Unicode>den</Unicode>
                    </TextEquiv>
                </Word>
                <Word id="tr_1_tl_79_w11" custom="readingOrder {index:10;}">
                    <Coords points="1922,1703 1922,1763 2160,1763 2160,1703"/>
                    <TextEquiv>
                        <Unicode>körperlichung</Unicode>
                    </TextEquiv>
                </Word>
                <Word id="tr_1_tl_79_w12" custom="readingOrder {index:11;}">
                    <Coords points="2196,1702 2196,1762 2279,1762 2279,1702"/>
                    <TextEquiv>
                        <Unicode>ihrer</Unicode>
                    </TextEquiv>
                </Word>
                <Word id="tr_1_tl_79_w13" custom="readingOrder {index:12;}">
                    <Coords points="2315,1700 2315,1760 2651,1760 2651,1700"/>
                    <TextEquiv>
                        <Unicode>Phantasiegeschöpfe</Unicode>
                    </TextEquiv>
                </Word>
                <Word id="tr_1_tl_79_w14" custom="readingOrder {index:13;}">
                    <Coords points="2680,1700 2680,1760 2813,1760 2813,1700"/>
                    <TextEquiv>
                        <Unicode>dadurch</Unicode>
                    </TextEquiv>
                </Word>
                <Word id="tr_1_tl_79_w15" custom="readingOrder {index:14;}">
                    <Coords points="2842,1699 2842,1759 2876,1759 2876,1699"/>
                    <TextEquiv>
                        <Unicode>zu</Unicode>
                    </TextEquiv>
                </Word>
                <Word id="tr_1_tl_79_w16" custom="readingOrder {index:15;}">
                    <Coords points="2912,1697 2912,1757 2988,1757 2988,1697"/>
                    <TextEquiv>
                        <Unicode>lösen</Unicode>
                    </TextEquiv>
                </Word>
                <Word id="tr_1_tl_79_w17" custom="readingOrder {index:16;}">
                    <Coords points="3024,1693 3024,1753 3079,1753 3079,1693"/>
                    <TextEquiv>
                        <Unicode>ver</Unicode>
                    </TextEquiv>
                </Word>
                <TextEquiv>
                    <Unicode>einziger großer Roman „Der Weg ins Freie" erschien. Von den körperlichung ihrer Phantasiegeschöpfe dadurch zu lösen ver</Unicode>
                </TextEquiv>
            </TextLine>
            <TextLine id="tr_1_tl_80" custom="readingOrder {index:79;}">
                <Coords points="169,1765 227,1779 260,1757 345,1772 374,1754 679,1757 679,1717 635,1702 525,1721 396,1702 367,1721 271,1706 169,1717"/>
                <Baseline points="188,1752 214,1749 240,1749 266,1749 292,1749 319,1749 345,1748 371,1746 397,1746 423,1746 450,1746 476,1746 502,1746 528,1746 554,1746 581,1746 607,1746 633,1746 659,1746 686,1746"/>
                <Word id="tr_1_tl_80_w1" custom="readingOrder {index:0;}">
                    <Coords points="169,1711 169,1771 217,1771 217,1711"/>
                    <TextEquiv>
                        <Unicode>uf</Unicode>
                    </TextEquiv>
                </Word>
                <Word id="tr_1_tl_80_w2" custom="readingOrder {index:1;}">
                    <Coords points="240,1709 240,1769 332,1769 332,1709"/>
                    <TextEquiv>
                        <Unicode>diesem</Unicode>
                    </TextEquiv>
                </Word>
                <Word id="tr_1_tl_80_w3" custom="readingOrder {index:2;}">
                    <Coords points="371,1706 371,1766 524,1766 524,1706"/>
                    <TextEquiv>
                        <Unicode>Gebiete,</Unicode>
                    </TextEquiv>
                </Word>
                <Word id="tr_1_tl_80_w4" custom="readingOrder {index:3;}">
                    <Coords points="541,1706 541,1766 600,1766 600,1706"/>
                    <TextEquiv>
                        <Unicode>und</Unicode>
                    </TextEquiv>
                </Word>
                <Word id="tr_1_tl_80_w5" custom="readingOrder {index:4;}">
                    <Coords points="628,1706 628,1766 682,1766 682,1706"/>
                    <TextEquiv>
                        <Unicode>das</Unicode>
                    </TextEquiv>
                </Word>
                <TextEquiv>
                    <Unicode>uf diesem Gebiete, und das</Unicode>
                </TextEquiv>
            </TextLine>
            <TextLine id="tr_1_tl_81" custom="readingOrder {index:80;}">
                <Coords points="708,1801 2730,1805 2730,1750 2667,1743 708,1746"/>
                <Baseline points="728,1791 828,1788 929,1784 1029,1783 1130,1785 1231,1785 1331,1785 1432,1783 1532,1782 1633,1779 1734,1779 1834,1779 1935,1791 2035,1791 2136,1792 2237,1791 2337,1791 2438,1791 2538,1788 2639,1788 2740,1785"/>
                <Word id="tr_1_tl_81_w1" custom="readingOrder {index:0;}">
                    <Coords points="711,1749 711,1809 852,1809 852,1749"/>
                    <TextEquiv>
                        <Unicode>späteren</Unicode>
                    </TextEquiv>
                </Word>
                <Word id="tr_1_tl_81_w2" custom="readingOrder {index:1;}">
                    <Coords points="900,1743 900,1803 1028,1803 1028,1743"/>
                    <TextEquiv>
                        <Unicode>Werlen</Unicode>
                    </TextEquiv>
                </Word>
                <Word id="tr_1_tl_81_w3" custom="readingOrder {index:2;}">
                    <Coords points="1069,1744 1069,1804 1136,1804 1136,1744"/>
                    <TextEquiv>
                        <Unicode>sind</Unicode>
                    </TextEquiv>
                </Word>
                <Word id="tr_1_tl_81_w4" custom="readingOrder {index:3;}">
                    <Coords points="1177,1745 1177,1805 1244,1805 1244,1745"/>
                    <TextEquiv>
                        <Unicode>noch</Unicode>
                    </TextEquiv>
                </Word>
                <Word id="tr_1_tl_81_w5" custom="readingOrder {index:4;}">
                    <Coords points="1285,1743 1285,1803 1494,1803 1494,1743"/>
                    <TextEquiv>
                        <Unicode>„Casanovas</Unicode>
                    </TextEquiv>
                </Word>
                <Word id="tr_1_tl_81_w6" custom="readingOrder {index:5;}">
                    <Coords points="1535,1739 1535,1799 1738,1799 1738,1739"/>
                    <TextEquiv>
                        <Unicode>Heimfahrt"</Unicode>
                    </TextEquiv>
                </Word>
                <Word id="tr_1_tl_81_w7" custom="readingOrder {index:6;}">
                    <Coords points="1786,1740 1786,1800 1900,1800 1900,1740"/>
                    <TextEquiv>
                        <Unicode>(1918),</Unicode>
                    </TextEquiv>
                </Word>
                <Word id="tr_1_tl_81_w8" custom="readingOrder {index:7;}">
                    <Coords points="1921,1751 1921,1811 2076,1811 2076,1751"/>
                    <TextEquiv>
                        <Unicode>mochten,</Unicode>
                    </TextEquiv>
                </Word>
                <Word id="tr_1_tl_81_w9" custom="readingOrder {index:8;}">
                    <Coords points="2097,1751 2097,1811 2143,1811 2143,1751"/>
                    <TextEquiv>
                        <Unicode>daß</Unicode>
                    </TextEquiv>
                </Word>
                <Word id="tr_1_tl_81_w10" custom="readingOrder {index:9;}">
                    <Coords points="2171,1751 2171,1811 2211,1811 2211,1751"/>
                    <TextEquiv>
                        <Unicode>sie</Unicode>
                    </TextEquiv>
                </Word>
                <Word id="tr_1_tl_81_w11" custom="readingOrder {index:10;}">
                    <Coords points="2232,1751 2232,1811 2380,1811 2380,1751"/>
                    <TextEquiv>
                        <Unicode>wirkliche</Unicode>
                    </TextEquiv>
                </Word>
                <Word id="tr_1_tl_81_w12" custom="readingOrder {index:11;}">
                    <Coords points="2401,1749 2401,1809 2562,1809 2562,1749"/>
                    <TextEquiv>
                        <Unicode>Menschen</Unicode>
                    </TextEquiv>
                </Word>
                <Word id="tr_1_tl_81_w13" custom="readingOrder {index:12;}">
                    <Coords points="2590,1747 2590,1807 2731,1807 2731,1747"/>
                    <TextEquiv>
                        <Unicode>schufen.</Unicode>
                    </TextEquiv>
                </Word>
                <TextEquiv>
                    <Unicode>späteren Werlen sind noch „Casanovas Heimfahrt" (1918), mochten, daß sie wirkliche Menschen schufen.</Unicode>
                </TextEquiv>
            </TextLine>
            <TextLine id="tr_1_tl_82" custom="readingOrder {index:81;}">
                <Coords points="165,1805 682,1801 682,1757 653,1754 165,1768"/>
                <Baseline points="185,1797 210,1797 235,1797 261,1797 286,1797 311,1797 337,1797 362,1795 387,1794 413,1794 438,1793 463,1791 489,1792 514,1794 539,1794 565,1794 590,1794 615,1794 641,1794 666,1791 692,1788"/>
                <Word id="tr_1_tl_82_w1" custom="readingOrder {index:0;}">
                    <Coords points="165,1757 165,1817 191,1817 191,1757"/>
                    <TextEquiv>
                        <Unicode>r</Unicode>
                    </TextEquiv>
                </Word>
                <Word id="tr_1_tl_82_w2" custom="readingOrder {index:1;}">
                    <Coords points="229,1757 229,1817 307,1817 307,1757"/>
                    <TextEquiv>
                        <Unicode>allem</Unicode>
                    </TextEquiv>
                </Word>
                <Word id="tr_1_tl_82_w3" custom="readingOrder {index:2;}">
                    <Coords points="367,1754 367,1814 451,1814 451,1754"/>
                    <TextEquiv>
                        <Unicode>seine</Unicode>
                    </TextEquiv>
                </Word>
                <Word id="tr_1_tl_82_w4" custom="readingOrder {index:3;}">
                    <Coords points="494,1754 494,1814 584,1814 584,1754"/>
                    <TextEquiv>
                        <Unicode>Liebe</Unicode>
                    </TextEquiv>
                </Word>
                <Word id="tr_1_tl_82_w5" custom="readingOrder {index:4;}">
                    <Coords points="611,1754 611,1814 669,1814 669,1754"/>
                    <TextEquiv>
                        <Unicode>zum</Unicode>
                    </TextEquiv>
                </Word>
                <TextEquiv>
                    <Unicode>r allem seine Liebe zum</Unicode>
                </TextEquiv>
            </TextLine>
            <TextLine id="tr_1_tl_83" custom="readingOrder {index:82;}">
                <Coords points="708,1853 1886,1838 1889,1794 1776,1779 712,1805"/>
                <Baseline points="728,1839 786,1836 844,1836 903,1836 961,1830 1019,1831 1078,1833 1136,1833 1194,1833 1253,1833 1311,1833 1369,1832 1428,1830 1486,1830 1544,1830 1603,1827 1661,1827 1719,1827 1778,1826 1836,1826 1895,1827"/>
                <Word id="tr_1_tl_83_w1" custom="readingOrder {index:0;}">
                    <Coords points="714,1796 714,1856 886,1856 886,1796"/>
                    <TextEquiv>
                        <Unicode>„Fräulein</Unicode>
                    </TextEquiv>
                </Word>
                <Word id="tr_1_tl_83_w2" custom="readingOrder {index:1;}">
                    <Coords points="924,1790 924,1850 1016,1850 1016,1790"/>
                    <TextEquiv>
                        <Unicode>Else“</Unicode>
                    </TextEquiv>
                </Word>
                <Word id="tr_1_tl_83_w3" custom="readingOrder {index:2;}">
                    <Coords points="1049,1793 1049,1853 1161,1853 1161,1793"/>
                    <TextEquiv>
                        <Unicode>(1924),</Unicode>
                    </TextEquiv>
                </Word>
                <Word id="tr_1_tl_83_w4" custom="readingOrder {index:3;}">
                    <Coords points="1184,1793 1184,1853 1265,1853 1265,1793"/>
                    <TextEquiv>
                        <Unicode>„Die</Unicode>
                    </TextEquiv>
                </Word>
                <Word id="tr_1_tl_83_w5" custom="readingOrder {index:4;}">
                    <Coords points="1292,1792 1292,1852 1378,1852 1378,1792"/>
                    <TextEquiv>
                        <Unicode>Frau</Unicode>
                    </TextEquiv>
                </Word>
                <Word id="tr_1_tl_83_w6" custom="readingOrder {index:5;}">
                    <Coords points="1411,1790 1411,1850 1465,1850 1465,1790"/>
                    <TextEquiv>
                        <Unicode>des</Unicode>
                    </TextEquiv>
                </Word>
                <Word id="tr_1_tl_83_w7" custom="readingOrder {index:6;}">
                    <Coords points="1493,1788 1493,1848 1654,1848 1654,1788"/>
                    <TextEquiv>
                        <Unicode>Richters"</Unicode>
                    </TextEquiv>
                </Word>
                <Word id="tr_1_tl_83_w8" custom="readingOrder {index:7;}">
                    <Coords points="1693,1786 1693,1846 1805,1846 1805,1786"/>
                    <TextEquiv>
                        <Unicode>(1925),</Unicode>
                    </TextEquiv>
                </Word>
                <Word id="tr_1_tl_83_w9" custom="readingOrder {index:8;}">
                    <Coords points="1828,1786 1828,1846 1886,1846 1886,1786"/>
                    <TextEquiv>
                        <Unicode>und</Unicode>
                    </TextEquiv>
                </Word>
                <TextEquiv>
                    <Unicode>„Fräulein Else“ (1924), „Die Frau des Richters" (1925), und</Unicode>
                </TextEquiv>
            </TextLine>
            <TextLine id="tr_1_tl_84" custom="readingOrder {index:83;}">
                <Coords points="165,1860 679,1849 679,1805 657,1801 165,1809"/>
                <Baseline points="185,1842 210,1844 235,1842 260,1842 285,1842 311,1842 336,1842 361,1844 386,1844 411,1840 437,1840 462,1842 487,1841 512,1839 537,1839 563,1839 588,1839 613,1839 638,1839 663,1838 689,1836"/>
                <Word id="tr_1_tl_84_w1" custom="readingOrder {index:0;}">
                    <Coords points="166,1802 166,1862 314,1862 314,1802"/>
                    <TextEquiv>
                        <Unicode>Interesse</Unicode>
                    </TextEquiv>
                </Word>
                <Word id="tr_1_tl_84_w2" custom="readingOrder {index:1;}">
                    <Coords points="349,1804 349,1864 382,1864 382,1804"/>
                    <TextEquiv>
                        <Unicode>am</Unicode>
                    </TextEquiv>
                </Word>
                <Word id="tr_1_tl_84_w3" custom="readingOrder {index:2;}">
                    <Coords points="427,1799 427,1859 593,1859 593,1799"/>
                    <TextEquiv>
                        <Unicode>Menschen</Unicode>
                    </TextEquiv>
                </Word>
                <Word id="tr_1_tl_84_w4" custom="readingOrder {index:3;}">
                    <Coords points="632,1798 632,1858 682,1858 682,1798"/>
                    <TextEquiv>
                        <Unicode>be¬</Unicode>
                    </TextEquiv>
                </Word>
                <TextEquiv>
                    <Unicode>Interesse am Menschen be¬</Unicode>
                </TextEquiv>
            </TextLine>
            <TextLine id="tr_1_tl_85" custom="readingOrder {index:84;}">
                <Coords points="2007,1860 3096,1856 3096,1809 3001,1772 2832,1809 2007,1805"/>
                <Baseline points="2027,1848 2080,1848 2134,1848 2188,1848 2242,1848 2296,1848 2350,1848 2403,1848 2457,1850 2511,1846 2565,1848 2619,1848 2673,1847 2727,1845 2780,1845 2834,1845 2888,1846 2942,1847 2996,1843 3050,1844 3104,1845"/>
                <Word id="tr_1_tl_85_w1" custom="readingOrder {index:0;}">
                    <Coords points="2017,1808 2017,1868 2185,1868 2185,1808"/>
                    <TextEquiv>
                        <Unicode>Schnitzler</Unicode>
                    </TextEquiv>
                </Word>
                <Word id="tr_1_tl_85_w2" custom="readingOrder {index:1;}">
                    <Coords points="2213,1808 2213,1868 2279,1868 2279,1808"/>
                    <TextEquiv>
                        <Unicode>war</Unicode>
                    </TextEquiv>
                </Word>
                <Word id="tr_1_tl_85_w3" custom="readingOrder {index:2;}">
                    <Coords points="2307,1808 2307,1868 2347,1868 2347,1808"/>
                    <TextEquiv>
                        <Unicode>ein</Unicode>
                    </TextEquiv>
                </Word>
                <Word id="tr_1_tl_85_w4" custom="readingOrder {index:3;}">
                    <Coords points="2381,1809 2381,1869 2529,1869 2529,1809"/>
                    <TextEquiv>
                        <Unicode>fleißiger</Unicode>
                    </TextEquiv>
                </Word>
                <Word id="tr_1_tl_85_w5" custom="readingOrder {index:4;}">
                    <Coords points="2558,1805 2558,1865 2847,1865 2847,1805"/>
                    <TextEquiv>
                        <Unicode>Probenbesucher.</Unicode>
                    </TextEquiv>
                </Word>
                <Word id="tr_1_tl_85_w6" custom="readingOrder {index:5;}">
                    <Coords points="2868,1806 2868,1866 2908,1866 2908,1806"/>
                    <TextEquiv>
                        <Unicode>Er</Unicode>
                    </TextEquiv>
                </Word>
                <Word id="tr_1_tl_85_w7" custom="readingOrder {index:6;}">
                    <Coords points="2936,1805 2936,1865 2989,1865 2989,1805"/>
                    <TextEquiv>
                        <Unicode>gab</Unicode>
                    </TextEquiv>
                </Word>
                <Word id="tr_1_tl_85_w8" custom="readingOrder {index:7;}">
                    <Coords points="3024,1803 3024,1863 3070,1863 3070,1803"/>
                    <TextEquiv>
                        <Unicode>dem</Unicode>
                    </TextEquiv>
                </Word>
                <TextEquiv>
                    <Unicode>Schnitzler war ein fleißiger Probenbesucher. Er gab dem</Unicode>
                </TextEquiv>
            </TextLine>
            <TextLine id="tr_1_tl_86" custom="readingOrder {index:85;}">
                <Coords points="701,1897 1889,1882 1889,1838 1812,1834 701,1853"/>
                <Baseline points="722,1877 780,1883 839,1881 897,1883 956,1885 1015,1882 1073,1880 1132,1880 1191,1880 1249,1880 1308,1877 1367,1877 1425,1877 1484,1877 1543,1877 1601,1877 1660,1874 1719,1874 1777,1874 1836,1874 1895,1877"/>
                <Word id="tr_1_tl_86_w1" custom="readingOrder {index:0;}">
                    <Coords points="706,1838 706,1898 760,1898 760,1838"/>
                    <TextEquiv>
                        <Unicode>als</Unicode>
                    </TextEquiv>
                </Word>
                <Word id="tr_1_tl_86_w2" custom="readingOrder {index:1;}">
                    <Coords points="796,1841 796,1901 896,1901 896,1841"/>
                    <TextEquiv>
                        <Unicode>letztes</Unicode>
                    </TextEquiv>
                </Word>
                <Word id="tr_1_tl_86_w3" custom="readingOrder {index:2;}">
                    <Coords points="937,1840 937,1900 1223,1900 1223,1840"/>
                    <TextEquiv>
                        <Unicode>„Traumnovelle“</Unicode>
                    </TextEquiv>
                </Word>
                <Word id="tr_1_tl_86_w4" custom="readingOrder {index:3;}">
                    <Coords points="1259,1837 1259,1897 1364,1897 1364,1837"/>
                    <TextEquiv>
                        <Unicode>(1926)</Unicode>
                    </TextEquiv>
                </Word>
                <Word id="tr_1_tl_86_w5" custom="readingOrder {index:4;}">
                    <Coords points="1395,1837 1395,1897 1565,1897 1565,1837"/>
                    <TextEquiv>
                        <Unicode>besonders</Unicode>
                    </TextEquiv>
                </Word>
                <Word id="tr_1_tl_86_w6" custom="readingOrder {index:5;}">
                    <Coords points="1601,1834 1601,1894 1882,1894 1882,1834"/>
                    <TextEquiv>
                        <Unicode>erwähnenswert</Unicode>
                    </TextEquiv>
                </Word>
                <TextEquiv>
                    <Unicode>als letztes „Traumnovelle“ (1926) besonders erwähnenswert</Unicode>
                </TextEquiv>
            </TextLine>
            <TextLine id="tr_1_tl_87" custom="readingOrder {index:86;}">
                <Coords points="165,1900 679,1900 679,1853 638,1856 620,1838 528,1860 371,1860 341,1845 165,1864"/>
                <Baseline points="185,1889 210,1892 235,1892 260,1892 285,1892 311,1892 336,1892 361,1890 386,1889 411,1889 437,1889 462,1889 487,1889 512,1889 537,1887 563,1886 588,1886 613,1886 638,1886 663,1886 689,1886"/>
                <Word id="tr_1_tl_87_w1" custom="readingOrder {index:0;}">
                    <Coords points="165,1852 165,1912 268,1912 268,1852"/>
                    <TextEquiv>
                        <Unicode>ktor,</Unicode>
                    </TextEquiv>
                </Word>
                <Word id="tr_1_tl_87_w2" custom="readingOrder {index:1;}">
                    <Coords points="284,1852 284,1912 345,1912 345,1852"/>
                    <TextEquiv>
                        <Unicode>und</Unicode>
                    </TextEquiv>
                </Word>
                <Word id="tr_1_tl_87_w3" custom="readingOrder {index:2;}">
                    <Coords points="372,1849 372,1909 496,1909 496,1849"/>
                    <TextEquiv>
                        <Unicode>nachdem</Unicode>
                    </TextEquiv>
                </Word>
                <Word id="tr_1_tl_87_w4" custom="readingOrder {index:3;}">
                    <Coords points="538,1846 538,1906 568,1906 568,1846"/>
                    <TextEquiv>
                        <Unicode>er</Unicode>
                    </TextEquiv>
                </Word>
                <Word id="tr_1_tl_87_w5" custom="readingOrder {index:4;}">
                    <Coords points="590,1846 590,1906 677,1906 677,1846"/>
                    <TextEquiv>
                        <Unicode>durck</Unicode>
                    </TextEquiv>
                </Word>
                <TextEquiv>
                    <Unicode>ktor, und nachdem er durck</Unicode>
                </TextEquiv>
            </TextLine>
            <TextLine id="tr_1_tl_88" custom="readingOrder {index:87;}">
                <Coords points="1911,1911 3100,1908 3100,1856 3016,1849 1911,1845"/>
                <Baseline points="1931,1901 1989,1901 2048,1898 2107,1898 2166,1898 2225,1897 2283,1895 2342,1898 2401,1895 2460,1895 2519,1895 2577,1895 2636,1895 2695,1895 2754,1895 2813,1895 2871,1893 2930,1895 2989,1894 3048,1892 3107,1892"/>
                <Word id="tr_1_tl_88_w1" custom="readingOrder {index:0;}">
                    <Coords points="1917,1860 1917,1920 2086,1920 2086,1860"/>
                    <TextEquiv>
                        <Unicode>Regisseur</Unicode>
                    </TextEquiv>
                </Word>
                <Word id="tr_1_tl_88_w2" custom="readingOrder {index:1;}">
                    <Coords points="2110,1858 2110,1918 2171,1918 2171,1858"/>
                    <TextEquiv>
                        <Unicode>und</Unicode>
                    </TextEquiv>
                </Word>
                <Word id="tr_1_tl_88_w3" custom="readingOrder {index:2;}">
                    <Coords points="2200,1857 2200,1917 2250,1917 2250,1857"/>
                    <TextEquiv>
                        <Unicode>den</Unicode>
                    </TextEquiv>
                </Word>
                <Word id="tr_1_tl_88_w4" custom="readingOrder {index:3;}">
                    <Coords points="2279,1855 2279,1915 2516,1915 2516,1855"/>
                    <TextEquiv>
                        <Unicode>Schausvielern</Unicode>
                    </TextEquiv>
                </Word>
                <Word id="tr_1_tl_88_w5" custom="readingOrder {index:4;}">
                    <Coords points="2545,1855 2545,1915 2679,1915 2679,1855"/>
                    <TextEquiv>
                        <Unicode>zahllose</Unicode>
                    </TextEquiv>
                </Word>
                <Word id="tr_1_tl_88_w6" custom="readingOrder {index:5;}">
                    <Coords points="2703,1854 2703,1914 2939,1914 2939,1854"/>
                    <TextEquiv>
                        <Unicode>Anregungen,</Unicode>
                    </TextEquiv>
                </Word>
                <Word id="tr_1_tl_88_w7" custom="readingOrder {index:6;}">
                    <Coords points="2963,1854 2963,1914 3007,1914 3007,1854"/>
                    <TextEquiv>
                        <Unicode>die</Unicode>
                    </TextEquiv>
                </Word>
                <Word id="tr_1_tl_88_w8" custom="readingOrder {index:7;}">
                    <Coords points="3030,1852 3030,1912 3081,1912 3081,1852"/>
                    <TextEquiv>
                        <Unicode>sein</Unicode>
                    </TextEquiv>
                </Word>
                <TextEquiv>
                    <Unicode>Regisseur und den Schausvielern zahllose Anregungen, die sein</Unicode>
                </TextEquiv>
            </TextLine>
            <TextLine id="tr_1_tl_89" custom="readingOrder {index:88;}">
                <Coords points="161,1955 1889,1937 1889,1882 165,1900"/>
                <Baseline points="185,1937 270,1937 356,1937 441,1937 527,1934 613,1934 698,1932 784,1931 870,1931 955,1931 1041,1931 1127,1928 1212,1928 1298,1928 1384,1927 1469,1928 1555,1926 1641,1925 1726,1925 1812,1925 1898,1922"/>
                <Word id="tr_1_tl_89_w1" custom="readingOrder {index:0;}">
                    <Coords points="162,1897 162,1957 188,1957 188,1897"/>
                    <TextEquiv>
                        <Unicode>In</Unicode>
                    </TextEquiv>
                </Word>
                <Word id="tr_1_tl_89_w2" custom="readingOrder {index:1;}">
                    <Coords points="217,1897 217,1957 403,1957 403,1897"/>
                    <TextEquiv>
                        <Unicode>praktiziert</Unicode>
                    </TextEquiv>
                </Word>
                <Word id="tr_1_tl_89_w3" custom="readingOrder {index:2;}">
                    <Coords points="426,1896 426,1956 486,1956 486,1896"/>
                    <TextEquiv>
                        <Unicode>und</Unicode>
                    </TextEquiv>
                </Word>
                <Word id="tr_1_tl_89_w4" custom="readingOrder {index:3;}">
                    <Coords points="514,1894 514,1954 580,1954 580,1894"/>
                    <TextEquiv>
                        <Unicode>auch</Unicode>
                    </TextEquiv>
                </Word>
                <Word id="tr_1_tl_89_w5" custom="readingOrder {index:4;}">
                    <Coords points="614,1893 614,1953 679,1953 679,1893"/>
                    <TextEquiv>
                        <Unicode>eine</Unicode>
                    </TextEquiv>
                </Word>
                <Word id="tr_1_tl_89_w6" custom="readingOrder {index:5;}">
                    <Coords points="713,1891 713,1951 817,1951 817,1891"/>
                    <TextEquiv>
                        <Unicode>Seine</Unicode>
                    </TextEquiv>
                </Word>
                <Word id="tr_1_tl_89_w7" custom="readingOrder {index:6;}">
                    <Coords points="840,1891 840,1951 922,1951 922,1891"/>
                    <TextEquiv>
                        <Unicode>letzte</Unicode>
                    </TextEquiv>
                </Word>
                <Word id="tr_1_tl_89_w8" custom="readingOrder {index:7;}">
                    <Coords points="945,1891 945,1951 1060,1951 1060,1891"/>
                    <TextEquiv>
                        <Unicode>Arbeit</Unicode>
                    </TextEquiv>
                </Word>
                <Word id="tr_1_tl_89_w9" custom="readingOrder {index:8;}">
                    <Coords points="1082,1888 1082,1948 1209,1948 1209,1888"/>
                    <TextEquiv>
                        <Unicode>„Flucht</Unicode>
                    </TextEquiv>
                </Word>
                <Word id="tr_1_tl_89_w10" custom="readingOrder {index:9;}">
                    <Coords points="1226,1888 1226,1948 1253,1948 1253,1888"/>
                    <TextEquiv>
                        <Unicode>in</Unicode>
                    </TextEquiv>
                </Word>
                <Word id="tr_1_tl_89_w11" custom="readingOrder {index:10;}">
                    <Coords points="1281,1887 1281,1947 1324,1947 1324,1887"/>
                    <TextEquiv>
                        <Unicode>die</Unicode>
                    </TextEquiv>
                </Word>
                <Word id="tr_1_tl_89_w12" custom="readingOrder {index:11;}">
                    <Coords points="1353,1887 1353,1947 1572,1947 1572,1887"/>
                    <TextEquiv>
                        <Unicode>Finsternis",</Unicode>
                    </TextEquiv>
                </Word>
                <Word id="tr_1_tl_89_w13" custom="readingOrder {index:12;}">
                    <Coords points="1584,1885 1584,1945 1650,1945 1650,1885"/>
                    <TextEquiv>
                        <Unicode>eine</Unicode>
                    </TextEquiv>
                </Word>
                <Word id="tr_1_tl_89_w14" custom="readingOrder {index:13;}">
                    <Coords points="1678,1885 1678,1945 1887,1945 1887,1885"/>
                    <TextEquiv>
                        <Unicode>novellistische</Unicode>
                    </TextEquiv>
                </Word>
                <TextEquiv>
                    <Unicode>In praktiziert und auch eine Seine letzte Arbeit „Flucht in die Finsternis", eine novellistische</Unicode>
                </TextEquiv>
            </TextLine>
            <TextLine id="tr_1_tl_90" custom="readingOrder {index:89;}">
                <Coords points="1904,1955 3096,1952 3096,1908 3045,1900 1904,1908"/>
                <Baseline points="1925,1949 1987,1949 2049,1947 2111,1947 2173,1946 2235,1946 2297,1946 2359,1946 2421,1944 2483,1946 2545,1946 2607,1943 2669,1943 2731,1945 2793,1943 2855,1943 2917,1941 2979,1943 3041,1943 3104,1940"/>
                <Word id="tr_1_tl_90_w1" custom="readingOrder {index:0;}">
                    <Coords points="1916,1909 1916,1969 2006,1969 2006,1909"/>
                    <TextEquiv>
                        <Unicode>tiefes</Unicode>
                    </TextEquiv>
                </Word>
                <Word id="tr_1_tl_90_w2" custom="readingOrder {index:1;}">
                    <Coords points="2035,1906 2035,1966 2244,1966 2244,1906"/>
                    <TextEquiv>
                        <Unicode>Verständnis</Unicode>
                    </TextEquiv>
                </Word>
                <Word id="tr_1_tl_90_w3" custom="readingOrder {index:2;}">
                    <Coords points="2273,1906 2273,1966 2323,1966 2323,1906"/>
                    <TextEquiv>
                        <Unicode>für</Unicode>
                    </TextEquiv>
                </Word>
                <Word id="tr_1_tl_90_w4" custom="readingOrder {index:3;}">
                    <Coords points="2352,1905 2352,1965 2391,1965 2391,1905"/>
                    <TextEquiv>
                        <Unicode>die</Unicode>
                    </TextEquiv>
                </Word>
                <Word id="tr_1_tl_90_w5" custom="readingOrder {index:4;}">
                    <Coords points="2414,1906 2414,1966 2646,1966 2646,1906"/>
                    <TextEquiv>
                        <Unicode>Forderungen</Unicode>
                    </TextEquiv>
                </Word>
                <Word id="tr_1_tl_90_w6" custom="readingOrder {index:5;}">
                    <Coords points="2681,1904 2681,1964 2725,1964 2725,1904"/>
                    <TextEquiv>
                        <Unicode>des</Unicode>
                    </TextEquiv>
                </Word>
                <Word id="tr_1_tl_90_w7" custom="readingOrder {index:6;}">
                    <Coords points="2754,1903 2754,1963 2906,1963 2906,1903"/>
                    <TextEquiv>
                        <Unicode>Theaters</Unicode>
                    </TextEquiv>
                </Word>
                <Word id="tr_1_tl_90_w8" custom="readingOrder {index:7;}">
                    <Coords points="2935,1903 2935,1963 3098,1963 3098,1903"/>
                    <TextEquiv>
                        <Unicode>bewiesen.</Unicode>
                    </TextEquiv>
                </Word>
                <TextEquiv>
                    <Unicode>tiefes Verständnis für die Forderungen des Theaters bewiesen.</Unicode>
                </TextEquiv>
            </TextLine>
            <TextLine id="tr_1_tl_91" custom="readingOrder {index:90;}">
                <Coords points="172,1996 1886,2007 1886,1941 1666,1926 172,1944"/>
                <Baseline points="194,1985 279,1985 364,1985 449,1984 534,1982 619,1981 704,1978 789,1979 874,1979 959,1979 1044,1979 1129,1976 1214,1976 1299,1976 1384,1976 1469,1977 1554,1976 1639,1973 1724,1973 1809,1973 1895,1970"/>
                <Word id="tr_1_tl_91_w1" custom="readingOrder {index:0;}">
                    <Coords points="177,1945 177,2005 377,2005 377,1945"/>
                    <TextEquiv>
                        <Unicode>ternommen</Unicode>
                    </TextEquiv>
                </Word>
                <Word id="tr_1_tl_91_w2" custom="readingOrder {index:1;}">
                    <Coords points="419,1943 419,2003 519,2003 519,1943"/>
                    <TextEquiv>
                        <Unicode>hatte,</Unicode>
                    </TextEquiv>
                </Word>
                <Word id="tr_1_tl_91_w3" custom="readingOrder {index:2;}">
                    <Coords points="546,1941 546,2001 582,2001 582,1941"/>
                    <TextEquiv>
                        <Unicode>um</Unicode>
                    </TextEquiv>
                </Word>
                <Word id="tr_1_tl_91_w4" custom="readingOrder {index:3;}">
                    <Coords points="630,1939 630,1999 682,1999 682,1939"/>
                    <TextEquiv>
                        <Unicode>die</Unicode>
                    </TextEquiv>
                </Word>
                <Word id="tr_1_tl_91_w5" custom="readingOrder {index:4;}">
                    <Coords points="714,1938 714,1998 851,1998 851,1938"/>
                    <TextEquiv>
                        <Unicode>Studie,</Unicode>
                    </TextEquiv>
                </Word>
                <Word id="tr_1_tl_91_w6" custom="readingOrder {index:5;}">
                    <Coords points="868,1939 868,1999 925,1999 925,1939"/>
                    <TextEquiv>
                        <Unicode>wie</Unicode>
                    </TextEquiv>
                </Word>
                <Word id="tr_1_tl_91_w7" custom="readingOrder {index:6;}">
                    <Coords points="947,1939 947,1999 978,1999 978,1939"/>
                    <TextEquiv>
                        <Unicode>er</Unicode>
                    </TextEquiv>
                </Word>
                <Word id="tr_1_tl_91_w8" custom="readingOrder {index:7;}">
                    <Coords points="999,1939 999,1999 1035,1999 1035,1939"/>
                    <TextEquiv>
                        <Unicode>sie</Unicode>
                    </TextEquiv>
                </Word>
                <Word id="tr_1_tl_91_w9" custom="readingOrder {index:8;}">
                    <Coords points="1057,1936 1057,1996 1331,1996 1331,1936"/>
                    <TextEquiv>
                        <Unicode>charakterisierte,</Unicode>
                    </TextEquiv>
                </Word>
                <Word id="tr_1_tl_91_w10" custom="readingOrder {index:9;}">
                    <Coords points="1353,1936 1353,1996 1399,1996 1399,1936"/>
                    <TextEquiv>
                        <Unicode>kam</Unicode>
                    </TextEquiv>
                </Word>
                <Word id="tr_1_tl_91_w11" custom="readingOrder {index:10;}">
                    <Coords points="1437,1936 1437,1996 1462,1996 1462,1936"/>
                    <TextEquiv>
                        <Unicode>im</Unicode>
                    </TextEquiv>
                </Word>
                <Word id="tr_1_tl_91_w12" custom="readingOrder {index:11;}">
                    <Coords points="1505,1935 1505,1995 1626,1995 1626,1935"/>
                    <TextEquiv>
                        <Unicode>„Neuen</Unicode>
                    </TextEquiv>
                </Word>
                <Word id="tr_1_tl_91_w13" custom="readingOrder {index:12;}">
                    <Coords points="1653,1933 1653,1993 1784,1993 1784,1933"/>
                    <TextEquiv>
                        <Unicode>Wiener</Unicode>
                    </TextEquiv>
                </Word>
                <Word id="tr_1_tl_91_w14" custom="readingOrder {index:13;}">
                    <Coords points="1811,1931 1811,1991 1889,1991 1889,1931"/>
                    <TextEquiv>
                        <Unicode>Tag¬</Unicode>
                    </TextEquiv>
                </Word>
                <TextEquiv>
                    <Unicode>ternommen hatte, um die Studie, wie er sie charakterisierte, kam im „Neuen Wiener Tag¬</Unicode>
                </TextEquiv>
            </TextLine>
            <TextLine id="tr_1_tl_92" custom="readingOrder {index:91;}">
                <Coords points="1900,2007 3100,2007 3067,1952 1900,1963"/>
                <Baseline points="1922,1997 1981,1997 2040,1997 2100,1997 2159,1997 2219,1997 2278,1997 2337,1995 2397,1994 2456,1996 2516,1994 2575,1994 2634,1994 2694,1994 2753,1994 2813,1994 2872,1994 2931,1991 2991,1991 3050,1991 3110,1991"/>
                <Word id="tr_1_tl_92_w1" custom="readingOrder {index:0;}">
                    <Coords points="1913,1957 1913,2017 1975,2017 1975,1957"/>
                    <TextEquiv>
                        <Unicode>Als</Unicode>
                    </TextEquiv>
                </Word>
                <Word id="tr_1_tl_92_w2" custom="readingOrder {index:1;}">
                    <Coords points="2022,1957 2022,2017 2073,2017 2073,1957"/>
                    <TextEquiv>
                        <Unicode>bei</Unicode>
                    </TextEquiv>
                </Word>
                <Word id="tr_1_tl_92_w3" custom="readingOrder {index:2;}">
                    <Coords points="2115,1957 2115,2017 2172,2017 2172,1957"/>
                    <TextEquiv>
                        <Unicode>der</Unicode>
                    </TextEquiv>
                </Word>
                <Word id="tr_1_tl_92_w4" custom="readingOrder {index:3;}">
                    <Coords points="2213,1954 2213,2014 2467,2014 2467,1954"/>
                    <TextEquiv>
                        <Unicode>Einstudierung</Unicode>
                    </TextEquiv>
                </Word>
                <Word id="tr_1_tl_92_w5" custom="readingOrder {index:4;}">
                    <Coords points="2502,1954 2502,2014 2553,2014 2553,1954"/>
                    <TextEquiv>
                        <Unicode>der</Unicode>
                    </TextEquiv>
                </Word>
                <Word id="tr_1_tl_92_w6" custom="readingOrder {index:5;}">
                    <Coords points="2577,1954 2577,2014 2733,2014 2733,1954"/>
                    <TextEquiv>
                        <Unicode>Komödie</Unicode>
                    </TextEquiv>
                </Word>
                <Word id="tr_1_tl_92_w7" custom="readingOrder {index:6;}">
                    <Coords points="2762,1953 2762,2013 3021,2013 3021,1953"/>
                    <TextEquiv>
                        <Unicode>„Komparserie"</Unicode>
                    </TextEquiv>
                </Word>
                <Word id="tr_1_tl_92_w8" custom="readingOrder {index:7;}">
                    <Coords points="3051,1951 3051,2011 3073,2011 3073,1951"/>
                    <TextEquiv>
                        <Unicode>im</Unicode>
                    </TextEquiv>
                </Word>
                <TextEquiv>
                    <Unicode>Als bei der Einstudierung der Komödie „Komparserie" im</Unicode>
                </TextEquiv>
            </TextLine>
            <TextLine id="tr_1_tl_93" custom="readingOrder {index:92;}">
                <Coords points="701,2036 774,2062 1251,2036 1291,2066 1321,2036 1530,2040 1530,1985 1431,1977 701,1985"/>
                <Baseline points="722,2027 762,2027 803,2027 844,2027 885,2027 926,2027 967,2027 1008,2027 1049,2027 1090,2027 1131,2027 1171,2027 1212,2025 1253,2024 1294,2024 1335,2024 1376,2024 1417,2024 1458,2024 1499,2024 1540,2024"/>
                <Word id="tr_1_tl_93_w1" custom="readingOrder {index:0;}">
                    <Coords points="706,1987 706,2047 817,2047 817,1987"/>
                    <TextEquiv>
                        <Unicode>blatt"</Unicode>
                    </TextEquiv>
                </Word>
                <Word id="tr_1_tl_93_w2" custom="readingOrder {index:1;}">
                    <Coords points="844,1987 844,2047 870,2047 870,1987"/>
                    <TextEquiv>
                        <Unicode>in</Unicode>
                    </TextEquiv>
                </Word>
                <Word id="tr_1_tl_93_w3" custom="readingOrder {index:2;}">
                    <Coords points="903,1987 903,2047 997,2047 997,1987"/>
                    <TextEquiv>
                        <Unicode>diesem</Unicode>
                    </TextEquiv>
                </Word>
                <Word id="tr_1_tl_93_w4" custom="readingOrder {index:3;}">
                    <Coords points="1041,1987 1041,2047 1193,2047 1193,1987"/>
                    <TextEquiv>
                        <Unicode>Sommer</Unicode>
                    </TextEquiv>
                </Word>
                <Word id="tr_1_tl_93_w5" custom="readingOrder {index:4;}">
                    <Coords points="1221,1984 1221,2044 1273,2044 1273,1984"/>
                    <TextEquiv>
                        <Unicode>zum</Unicode>
                    </TextEquiv>
                </Word>
                <Word id="tr_1_tl_93_w6" custom="readingOrder {index:5;}">
                    <Coords points="1316,1984 1316,2044 1533,2044 1533,1984"/>
                    <TextEquiv>
                        <Unicode>Vorabdruck.</Unicode>
                    </TextEquiv>
                </Word>
                <TextEquiv>
                    <Unicode>blatt" in diesem Sommer zum Vorabdruck.</Unicode>
                </TextEquiv>
            </TextLine>
            <TextLine id="tr_1_tl_94" custom="readingOrder {index:93;}">
                <Coords points="183,2047 675,2036 675,1992 550,1996 532,1981 503,2003 481,1992 415,2010 371,1992 183,1992"/>
                <Baseline points="205,2033 230,2031 255,2030 280,2030 306,2030 331,2030 356,2031 382,2033 407,2033 432,2033 458,2033 483,2033 508,2033 534,2032 559,2030 584,2030 610,2030 635,2030 660,2031 686,2033"/>
                <Word id="tr_1_tl_94_w1" custom="readingOrder {index:0;}">
                    <Coords points="189,1990 189,2050 383,2050 383,1990"/>
                    <TextEquiv>
                        <Unicode>Weltstädte</Unicode>
                    </TextEquiv>
                </Word>
                <Word id="tr_1_tl_94_w2" custom="readingOrder {index:1;}">
                    <Coords points="428,1993 428,2053 461,2053 461,1993"/>
                    <TextEquiv>
                        <Unicode>zu</Unicode>
                    </TextEquiv>
                </Word>
                <Word id="tr_1_tl_94_w3" custom="readingOrder {index:2;}">
                    <Coords points="512,1990 512,2050 666,2050 666,1990"/>
                    <TextEquiv>
                        <Unicode>studieren</Unicode>
                    </TextEquiv>
                </Word>
                <TextEquiv>
                    <Unicode>Weltstädte zu studieren</Unicode>
                </TextEquiv>
            </TextLine>
            <TextLine id="tr_1_tl_95" custom="readingOrder {index:94;}">
                <Coords points="1900,2054 3096,2051 3096,2007 3034,1988 1900,2007"/>
                <Baseline points="1922,2048 1981,2048 2040,2045 2099,2043 2158,2045 2217,2045 2276,2045 2335,2045 2394,2042 2453,2044 2513,2044 2572,2042 2631,2045 2690,2045 2749,2042 2808,2045 2867,2043 2926,2042 2985,2042 3044,2040 3104,2042"/>
                <Word id="tr_1_tl_95_w1" custom="readingOrder {index:0;}">
                    <Coords points="1914,2006 1914,2066 2088,2066 2088,2006"/>
                    <TextEquiv>
                        <Unicode>Deutschen</Unicode>
                    </TextEquiv>
                </Word>
                <Word id="tr_1_tl_95_w2" custom="readingOrder {index:1;}">
                    <Coords points="2119,2005 2119,2065 2342,2065 2342,2005"/>
                    <TextEquiv>
                        <Unicode>Volkstheater</Unicode>
                    </TextEquiv>
                </Word>
                <Word id="tr_1_tl_95_w3" custom="readingOrder {index:2;}">
                    <Coords points="2373,2002 2373,2062 2427,2062 2427,2002"/>
                    <TextEquiv>
                        <Unicode>sein</Unicode>
                    </TextEquiv>
                </Word>
                <Word id="tr_1_tl_95_w4" custom="readingOrder {index:3;}">
                    <Coords points="2464,2004 2464,2064 2554,2064 2554,2004"/>
                    <TextEquiv>
                        <Unicode>Sohn</Unicode>
                    </TextEquiv>
                </Word>
                <Word id="tr_1_tl_95_w5" custom="readingOrder {index:4;}">
                    <Coords points="2603,2004 2603,2064 2808,2064 2808,2004"/>
                    <TextEquiv>
                        <Unicode>Heinrich</Unicode>
                    </TextEquiv>
                </Word>
                <Word id="tr_1_tl_95_w6" custom="readingOrder {index:5;}">
                    <Coords points="2851,2002 2851,2062 3092,2062 3092,2002"/>
                    <TextEquiv>
                        <Unicode>Schnitzler</Unicode>
                    </TextEquiv>
                </Word>
                <TextEquiv>
                    <Unicode>Deutschen Volkstheater sein Sohn Heinrich Schnitzler</Unicode>
                </TextEquiv>
            </TextLine>
            <TextLine id="tr_1_tl_96" custom="readingOrder {index:95;}">
                <Coords points="165,2095 235,2080 338,2102 360,2088 631,2091 682,2084 686,2036 169,2043"/>
                <Baseline points="185,2080 210,2077 235,2077 261,2078 286,2080 311,2079 337,2077 362,2079 387,2079 413,2078 438,2077 463,2077 489,2077 514,2077 539,2077 565,2077 590,2077 615,2076 641,2074 666,2075 692,2077"/>
                <Word id="tr_1_tl_96_w1" custom="readingOrder {index:0;}">
                    <Coords points="166,2039 166,2099 216,2099 216,2039"/>
                    <TextEquiv>
                        <Unicode>sier</Unicode>
                    </TextEquiv>
                </Word>
                <Word id="tr_1_tl_96_w2" custom="readingOrder {index:1;}">
                    <Coords points="245,2038 245,2098 461,2098 461,2038"/>
                    <TextEquiv>
                        <Unicode>Allgemeinen</Unicode>
                    </TextEquiv>
                </Word>
                <Word id="tr_1_tl_96_w3" custom="readingOrder {index:2;}">
                    <Coords points="496,2036 496,2096 688,2096 688,2036"/>
                    <TextEquiv>
                        <Unicode>Poliklinik,</Unicode>
                    </TextEquiv>
                </Word>
                <TextEquiv>
                    <Unicode>sier Allgemeinen Poliklinik,</Unicode>
                </TextEquiv>
            </TextLine>
            <TextLine id="tr_1_tl_97" custom="readingOrder {index:96;}">
                <Coords points="1908,2106 3089,2095 3089,2047 1908,2058"/>
                <Baseline points="1928,2098 1986,2095 2045,2095 2103,2095 2162,2095 2220,2095 2279,2093 2337,2092 2396,2092 2454,2092 2513,2092 2571,2092 2630,2092 2688,2089 2747,2092 2805,2089 2864,2089 2922,2089 2981,2089 3039,2089 3098,2092"/>
                <Word id="tr_1_tl_97_w1" custom="readingOrder {index:0;}">
                    <Coords points="1915,2057 1915,2117 1973,2117 1973,2057"/>
                    <TextEquiv>
                        <Unicode>zum</Unicode>
                    </TextEquiv>
                </Word>
                <Word id="tr_1_tl_97_w2" custom="readingOrder {index:1;}">
                    <Coords points="2015,2055 2015,2115 2180,2115 2180,2055"/>
                    <TextEquiv>
                        <Unicode>erstenmal</Unicode>
                    </TextEquiv>
                </Word>
                <Word id="tr_1_tl_97_w3" custom="readingOrder {index:2;}">
                    <Coords points="2205,2055 2205,2115 2228,2115 2228,2055"/>
                    <TextEquiv>
                        <Unicode>in</Unicode>
                    </TextEquiv>
                </Word>
                <Word id="tr_1_tl_97_w4" custom="readingOrder {index:3;}">
                    <Coords points="2258,2052 2258,2112 2346,2112 2346,2052"/>
                    <TextEquiv>
                        <Unicode>Wien</Unicode>
                    </TextEquiv>
                </Word>
                <Word id="tr_1_tl_97_w5" custom="readingOrder {index:4;}">
                    <Coords points="2376,2052 2376,2112 2476,2112 2476,2052"/>
                    <TextEquiv>
                        <Unicode>Regie</Unicode>
                    </TextEquiv>
                </Word>
                <Word id="tr_1_tl_97_w6" custom="readingOrder {index:5;}">
                    <Coords points="2494,2052 2494,2112 2618,2112 2618,2052"/>
                    <TextEquiv>
                        <Unicode>führte,</Unicode>
                    </TextEquiv>
                </Word>
                <Word id="tr_1_tl_97_w7" custom="readingOrder {index:6;}">
                    <Coords points="2637,2049 2637,2109 2707,2109 2707,2049"/>
                    <TextEquiv>
                        <Unicode>fand</Unicode>
                    </TextEquiv>
                </Word>
                <Word id="tr_1_tl_97_w8" custom="readingOrder {index:7;}">
                    <Coords points="2732,2051 2732,2111 2760,2111 2760,2051"/>
                    <TextEquiv>
                        <Unicode>er</Unicode>
                    </TextEquiv>
                </Word>
                <Word id="tr_1_tl_97_w9" custom="readingOrder {index:8;}">
                    <Coords points="2791,2049 2791,2109 2813,2109 2813,2049"/>
                    <TextEquiv>
                        <Unicode>in</Unicode>
                    </TextEquiv>
                </Word>
                <Word id="tr_1_tl_97_w10" custom="readingOrder {index:9;}">
                    <Coords points="2844,2049 2844,2109 2944,2109 2944,2049"/>
                    <TextEquiv>
                        <Unicode>seinem</Unicode>
                    </TextEquiv>
                </Word>
                <Word id="tr_1_tl_97_w11" custom="readingOrder {index:10;}">
                    <Coords points="2980,2049 2980,2109 3091,2109 3091,2049"/>
                    <TextEquiv>
                        <Unicode>Vater,</Unicode>
                    </TextEquiv>
                </Word>
                <TextEquiv>
                    <Unicode>zum erstenmal in Wien Regie führte, fand er in seinem Vater,</Unicode>
                </TextEquiv>
            </TextLine>
            <TextLine id="tr_1_tl_98" custom="readingOrder {index:97;}">
                <Coords points="917,2139 1684,2139 1684,2062 1633,2036 1482,2062 1343,2036 1288,2069 1258,2047 917,2051"/>
                <Baseline points="937,2113 974,2113 1012,2110 1049,2110 1087,2110 1125,2110 1162,2109 1200,2107 1237,2110 1275,2110 1313,2110 1350,2109 1388,2107 1425,2107 1463,2110 1501,2108 1538,2107 1576,2107 1613,2108 1651,2110 1689,2110"/>
                <Word id="tr_1_tl_98_w1" custom="readingOrder {index:0;}">
                    <Coords points="931,2070 931,2130 1123,2130 1123,2070"/>
                    <TextEquiv>
                        <Unicode>Worte</Unicode>
                    </TextEquiv>
                </Word>
                <Word id="tr_1_tl_98_w2" custom="readingOrder {index:1;}">
                    <Coords points="1166,2067 1166,2127 1256,2127 1256,2067"/>
                    <TextEquiv>
                        <Unicode>des</Unicode>
                    </TextEquiv>
                </Word>
                <Word id="tr_1_tl_98_w3" custom="readingOrder {index:2;}">
                    <Coords points="1300,2068 1300,2128 1675,2128 1675,2068"/>
                    <TextEquiv>
                        <Unicode>Gedenkens.</Unicode>
                    </TextEquiv>
                </Word>
                <TextEquiv>
                    <Unicode>Worte des Gedenkens.</Unicode>
                </TextEquiv>
            </TextLine>
            <TextLine id="tr_1_tl_99" custom="readingOrder {index:98;}">
                <Coords points="187,2135 455,2146 473,2128 627,2124 679,2139 679,2084 657,2080 492,2084 477,2099 187,2088"/>
                <Baseline points="208,2128 233,2126 258,2125 283,2125 308,2125 333,2125 358,2125 384,2125 409,2125 434,2125 459,2125 484,2125 509,2125 535,2125 560,2124 585,2123 610,2122 635,2122 660,2122 686,2122"/>
                <Word id="tr_1_tl_99_w1" custom="readingOrder {index:0;}">
                    <Coords points="193,2085 193,2145 320,2145 320,2085"/>
                    <TextEquiv>
                        <Unicode>Später</Unicode>
                    </TextEquiv>
                </Word>
                <Word id="tr_1_tl_99_w2" custom="readingOrder {index:1;}">
                    <Coords points="355,2085 355,2145 404,2145 404,2085"/>
                    <TextEquiv>
                        <Unicode>tat</Unicode>
                    </TextEquiv>
                </Word>
                <Word id="tr_1_tl_99_w3" custom="readingOrder {index:2;}">
                    <Coords points="432,2085 432,2145 459,2145 459,2085"/>
                    <TextEquiv>
                        <Unicode>er</Unicode>
                    </TextEquiv>
                </Word>
                <Word id="tr_1_tl_99_w4" custom="readingOrder {index:3;}">
                    <Coords points="493,2084 493,2144 604,2144 604,2084"/>
                    <TextEquiv>
                        <Unicode>Dienst</Unicode>
                    </TextEquiv>
                </Word>
                <Word id="tr_1_tl_99_w5" custom="readingOrder {index:4;}">
                    <Coords points="632,2082 632,2142 682,2142 682,2082"/>
                    <TextEquiv>
                        <Unicode>al¬</Unicode>
                    </TextEquiv>
                </Word>
                <TextEquiv>
                    <Unicode>Später tat er Dienst al¬</Unicode>
                </TextEquiv>
            </TextLine>
            <TextLine id="tr_1_tl_100" custom="readingOrder {index:99;}">
                <Coords points="1900,2150 3096,2143 3071,2095 1900,2106"/>
                <Baseline points="1922,2140 1981,2143 2040,2143 2099,2143 2158,2143 2217,2143 2276,2143 2335,2143 2394,2140 2453,2140 2513,2140 2572,2140 2631,2140 2690,2140 2749,2137 2808,2139 2867,2137 2926,2137 2985,2137 3044,2137 3104,2137"/>
                <Word id="tr_1_tl_100_w1" custom="readingOrder {index:0;}">
                    <Coords points="1912,2100 1912,2160 1966,2160 1966,2100"/>
                    <TextEquiv>
                        <Unicode>der</Unicode>
                    </TextEquiv>
                </Word>
                <Word id="tr_1_tl_100_w2" custom="readingOrder {index:1;}">
                    <Coords points="2000,2103 2000,2163 2110,2163 2110,2103"/>
                    <TextEquiv>
                        <Unicode>täglich</Unicode>
                    </TextEquiv>
                </Word>
                <Word id="tr_1_tl_100_w3" custom="readingOrder {index:2;}">
                    <Coords points="2138,2103 2138,2163 2193,2163 2193,2103"/>
                    <TextEquiv>
                        <Unicode>den</Unicode>
                    </TextEquiv>
                </Word>
                <Word id="tr_1_tl_100_w4" custom="readingOrder {index:3;}">
                    <Coords points="2226,2103 2226,2163 2353,2163 2353,2103"/>
                    <TextEquiv>
                        <Unicode>Proben</Unicode>
                    </TextEquiv>
                </Word>
                <Word id="tr_1_tl_100_w5" custom="readingOrder {index:4;}">
                    <Coords points="2387,2100 2387,2160 2585,2160 2585,2100"/>
                    <TextEquiv>
                        <Unicode>beiwohnte,</Unicode>
                    </TextEquiv>
                </Word>
                <Word id="tr_1_tl_100_w6" custom="readingOrder {index:5;}">
                    <Coords points="2624,2100 2624,2160 2712,2160 2712,2100"/>
                    <TextEquiv>
                        <Unicode>einen</Unicode>
                    </TextEquiv>
                </Word>
                <Word id="tr_1_tl_100_w7" custom="readingOrder {index:6;}">
                    <Coords points="2762,2097 2762,2157 2949,2157 2949,2097"/>
                    <TextEquiv>
                        <Unicode>wertvollen</Unicode>
                    </TextEquiv>
                </Word>
                <Word id="tr_1_tl_100_w8" custom="readingOrder {index:7;}">
                    <Coords points="3000,2097 3000,2157 3088,2157 3088,2097"/>
                    <TextEquiv>
                        <Unicode>Mit¬</Unicode>
                    </TextEquiv>
                </Word>
                <TextEquiv>
                    <Unicode>der täglich den Proben beiwohnte, einen wertvollen Mit¬</Unicode>
                </TextEquiv>
            </TextLine>
            <TextLine id="tr_1_tl_101" custom="readingOrder {index:100;}">
                <Coords points="176,2183 686,2187 686,2139 631,2128 510,2139 481,2124 455,2146 176,2135"/>
                <Baseline points="197,2170 223,2173 249,2173 275,2171 301,2170 327,2170 353,2170 379,2170 405,2172 431,2172 457,2171 483,2170 509,2170 535,2170 561,2170 587,2170 613,2170 639,2170 665,2169 692,2167"/>
                <Word id="tr_1_tl_101_w1" custom="readingOrder {index:0;}">
                    <Coords points="182,2132 182,2192 263,2192 263,2132"/>
                    <TextEquiv>
                        <Unicode>1901</Unicode>
                    </TextEquiv>
                </Word>
                <Word id="tr_1_tl_101_w2" custom="readingOrder {index:1;}">
                    <Coords points="291,2130 291,2190 361,2190 361,2130"/>
                    <TextEquiv>
                        <Unicode>nach</Unicode>
                    </TextEquiv>
                </Word>
                <Word id="tr_1_tl_101_w3" custom="readingOrder {index:2;}">
                    <Coords points="389,2132 389,2192 443,2192 443,2132"/>
                    <TextEquiv>
                        <Unicode>der</Unicode>
                    </TextEquiv>
                </Word>
                <Word id="tr_1_tl_101_w4" custom="readingOrder {index:3;}">
                    <Coords points="471,2130 471,2190 678,2190 678,2130"/>
                    <TextEquiv>
                        <Unicode>Publikation</Unicode>
                    </TextEquiv>
                </Word>
                <TextEquiv>
                    <Unicode>1901 nach der Publikation</Unicode>
                </TextEquiv>
            </TextLine>
            <TextLine id="tr_1_tl_102" custom="readingOrder {index:101;}">
                <Coords points="958,2216 1644,2209 1644,2139 1600,2128 1343,2150 1196,2121 958,2128"/>
                <Baseline points="979,2194 1012,2192 1046,2191 1080,2191 1113,2191 1147,2191 1181,2191 1214,2191 1248,2191 1282,2191 1316,2191 1349,2191 1383,2191 1417,2189 1450,2188 1484,2188 1518,2188 1551,2188 1585,2188 1619,2188 1653,2188"/>
                <Word id="tr_1_tl_102_w1" custom="readingOrder {index:0;}">
                    <Coords points="979,2151 979,2211 1158,2211 1158,2151"/>
                    <TextEquiv>
                        <Unicode>Hofrat</Unicode>
                    </TextEquiv>
                </Word>
                <Word id="tr_1_tl_102_w2" custom="readingOrder {index:1;}">
                    <Coords points="1183,2151 1183,2211 1331,2211 1331,2151"/>
                    <TextEquiv>
                        <Unicode>Franz</Unicode>
                    </TextEquiv>
                </Word>
                <Word id="tr_1_tl_102_w3" custom="readingOrder {index:2;}">
                    <Coords points="1355,2148 1355,2208 1629,2208 1629,2148"/>
                    <TextEquiv>
                        <Unicode>Herterich:</Unicode>
                    </TextEquiv>
                </Word>
                <TextEquiv>
                    <Unicode>Hofrat Franz Herterich:</Unicode>
                </TextEquiv>
            </TextLine>
            <TextLine id="tr_1_tl_103" custom="readingOrder {index:102;}">
                <Coords points="1908,2201 3096,2198 3096,2154 3049,2146 1908,2161"/>
                <Baseline points="1928,2191 1986,2191 2045,2191 2104,2193 2163,2191 2222,2192 2280,2192 2339,2191 2398,2191 2457,2191 2516,2191 2574,2191 2633,2191 2692,2191 2751,2188 2810,2188 2868,2188 2927,2188 2986,2188 3045,2188 3104,2188"/>
                <Word id="tr_1_tl_103_w1" custom="readingOrder {index:0;}">
                    <Coords points="1914,2151 1914,2211 2057,2211 2057,2151"/>
                    <TextEquiv>
                        <Unicode>arbeiter</Unicode>
                    </TextEquiv>
                </Word>
                <Word id="tr_1_tl_103_w2" custom="readingOrder {index:1;}">
                    <Coords points="2080,2152 2080,2212 2140,2212 2140,2152"/>
                    <TextEquiv>
                        <Unicode>und</Unicode>
                    </TextEquiv>
                </Word>
                <Word id="tr_1_tl_103_w3" custom="readingOrder {index:2;}">
                    <Coords points="2169,2152 2169,2212 2323,2212 2323,2152"/>
                    <TextEquiv>
                        <Unicode>Berater.</Unicode>
                    </TextEquiv>
                </Word>
                <Word id="tr_1_tl_103_w4" custom="readingOrder {index:3;}">
                    <Coords points="2340,2151 2340,2211 2378,2211 2378,2151"/>
                    <TextEquiv>
                        <Unicode>Es</Unicode>
                    </TextEquiv>
                </Word>
                <Word id="tr_1_tl_103_w5" custom="readingOrder {index:4;}">
                    <Coords points="2407,2151 2407,2211 2523,2211 2523,2151"/>
                    <TextEquiv>
                        <Unicode>mochte</Unicode>
                    </TextEquiv>
                </Word>
                <Word id="tr_1_tl_103_w6" custom="readingOrder {index:5;}">
                    <Coords points="2545,2151 2545,2211 2634,2211 2634,2151"/>
                    <TextEquiv>
                        <Unicode>wohl</Unicode>
                    </TextEquiv>
                </Word>
                <Word id="tr_1_tl_103_w7" custom="readingOrder {index:6;}">
                    <Coords points="2651,2151 2651,2211 2716,2211 2716,2151"/>
                    <TextEquiv>
                        <Unicode>eine</Unicode>
                    </TextEquiv>
                </Word>
                <Word id="tr_1_tl_103_w8" custom="readingOrder {index:7;}">
                    <Coords points="2739,2148 2739,2208 2794,2208 2794,2148"/>
                    <TextEquiv>
                        <Unicode>der</Unicode>
                    </TextEquiv>
                </Word>
                <Word id="tr_1_tl_103_w9" custom="readingOrder {index:8;}">
                    <Coords points="2817,2148 2817,2208 2916,2208 2916,2148"/>
                    <TextEquiv>
                        <Unicode>letzten</Unicode>
                    </TextEquiv>
                </Word>
                <Word id="tr_1_tl_103_w10" custom="readingOrder {index:9;}">
                    <Coords points="2945,2148 2945,2208 3082,2208 3082,2148"/>
                    <TextEquiv>
                        <Unicode>Freuden</Unicode>
                    </TextEquiv>
                </Word>
                <TextEquiv>
                    <Unicode>arbeiter und Berater. Es mochte wohl eine der letzten Freuden</Unicode>
                </TextEquiv>
            </TextLine>
            <TextLine id="tr_1_tl_104" custom="readingOrder {index:103;}">
                <Coords points="183,2231 682,2231 682,2183 660,2179 183,2190"/>
                <Baseline points="203,2224 228,2222 254,2220 280,2219 305,2218 331,2218 357,2220 383,2221 408,2219 434,2218 460,2218 486,2218 511,2218 537,2218 563,2218 589,2216 614,2216 640,2218 666,2217 692,2215"/>
                <Word id="tr_1_tl_104_w1" custom="readingOrder {index:0;}">
                    <Coords points="200,2178 200,2238 398,2238 398,2178"/>
                    <TextEquiv>
                        <Unicode>„Leutnant</Unicode>
                    </TextEquiv>
                </Word>
                <Word id="tr_1_tl_104_w2" custom="readingOrder {index:1;}">
                    <Coords points="426,2178 426,2238 547,2238 547,2178"/>
                    <TextEquiv>
                        <Unicode>Gustl"</Unicode>
                    </TextEquiv>
                </Word>
                <Word id="tr_1_tl_104_w3" custom="readingOrder {index:2;}">
                    <Coords points="597,2177 597,2237 679,2237 679,2177"/>
                    <TextEquiv>
                        <Unicode>seine</Unicode>
                    </TextEquiv>
                </Word>
                <TextEquiv>
                    <Unicode>„Leutnant Gustl" seine</Unicode>
                </TextEquiv>
            </TextLine>
            <TextLine id="tr_1_tl_105" custom="readingOrder {index:104;}">
                <Coords points="796,2275 3104,2256 3104,2201 2931,2190 1009,2234 796,2187"/>
                <Baseline points="815,2260 929,2258 1044,2260 1159,2260 1274,2260 1388,2258 1503,2254 1618,2256 1733,2254 1847,2254 1962,2242 2077,2239 2192,2240 2306,2242 2421,2241 2536,2242 2651,2240 2765,2239 2880,2239 2995,2236 3110,2233"/>
                <Word id="tr_1_tl_105_w1" custom="readingOrder {index:0;}">
                    <Coords points="799,2219 799,2279 876,2279 876,2219"/>
                    <TextEquiv>
                        <Unicode>Erst</Unicode>
                    </TextEquiv>
                </Word>
                <Word id="tr_1_tl_105_w2" custom="readingOrder {index:1;}">
                    <Coords points="916,2218 916,2278 974,2278 974,2218"/>
                    <TextEquiv>
                        <Unicode>vor</Unicode>
                    </TextEquiv>
                </Word>
                <Word id="tr_1_tl_105_w3" custom="readingOrder {index:2;}">
                    <Coords points="1020,2219 1020,2279 1052,2279 1052,2219"/>
                    <TextEquiv>
                        <Unicode>20</Unicode>
                    </TextEquiv>
                </Word>
                <Word id="tr_1_tl_105_w4" custom="readingOrder {index:3;}">
                    <Coords points="1099,2220 1099,2280 1223,2280 1223,2220"/>
                    <TextEquiv>
                        <Unicode>Jahren</Unicode>
                    </TextEquiv>
                </Word>
                <Word id="tr_1_tl_105_w5" custom="readingOrder {index:4;}">
                    <Coords points="1256,2219 1256,2279 1301,2279 1301,2219"/>
                    <TextEquiv>
                        <Unicode>kam</Unicode>
                    </TextEquiv>
                </Word>
                <Word id="tr_1_tl_105_w6" custom="readingOrder {index:5;}">
                    <Coords points="1341,2218 1341,2278 1379,2278 1379,2218"/>
                    <TextEquiv>
                        <Unicode>ich</Unicode>
                    </TextEquiv>
                </Word>
                <Word id="tr_1_tl_105_w7" custom="readingOrder {index:6;}">
                    <Coords points="1413,2216 1413,2276 1471,2276 1471,2216"/>
                    <TextEquiv>
                        <Unicode>mit</Unicode>
                    </TextEquiv>
                </Word>
                <Word id="tr_1_tl_105_w8" custom="readingOrder {index:7;}">
                    <Coords points="1491,2214 1491,2274 1563,2274 1563,2214"/>
                    <TextEquiv>
                        <Unicode>Dr.</Unicode>
                    </TextEquiv>
                </Word>
                <Word id="tr_1_tl_105_w9" custom="readingOrder {index:8;}">
                    <Coords points="1583,2215 1583,2275 1687,2275 1687,2215"/>
                    <TextEquiv>
                        <Unicode>Artur</Unicode>
                    </TextEquiv>
                </Word>
                <Word id="tr_1_tl_105_w10" custom="readingOrder {index:9;}">
                    <Coords points="1714,2214 1714,2274 1889,2274 1889,2214"/>
                    <TextEquiv>
                        <Unicode>Schnitzler</Unicode>
                    </TextEquiv>
                </Word>
                <Word id="tr_1_tl_105_w11" custom="readingOrder {index:10;}">
                    <Coords points="1916,2201 1916,2261 2027,2261 2027,2201"/>
                    <TextEquiv>
                        <Unicode>Artur</Unicode>
                    </TextEquiv>
                </Word>
                <Word id="tr_1_tl_105_w12" custom="readingOrder {index:11;}">
                    <Coords points="2047,2199 2047,2259 2236,2259 2236,2199"/>
                    <TextEquiv>
                        <Unicode>Schnitzlers</Unicode>
                    </TextEquiv>
                </Word>
                <Word id="tr_1_tl_105_w13" custom="readingOrder {index:12;}">
                    <Coords points="2263,2201 2263,2261 2393,2261 2393,2201"/>
                    <TextEquiv>
                        <Unicode>gewesen</Unicode>
                    </TextEquiv>
                </Word>
                <Word id="tr_1_tl_105_w14" custom="readingOrder {index:13;}">
                    <Coords points="2427,2201 2427,2261 2504,2261 2504,2201"/>
                    <TextEquiv>
                        <Unicode>sein,</Unicode>
                    </TextEquiv>
                </Word>
                <Word id="tr_1_tl_105_w15" custom="readingOrder {index:14;}">
                    <Coords points="2518,2201 2518,2261 2550,2261 2550,2201"/>
                    <TextEquiv>
                        <Unicode>zu</Unicode>
                    </TextEquiv>
                </Word>
                <Word id="tr_1_tl_105_w16" custom="readingOrder {index:15;}">
                    <Coords points="2577,2200 2577,2260 2687,2260 2687,2200"/>
                    <TextEquiv>
                        <Unicode>sehen,</Unicode>
                    </TextEquiv>
                </Word>
                <Word id="tr_1_tl_105_w17" custom="readingOrder {index:16;}">
                    <Coords points="2701,2199 2701,2259 2759,2259 2759,2199"/>
                    <TextEquiv>
                        <Unicode>wie</Unicode>
                    </TextEquiv>
                </Word>
                <Word id="tr_1_tl_105_w18" custom="readingOrder {index:17;}">
                    <Coords points="2780,2199 2780,2259 2838,2259 2838,2199"/>
                    <TextEquiv>
                        <Unicode>sein</Unicode>
                    </TextEquiv>
                </Word>
                <Word id="tr_1_tl_105_w19" custom="readingOrder {index:18;}">
                    <Coords points="2865,2198 2865,2258 2955,2258 2955,2198"/>
                    <TextEquiv>
                        <Unicode>Sohn</Unicode>
                    </TextEquiv>
                </Word>
                <Word id="tr_1_tl_105_w20" custom="readingOrder {index:19;}">
                    <Coords points="2982,2196 2982,2256 3007,2256 3007,2196"/>
                    <TextEquiv>
                        <Unicode>in</Unicode>
                    </TextEquiv>
                </Word>
                <Word id="tr_1_tl_105_w21" custom="readingOrder {index:20;}">
                    <Coords points="3041,2194 3041,2254 3092,2254 3092,2194"/>
                    <TextEquiv>
                        <Unicode>der</Unicode>
                    </TextEquiv>
                </Word>
                <TextEquiv>
                    <Unicode>Erst vor 20 Jahren kam ich mit Dr. Artur Schnitzler Artur Schnitzlers gewesen sein, zu sehen, wie sein Sohn in der</Unicode>
                </TextEquiv>
            </TextLine>
            <TextLine id="tr_1_tl_106" custom="readingOrder {index:105;}">
                <Coords points="172,2286 242,2267 271,2286 426,2267 686,2275 686,2227 264,2227 235,2242 172,2227"/>
                <Baseline points="191,2268 216,2266 241,2265 266,2267 291,2267 317,2266 342,2265 367,2265 392,2266 417,2268 443,2266 468,2265 493,2265 518,2265 543,2265 569,2265 594,2265 619,2265 644,2265 669,2265 695,2268"/>
                <Word id="tr_1_tl_106_w1" custom="readingOrder {index:0;}">
                    <Coords points="167,2228 167,2288 209,2288 209,2228"/>
                    <TextEquiv>
                        <Unicode>der</Unicode>
                    </TextEquiv>
                </Word>
                <Word id="tr_1_tl_106_w2" custom="readingOrder {index:1;}">
                    <Coords points="257,2225 257,2285 412,2285 412,2225"/>
                    <TextEquiv>
                        <Unicode>Reserve.</Unicode>
                    </TextEquiv>
                </Word>
                <Word id="tr_1_tl_106_w3" custom="readingOrder {index:2;}">
                    <Coords points="449,2225 449,2285 534,2285 534,2225"/>
                    <TextEquiv>
                        <Unicode>Bald</Unicode>
                    </TextEquiv>
                </Word>
                <Word id="tr_1_tl_106_w4" custom="readingOrder {index:3;}">
                    <Coords points="567,2225 567,2285 689,2285 689,2225"/>
                    <TextEquiv>
                        <Unicode>darauf</Unicode>
                    </TextEquiv>
                </Word>
                <TextEquiv>
                    <Unicode>der Reserve. Bald darauf</Unicode>
                </TextEquiv>
            </TextLine>
            <TextLine id="tr_1_tl_107" custom="readingOrder {index:106;}">
                <Coords points="1915,2304 3096,2297 3096,2249 2972,2242 1915,2249"/>
                <Baseline points="1937,2286 1995,2289 2054,2290 2112,2290 2171,2289 2229,2289 2288,2289 2346,2289 2405,2289 2463,2287 2522,2289 2580,2289 2639,2289 2697,2289 2756,2286 2814,2286 2873,2286 2931,2286 2990,2284 3048,2286 3107,2280"/>
                <Word id="tr_1_tl_107_w1" custom="readingOrder {index:0;}">
                    <Coords points="1921,2247 1921,2307 2020,2307 2020,2247"/>
                    <TextEquiv>
                        <Unicode>Welt,</Unicode>
                    </TextEquiv>
                </Word>
                <Word id="tr_1_tl_107_w2" custom="readingOrder {index:1;}">
                    <Coords points="2043,2250 2043,2310 2092,2310 2092,2250"/>
                    <TextEquiv>
                        <Unicode>der</Unicode>
                    </TextEquiv>
                </Word>
                <Word id="tr_1_tl_107_w3" custom="readingOrder {index:2;}">
                    <Coords points="2120,2249 2120,2309 2152,2309 2152,2249"/>
                    <TextEquiv>
                        <Unicode>er</Unicode>
                    </TextEquiv>
                </Word>
                <Word id="tr_1_tl_107_w4" custom="readingOrder {index:3;}">
                    <Coords points="2181,2249 2181,2309 2274,2309 2274,2249"/>
                    <TextEquiv>
                        <Unicode>selbst</Unicode>
                    </TextEquiv>
                </Word>
                <Word id="tr_1_tl_107_w5" custom="readingOrder {index:4;}">
                    <Coords points="2297,2249 2297,2309 2347,2309 2347,2249"/>
                    <TextEquiv>
                        <Unicode>den</Unicode>
                    </TextEquiv>
                </Word>
                <Word id="tr_1_tl_107_w6" custom="readingOrder {index:5;}">
                    <Coords points="2386,2247 2386,2307 2518,2307 2518,2247"/>
                    <TextEquiv>
                        <Unicode>größten</Unicode>
                    </TextEquiv>
                </Word>
                <Word id="tr_1_tl_107_w7" custom="readingOrder {index:6;}">
                    <Coords points="2552,2249 2552,2309 2623,2309 2623,2249"/>
                    <TextEquiv>
                        <Unicode>Teil</Unicode>
                    </TextEquiv>
                </Word>
                <Word id="tr_1_tl_107_w8" custom="readingOrder {index:7;}">
                    <Coords points="2651,2248 2651,2308 2751,2308 2751,2248"/>
                    <TextEquiv>
                        <Unicode>seiner</Unicode>
                    </TextEquiv>
                </Word>
                <Word id="tr_1_tl_107_w9" custom="readingOrder {index:8;}">
                    <Coords points="2779,2246 2779,2306 3010,2306 3010,2246"/>
                    <TextEquiv>
                        <Unicode>Lebensarbeit</Unicode>
                    </TextEquiv>
                </Word>
                <Word id="tr_1_tl_107_w10" custom="readingOrder {index:9;}">
                    <Coords points="3039,2244 3039,2304 3093,2304 3093,2244"/>
                    <TextEquiv>
                        <Unicode>ge¬</Unicode>
                    </TextEquiv>
                </Word>
                <TextEquiv>
                    <Unicode>Welt, der er selbst den größten Teil seiner Lebensarbeit ge¬</Unicode>
                </TextEquiv>
            </TextLine>
            <TextLine id="tr_1_tl_108" custom="readingOrder {index:107;}">
                <Coords points="704,2330 1867,2315 1897,2264 822,2278 708,2227"/>
                <Baseline points="725,2313 783,2310 842,2312 900,2310 959,2310 1018,2309 1076,2305 1135,2307 1194,2307 1252,2307 1311,2304 1370,2304 1428,2304 1487,2304 1546,2304 1604,2304 1663,2304 1722,2301 1780,2301 1839,2301 1898,2304"/>
                <Word id="tr_1_tl_108_w1" custom="readingOrder {index:0;}">
                    <Coords points="712,2270 712,2330 887,2330 887,2270"/>
                    <TextEquiv>
                        <Unicode>persönlich</Unicode>
                    </TextEquiv>
                </Word>
                <Word id="tr_1_tl_108_w2" custom="readingOrder {index:1;}">
                    <Coords points="913,2270 913,2330 943,2330 943,2270"/>
                    <TextEquiv>
                        <Unicode>in</Unicode>
                    </TextEquiv>
                </Word>
                <Word id="tr_1_tl_108_w3" custom="readingOrder {index:2;}">
                    <Coords points="976,2265 976,2325 1195,2325 1195,2265"/>
                    <TextEquiv>
                        <Unicode>Berührung.</Unicode>
                    </TextEquiv>
                </Word>
                <Word id="tr_1_tl_108_w4" custom="readingOrder {index:3;}">
                    <Coords points="1215,2267 1215,2327 1276,2327 1276,2267"/>
                    <TextEquiv>
                        <Unicode>Als</Unicode>
                    </TextEquiv>
                </Word>
                <Word id="tr_1_tl_108_w5" custom="readingOrder {index:4;}">
                    <Coords points="1303,2264 1303,2324 1421,2324 1421,2264"/>
                    <TextEquiv>
                        <Unicode>junger</Unicode>
                    </TextEquiv>
                </Word>
                <Word id="tr_1_tl_108_w6" custom="readingOrder {index:5;}">
                    <Coords points="1447,2264 1447,2324 1578,2324 1578,2264"/>
                    <TextEquiv>
                        <Unicode>Mensch</Unicode>
                    </TextEquiv>
                </Word>
                <Word id="tr_1_tl_108_w7" custom="readingOrder {index:6;}">
                    <Coords points="1624,2261 1624,2321 1805,2321 1805,2261"/>
                    <TextEquiv>
                        <Unicode>schwärmte</Unicode>
                    </TextEquiv>
                </Word>
                <Word id="tr_1_tl_108_w8" custom="readingOrder {index:7;}">
                    <Coords points="1856,2262 1856,2322 1892,2322 1892,2262"/>
                    <TextEquiv>
                        <Unicode>ich</Unicode>
                    </TextEquiv>
                </Word>
                <TextEquiv>
                    <Unicode>persönlich in Berührung. Als junger Mensch schwärmte ich</Unicode>
                </TextEquiv>
            </TextLine>
            <TextLine id="tr_1_tl_109" custom="readingOrder {index:108;}">
                <Coords points="169,2348 220,2326 305,2326 319,2341 389,2330 407,2348 473,2330 679,2333 679,2278 561,2267 271,2286 238,2267 169,2286"/>
                <Baseline points="188,2316 214,2316 240,2315 266,2314 292,2314 318,2316 344,2316 370,2316 396,2316 422,2315 448,2314 474,2314 500,2316 526,2316 552,2316 578,2314 604,2313 630,2313 656,2314 683,2316"/>
                <Word id="tr_1_tl_109_w1" custom="readingOrder {index:0;}">
                    <Coords points="171,2276 171,2336 189,2336 189,2276"/>
                    <TextEquiv>
                        <Unicode>,</Unicode>
                    </TextEquiv>
                </Word>
                <Word id="tr_1_tl_109_w2" custom="readingOrder {index:1;}">
                    <Coords points="209,2275 209,2335 252,2335 252,2275"/>
                    <TextEquiv>
                        <Unicode>die</Unicode>
                    </TextEquiv>
                </Word>
                <Word id="tr_1_tl_109_w3" custom="readingOrder {index:2;}">
                    <Coords points="278,2275 278,2335 334,2335 334,2275"/>
                    <TextEquiv>
                        <Unicode>sein</Unicode>
                    </TextEquiv>
                </Word>
                <Word id="tr_1_tl_109_w4" custom="readingOrder {index:3;}">
                    <Coords points="366,2274 366,2334 549,2334 549,2274"/>
                    <TextEquiv>
                        <Unicode>bisheriger</Unicode>
                    </TextEquiv>
                </Word>
                <Word id="tr_1_tl_109_w5" custom="readingOrder {index:4;}">
                    <Coords points="574,2273 574,2333 662,2333 662,2273"/>
                    <TextEquiv>
                        <Unicode>Beru</Unicode>
                    </TextEquiv>
                </Word>
                <TextEquiv>
                    <Unicode>, die sein bisheriger Beru</Unicode>
                </TextEquiv>
            </TextLine>
            <TextLine id="tr_1_tl_110" custom="readingOrder {index:109;}">
                <Coords points="1985,2355 3100,2344 3100,2293 1985,2308"/>
                <Baseline points="2006,2340 2061,2340 2116,2340 2171,2340 2226,2340 2281,2338 2336,2339 2391,2340 2446,2337 2501,2337 2556,2337 2611,2337 2666,2337 2721,2336 2776,2336 2831,2335 2886,2337 2941,2337 2996,2335 3051,2334 3107,2331"/>
                <Word id="tr_1_tl_110_w1" custom="readingOrder {index:0;}">
                    <Coords points="1986,2300 1986,2360 2041,2360 2041,2300"/>
                    <TextEquiv>
                        <Unicode>met</Unicode>
                    </TextEquiv>
                </Word>
                <Word id="tr_1_tl_110_w2" custom="readingOrder {index:1;}">
                    <Coords points="2080,2300 2080,2360 2186,2360 2186,2300"/>
                    <TextEquiv>
                        <Unicode>hatte,</Unicode>
                    </TextEquiv>
                </Word>
                <Word id="tr_1_tl_110_w3" custom="readingOrder {index:2;}">
                    <Coords points="2220,2299 2220,2359 2270,2359 2270,2299"/>
                    <TextEquiv>
                        <Unicode>sich</Unicode>
                    </TextEquiv>
                </Word>
                <Word id="tr_1_tl_110_w4" custom="readingOrder {index:3;}">
                    <Coords points="2321,2298 2321,2358 2499,2358 2499,2298"/>
                    <TextEquiv>
                        <Unicode>bewährte.</Unicode>
                    </TextEquiv>
                </Word>
                <Word id="tr_1_tl_110_w5" custom="readingOrder {index:4;}">
                    <Coords points="2516,2297 2516,2357 2583,2357 2583,2297"/>
                    <TextEquiv>
                        <Unicode>Vor</Unicode>
                    </TextEquiv>
                </Word>
                <Word id="tr_1_tl_110_w6" custom="readingOrder {index:5;}">
                    <Coords points="2612,2297 2612,2357 2717,2357 2717,2297"/>
                    <TextEquiv>
                        <Unicode>kurzem</Unicode>
                    </TextEquiv>
                </Word>
                <Word id="tr_1_tl_110_w7" custom="readingOrder {index:6;}">
                    <Coords points="2763,2295 2763,2355 2823,2355 2823,2295"/>
                    <TextEquiv>
                        <Unicode>erst</Unicode>
                    </TextEquiv>
                </Word>
                <Word id="tr_1_tl_110_w8" custom="readingOrder {index:7;}">
                    <Coords points="2846,2297 2846,2357 2930,2357 2930,2297"/>
                    <TextEquiv>
                        <Unicode>hatte</Unicode>
                    </TextEquiv>
                </Word>
                <Word id="tr_1_tl_110_w9" custom="readingOrder {index:8;}">
                    <Coords points="2958,2295 2958,2355 2997,2355 2997,2295"/>
                    <TextEquiv>
                        <Unicode>ich</Unicode>
                    </TextEquiv>
                </Word>
                <Word id="tr_1_tl_110_w10" custom="readingOrder {index:9;}">
                    <Coords points="3025,2293 3025,2353 3091,2353 3091,2293"/>
                    <TextEquiv>
                        <Unicode>eine</Unicode>
                    </TextEquiv>
                </Word>
                <TextEquiv>
                    <Unicode>met hatte, sich bewährte. Vor kurzem erst hatte ich eine</Unicode>
                </TextEquiv>
            </TextLine>
            <TextLine id="tr_1_tl_111" custom="readingOrder {index:110;}">
                <Coords points="701,2366 1878,2359 1878,2311 1838,2304 701,2330"/>
                <Baseline points="722,2358 780,2358 838,2358 897,2358 955,2361 1013,2357 1072,2355 1130,2355 1188,2355 1247,2355 1305,2352 1363,2352 1422,2352 1480,2352 1538,2352 1597,2349 1655,2351 1713,2352 1772,2349 1830,2349 1889,2346"/>
                <Word id="tr_1_tl_111_w1" custom="readingOrder {index:0;}">
                    <Coords points="706,2318 706,2378 869,2378 869,2318"/>
                    <TextEquiv>
                        <Unicode>natürlich</Unicode>
                    </TextEquiv>
                </Word>
                <Word id="tr_1_tl_111_w2" custom="readingOrder {index:1;}">
                    <Coords points="897,2319 897,2379 949,2379 949,2319"/>
                    <TextEquiv>
                        <Unicode>für</Unicode>
                    </TextEquiv>
                </Word>
                <Word id="tr_1_tl_111_w3" custom="readingOrder {index:2;}">
                    <Coords points="982,2315 982,2375 1150,2375 1150,2315"/>
                    <TextEquiv>
                        <Unicode>„Liebelei“</Unicode>
                    </TextEquiv>
                </Word>
                <Word id="tr_1_tl_111_w4" custom="readingOrder {index:3;}">
                    <Coords points="1199,2315 1199,2375 1261,2375 1261,2315"/>
                    <TextEquiv>
                        <Unicode>und</Unicode>
                    </TextEquiv>
                </Word>
                <Word id="tr_1_tl_111_w5" custom="readingOrder {index:4;}">
                    <Coords points="1294,2312 1294,2372 1452,2372 1452,2312"/>
                    <TextEquiv>
                        <Unicode>„Schleier</Unicode>
                    </TextEquiv>
                </Word>
                <Word id="tr_1_tl_111_w6" custom="readingOrder {index:5;}">
                    <Coords points="1501,2312 1501,2372 1553,2372 1553,2312"/>
                    <TextEquiv>
                        <Unicode>der</Unicode>
                    </TextEquiv>
                </Word>
                <Word id="tr_1_tl_111_w7" custom="readingOrder {index:6;}">
                    <Coords points="1601,2311 1601,2371 1786,2371 1786,2311"/>
                    <TextEquiv>
                        <Unicode>Beatrice",</Unicode>
                    </TextEquiv>
                </Word>
                <Word id="tr_1_tl_111_w8" custom="readingOrder {index:7;}">
                    <Coords points="1813,2308 1813,2368 1881,2368 1881,2308"/>
                    <TextEquiv>
                        <Unicode>hatt</Unicode>
                    </TextEquiv>
                </Word>
                <TextEquiv>
                    <Unicode>natürlich für „Liebelei“ und „Schleier der Beatrice", hatt</Unicode>
                </TextEquiv>
            </TextLine>
            <TextLine id="tr_1_tl_112" custom="readingOrder {index:111;}">
                <Coords points="169,2407 396,2436 3096,2388 3096,2341 3019,2337 693,2377 385,2330 172,2363"/>
                <Baseline points="188,2406 341,2406 495,2406 648,2406 802,2406 956,2406 1109,2405 1263,2403 1417,2400 1570,2400 1724,2400 1877,2396 2031,2391 2185,2390 2338,2388 2492,2385 2646,2385 2799,2385 2953,2385 3107,2382"/>
                <Word id="tr_1_tl_112_w1" custom="readingOrder {index:0;}">
                    <Coords points="177,2366 177,2426 308,2426 308,2366"/>
                    <TextEquiv>
                        <Unicode>bereits</Unicode>
                    </TextEquiv>
                </Word>
                <Word id="tr_1_tl_112_w2" custom="readingOrder {index:1;}">
                    <Coords points="357,2366 357,2426 572,2426 572,2366"/>
                    <TextEquiv>
                        <Unicode>angedeutet,</Unicode>
                    </TextEquiv>
                </Word>
                <Word id="tr_1_tl_112_w3" custom="readingOrder {index:2;}">
                    <Coords points="615,2366 615,2426 668,2426 668,2366"/>
                    <TextEquiv>
                        <Unicode>von</Unicode>
                    </TextEquiv>
                </Word>
                <Word id="tr_1_tl_112_w4" custom="readingOrder {index:3;}">
                    <Coords points="711,2366 711,2426 795,2426 795,2366"/>
                    <TextEquiv>
                        <Unicode>dann</Unicode>
                    </TextEquiv>
                </Word>
                <Word id="tr_1_tl_112_w5" custom="readingOrder {index:4;}">
                    <Coords points="826,2366 826,2426 897,2426 897,2366"/>
                    <TextEquiv>
                        <Unicode>1909</Unicode>
                    </TextEquiv>
                </Word>
                <Word id="tr_1_tl_112_w6" custom="readingOrder {index:5;}">
                    <Coords points="922,2366 922,2426 969,2426 969,2366"/>
                    <TextEquiv>
                        <Unicode>die</Unicode>
                    </TextEquiv>
                </Word>
                <Word id="tr_1_tl_112_w7" custom="readingOrder {index:6;}">
                    <Coords points="994,2365 994,2425 1138,2425 1138,2365"/>
                    <TextEquiv>
                        <Unicode>Freude,</Unicode>
                    </TextEquiv>
                </Word>
                <Word id="tr_1_tl_112_w8" custom="readingOrder {index:7;}">
                    <Coords points="1156,2364 1156,2424 1180,2424 1180,2364"/>
                    <TextEquiv>
                        <Unicode>in</Unicode>
                    </TextEquiv>
                </Word>
                <Word id="tr_1_tl_112_w9" custom="readingOrder {index:8;}">
                    <Coords points="1216,2362 1216,2422 1337,2422 1337,2362"/>
                    <TextEquiv>
                        <Unicode>Leipzig</Unicode>
                    </TextEquiv>
                </Word>
                <Word id="tr_1_tl_112_w10" custom="readingOrder {index:9;}">
                    <Coords points="1367,2360 1367,2420 1427,2420 1427,2360"/>
                    <TextEquiv>
                        <Unicode>mit</Unicode>
                    </TextEquiv>
                </Word>
                <Word id="tr_1_tl_112_w11" custom="readingOrder {index:10;}">
                    <Coords points="1451,2360 1451,2420 1553,2420 1553,2360"/>
                    <TextEquiv>
                        <Unicode>Kainz</Unicode>
                    </TextEquiv>
                </Word>
                <Word id="tr_1_tl_112_w12" custom="readingOrder {index:11;}">
                    <Coords points="1596,2360 1596,2420 1649,2420 1649,2360"/>
                    <TextEquiv>
                        <Unicode>das</Unicode>
                    </TextEquiv>
                </Word>
                <Word id="tr_1_tl_112_w13" custom="readingOrder {index:12;}">
                    <Coords points="1698,2358 1698,2418 1895,2418 1895,2358"/>
                    <TextEquiv>
                        <Unicode>„Zwischen=</Unicode>
                    </TextEquiv>
                </Word>
                <Word id="tr_1_tl_112_w14" custom="readingOrder {index:13;}">
                    <Coords points="1920,2351 1920,2411 2142,2411 2142,2351"/>
                    <TextEquiv>
                        <Unicode>esprechung</Unicode>
                    </TextEquiv>
                </Word>
                <Word id="tr_1_tl_112_w15" custom="readingOrder {index:14;}">
                    <Coords points="2173,2349 2173,2409 2232,2409 2232,2349"/>
                    <TextEquiv>
                        <Unicode>mit</Unicode>
                    </TextEquiv>
                </Word>
                <Word id="tr_1_tl_112_w16" custom="readingOrder {index:15;}">
                    <Coords points="2257,2348 2257,2408 2304,2408 2304,2348"/>
                    <TextEquiv>
                        <Unicode>dem</Unicode>
                    </TextEquiv>
                </Word>
                <Word id="tr_1_tl_112_w17" custom="readingOrder {index:16;}">
                    <Coords points="2347,2346 2347,2406 2491,2406 2491,2346"/>
                    <TextEquiv>
                        <Unicode>Dichter,</Unicode>
                    </TextEquiv>
                </Word>
                <Word id="tr_1_tl_112_w18" custom="readingOrder {index:17;}">
                    <Coords points="2509,2345 2509,2405 2557,2405 2557,2345"/>
                    <TextEquiv>
                        <Unicode>der</Unicode>
                    </TextEquiv>
                </Word>
                <Word id="tr_1_tl_112_w19" custom="readingOrder {index:18;}">
                    <Coords points="2588,2345 2588,2405 2654,2405 2654,2345"/>
                    <TextEquiv>
                        <Unicode>eine</Unicode>
                    </TextEquiv>
                </Word>
                <Word id="tr_1_tl_112_w20" custom="readingOrder {index:19;}">
                    <Coords points="2678,2345 2678,2405 2960,2405 2960,2345"/>
                    <TextEquiv>
                        <Unicode>Neubearbeitung</Unicode>
                    </TextEquiv>
                </Word>
                <Word id="tr_1_tl_112_w21" custom="readingOrder {index:20;}">
                    <Coords points="2991,2343 2991,2403 3086,2403 3086,2343"/>
                    <TextEquiv>
                        <Unicode>seines</Unicode>
                    </TextEquiv>
                </Word>
                <TextEquiv>
                    <Unicode>bereits angedeutet, von dann 1909 die Freude, in Leipzig mit Kainz das „Zwischen= esprechung mit dem Dichter, der eine Neubearbeitung seines</Unicode>
                </TextEquiv>
            </TextLine>
            <TextLine id="tr_1_tl_113" custom="readingOrder {index:112;}">
                <Coords points="154,2454 3096,2443 3078,2388 400,2432 154,2392"/>
                <Baseline points="173,2454 319,2457 466,2458 613,2454 759,2454 906,2454 1053,2451 1199,2451 1346,2448 1493,2451 1640,2445 1786,2446 1933,2442 2080,2439 2226,2439 2373,2437 2520,2436 2666,2433 2813,2433 2960,2433 3107,2427"/>
                <Word id="tr_1_tl_113_w1" custom="readingOrder {index:0;}">
                    <Coords points="162,2414 162,2474 274,2474 274,2414"/>
                    <TextEquiv>
                        <Unicode>eistige</Unicode>
                    </TextEquiv>
                </Word>
                <Word id="tr_1_tl_113_w2" custom="readingOrder {index:1;}">
                    <Coords points="306,2417 306,2477 368,2477 368,2417"/>
                    <TextEquiv>
                        <Unicode>und</Unicode>
                    </TextEquiv>
                </Word>
                <Word id="tr_1_tl_113_w3" custom="readingOrder {index:2;}">
                    <Coords points="400,2415 400,2475 681,2475 681,2415"/>
                    <TextEquiv>
                        <Unicode>gesellschafttliche</Unicode>
                    </TextEquiv>
                </Word>
                <Word id="tr_1_tl_113_w4" custom="readingOrder {index:3;}">
                    <Coords points="713,2414 713,2474 812,2474 812,2414"/>
                    <TextEquiv>
                        <Unicode>spiel"</Unicode>
                    </TextEquiv>
                </Word>
                <Word id="tr_1_tl_113_w5" custom="readingOrder {index:4;}">
                    <Coords points="838,2414 838,2474 868,2474 868,2414"/>
                    <TextEquiv>
                        <Unicode>zu</Unicode>
                    </TextEquiv>
                </Word>
                <Word id="tr_1_tl_113_w6" custom="readingOrder {index:5;}">
                    <Coords points="901,2412 901,2472 1094,2472 1094,2412"/>
                    <TextEquiv>
                        <Unicode>inszenieren</Unicode>
                    </TextEquiv>
                </Word>
                <Word id="tr_1_tl_113_w7" custom="readingOrder {index:6;}">
                    <Coords points="1133,2411 1133,2471 1194,2471 1194,2411"/>
                    <TextEquiv>
                        <Unicode>und</Unicode>
                    </TextEquiv>
                </Word>
                <Word id="tr_1_tl_113_w8" custom="readingOrder {index:7;}">
                    <Coords points="1226,2409 1226,2469 1326,2469 1326,2409"/>
                    <TextEquiv>
                        <Unicode>später</Unicode>
                    </TextEquiv>
                </Word>
                <Word id="tr_1_tl_113_w9" custom="readingOrder {index:8;}">
                    <Coords points="1358,2408 1358,2468 1388,2468 1388,2408"/>
                    <TextEquiv>
                        <Unicode>am</Unicode>
                    </TextEquiv>
                </Word>
                <Word id="tr_1_tl_113_w10" custom="readingOrder {index:9;}">
                    <Coords points="1439,2408 1439,2468 1658,2468 1658,2408"/>
                    <TextEquiv>
                        <Unicode>Burgtheater</Unicode>
                    </TextEquiv>
                </Word>
                <Word id="tr_1_tl_113_w11" custom="readingOrder {index:10;}">
                    <Coords points="1690,2405 1690,2465 1739,2465 1739,2405"/>
                    <TextEquiv>
                        <Unicode>die</Unicode>
                    </TextEquiv>
                </Word>
                <Word id="tr_1_tl_113_w12" custom="readingOrder {index:11;}">
                    <Coords points="1772,2404 1772,2464 1896,2464 1896,2404"/>
                    <TextEquiv>
                        <Unicode>Urauf=</Unicode>
                    </TextEquiv>
                </Word>
                <Word id="tr_1_tl_113_w13" custom="readingOrder {index:12;}">
                    <Coords points="1922,2400 1922,2460 2052,2460 2052,2400"/>
                    <TextEquiv>
                        <Unicode>Stückes</Unicode>
                    </TextEquiv>
                </Word>
                <Word id="tr_1_tl_113_w14" custom="readingOrder {index:13;}">
                    <Coords points="2084,2399 2084,2459 2190,2459 2190,2399"/>
                    <TextEquiv>
                        <Unicode>„Ruf</Unicode>
                    </TextEquiv>
                </Word>
                <Word id="tr_1_tl_113_w15" custom="readingOrder {index:14;}">
                    <Coords points="2216,2398 2216,2458 2284,2458 2284,2398"/>
                    <TextEquiv>
                        <Unicode>des</Unicode>
                    </TextEquiv>
                </Word>
                <Word id="tr_1_tl_113_w16" custom="readingOrder {index:15;}">
                    <Coords points="2316,2396 2316,2456 2503,2456 2503,2396"/>
                    <TextEquiv>
                        <Unicode>Lebens"</Unicode>
                    </TextEquiv>
                </Word>
                <Word id="tr_1_tl_113_w17" custom="readingOrder {index:16;}">
                    <Coords points="2535,2393 2535,2453 2779,2453 2779,2393"/>
                    <TextEquiv>
                        <Unicode>vorgenommen</Unicode>
                    </TextEquiv>
                </Word>
                <Word id="tr_1_tl_113_w18" custom="readingOrder {index:17;}">
                    <Coords points="2811,2393 2811,2453 2916,2453 2916,2393"/>
                    <TextEquiv>
                        <Unicode>hatte,</Unicode>
                    </TextEquiv>
                </Word>
                <Word id="tr_1_tl_113_w19" custom="readingOrder {index:18;}">
                    <Coords points="2955,2392 2955,2452 3004,2452 3004,2392"/>
                    <TextEquiv>
                        <Unicode>die</Unicode>
                    </TextEquiv>
                </Word>
                <Word id="tr_1_tl_113_w20" custom="readingOrder {index:19;}">
                    <Coords points="3048,2388 3048,2448 3085,2448 3085,2388"/>
                    <TextEquiv>
                        <Unicode>ich</Unicode>
                    </TextEquiv>
                </Word>
                <TextEquiv>
                    <Unicode>eistige und gesellschafttliche spiel" zu inszenieren und später am Burgtheater die Urauf= Stückes „Ruf des Lebens" vorgenommen hatte, die ich</Unicode>
                </TextEquiv>
            </TextLine>
            <TextLine id="tr_1_tl_114" custom="readingOrder {index:113;}">
                <Coords points="1911,2498 3100,2498 3100,2443 3019,2429 1911,2454"/>
                <Baseline points="1931,2489 1989,2486 2048,2486 2107,2486 2166,2486 2225,2486 2283,2486 2342,2483 2401,2483 2460,2483 2519,2483 2577,2483 2636,2483 2695,2481 2754,2483 2813,2481 2871,2483 2930,2480 2989,2480 3048,2480 3107,2474"/>
                <Word id="tr_1_tl_114_w1" custom="readingOrder {index:0;}">
                    <Coords points="1912,2446 1912,2506 2141,2506 2141,2446"/>
                    <TextEquiv>
                        <Unicode>ursprünglich</Unicode>
                    </TextEquiv>
                </Word>
                <Word id="tr_1_tl_114_w2" custom="readingOrder {index:1;}">
                    <Coords points="2171,2446 2171,2506 2224,2506 2224,2446"/>
                    <TextEquiv>
                        <Unicode>zum</Unicode>
                    </TextEquiv>
                </Word>
                <Word id="tr_1_tl_114_w3" custom="readingOrder {index:2;}">
                    <Coords points="2272,2443 2272,2503 2436,2503 2436,2443"/>
                    <TextEquiv>
                        <Unicode>siebzigsten</Unicode>
                    </TextEquiv>
                </Word>
                <Word id="tr_1_tl_114_w4" custom="readingOrder {index:3;}">
                    <Coords points="2472,2443 2472,2503 2678,2503 2678,2443"/>
                    <TextEquiv>
                        <Unicode>Geburtstag</Unicode>
                    </TextEquiv>
                </Word>
                <Word id="tr_1_tl_114_w5" custom="readingOrder {index:4;}">
                    <Coords points="2726,2442 2726,2502 2778,2502 2778,2442"/>
                    <TextEquiv>
                        <Unicode>des</Unicode>
                    </TextEquiv>
                </Word>
                <Word id="tr_1_tl_114_w6" custom="readingOrder {index:5;}">
                    <Coords points="2826,2441 2826,2501 2967,2501 2967,2441"/>
                    <TextEquiv>
                        <Unicode>Dichters</Unicode>
                    </TextEquiv>
                </Word>
                <Word id="tr_1_tl_114_w7" custom="readingOrder {index:6;}">
                    <Coords points="3015,2439 3015,2499 3090,2499 3090,2439"/>
                    <TextEquiv>
                        <Unicode>auf¬</Unicode>
                    </TextEquiv>
                </Word>
                <TextEquiv>
                    <Unicode>ursprünglich zum siebzigsten Geburtstag des Dichters auf¬</Unicode>
                </TextEquiv>
            </TextLine>
            <TextLine id="tr_1_tl_115" custom="readingOrder {index:114;}">
                <Coords points="708,2517 1886,2506 1864,2451 708,2462"/>
                <Baseline points="728,2498 786,2499 844,2499 903,2498 961,2498 1019,2497 1078,2495 1136,2495 1194,2494 1253,2492 1311,2492 1369,2492 1428,2492 1486,2492 1544,2492 1603,2490 1661,2490 1719,2492 1778,2492 1836,2490 1895,2489"/>
                <Word id="tr_1_tl_115_w1" custom="readingOrder {index:0;}">
                    <Coords points="713,2459 713,2519 860,2519 860,2459"/>
                    <TextEquiv>
                        <Unicode>führung</Unicode>
                    </TextEquiv>
                </Word>
                <Word id="tr_1_tl_115_w2" custom="readingOrder {index:1;}">
                    <Coords points="893,2458 893,2518 950,2518 950,2458"/>
                    <TextEquiv>
                        <Unicode>von</Unicode>
                    </TextEquiv>
                </Word>
                <Word id="tr_1_tl_115_w3" custom="readingOrder {index:2;}">
                    <Coords points="982,2455 982,2515 1150,2515 1150,2455"/>
                    <TextEquiv>
                        <Unicode>„Komödie</Unicode>
                    </TextEquiv>
                </Word>
                <Word id="tr_1_tl_115_w4" custom="readingOrder {index:3;}">
                    <Coords points="1177,2453 1177,2513 1229,2513 1229,2453"/>
                    <TextEquiv>
                        <Unicode>der</Unicode>
                    </TextEquiv>
                </Word>
                <Word id="tr_1_tl_115_w5" custom="readingOrder {index:4;}">
                    <Coords points="1256,2452 1256,2512 1488,2512 1488,2452"/>
                    <TextEquiv>
                        <Unicode>Verführung"</Unicode>
                    </TextEquiv>
                </Word>
                <Word id="tr_1_tl_115_w6" custom="readingOrder {index:5;}">
                    <Coords points="1521,2451 1521,2511 1578,2511 1578,2451"/>
                    <TextEquiv>
                        <Unicode>und</Unicode>
                    </TextEquiv>
                </Word>
                <Word id="tr_1_tl_115_w7" custom="readingOrder {index:6;}">
                    <Coords points="1610,2450 1610,2510 1652,2510 1652,2450"/>
                    <TextEquiv>
                        <Unicode>die</Unicode>
                    </TextEquiv>
                </Word>
                <Word id="tr_1_tl_115_w8" custom="readingOrder {index:7;}">
                    <Coords points="1684,2451 1684,2511 1889,2511 1889,2451"/>
                    <TextEquiv>
                        <Unicode>Erstauffüh¬</Unicode>
                    </TextEquiv>
                </Word>
                <TextEquiv>
                    <Unicode>führung von „Komödie der Verführung" und die Erstauffüh¬</Unicode>
                </TextEquiv>
            </TextLine>
            <TextLine id="tr_1_tl_116" custom="readingOrder {index:115;}">
                <Coords points="154,2502 242,2524 275,2506 316,2520 682,2509 682,2469 653,2462 154,2469"/>
                <Baseline points="173,2501 198,2503 224,2504 250,2504 276,2504 302,2504 327,2504 353,2504 379,2504 405,2504 431,2504 456,2504 482,2504 508,2504 534,2504 560,2504 585,2503 611,2502 637,2502 663,2504 689,2501"/>
                <Word id="tr_1_tl_116_w1" custom="readingOrder {index:0;}">
                    <Coords points="154,2462 154,2522 238,2522 238,2462"/>
                    <TextEquiv>
                        <Unicode>nem</Unicode>
                    </TextEquiv>
                </Word>
                <Word id="tr_1_tl_116_w2" custom="readingOrder {index:1;}">
                    <Coords points="287,2464 287,2524 478,2524 478,2464"/>
                    <TextEquiv>
                        <Unicode>Vaterhaus</Unicode>
                    </TextEquiv>
                </Word>
                <Word id="tr_1_tl_116_w3" custom="readingOrder {index:2;}">
                    <Coords points="521,2462 521,2522 674,2522 674,2462"/>
                    <TextEquiv>
                        <Unicode>herrschte</Unicode>
                    </TextEquiv>
                </Word>
                <TextEquiv>
                    <Unicode>nem Vaterhaus herrschte</Unicode>
                </TextEquiv>
            </TextLine>
            <TextLine id="tr_1_tl_117" custom="readingOrder {index:116;}">
                <Coords points="701,2557 2410,2542 2513,2586 2649,2546 2884,2583 2953,2542 3089,2553 3093,2498 2986,2480 704,2517"/>
                <Baseline points="722,2546 847,2546 972,2546 1097,2543 1222,2543 1348,2543 1473,2540 1598,2540 1723,2540 1848,2537 1974,2538 2099,2535 2224,2535 2349,2537 2474,2534 2600,2534 2725,2535 2850,2534 2975,2534 3101,2525"/>
                <Word id="tr_1_tl_117_w1" custom="readingOrder {index:0;}">
                    <Coords points="711,2506 711,2566 798,2566 798,2506"/>
                    <TextEquiv>
                        <Unicode>rung</Unicode>
                    </TextEquiv>
                </Word>
                <Word id="tr_1_tl_117_w2" custom="readingOrder {index:1;}">
                    <Coords points="826,2506 826,2566 879,2566 879,2506"/>
                    <TextEquiv>
                        <Unicode>von</Unicode>
                    </TextEquiv>
                </Word>
                <Word id="tr_1_tl_117_w3" custom="readingOrder {index:2;}">
                    <Coords points="913,2505 913,2565 1068,2565 1068,2505"/>
                    <TextEquiv>
                        <Unicode>„Schleier</Unicode>
                    </TextEquiv>
                </Word>
                <Word id="tr_1_tl_117_w4" custom="readingOrder {index:3;}">
                    <Coords points="1096,2503 1096,2563 1142,2563 1142,2503"/>
                    <TextEquiv>
                        <Unicode>der</Unicode>
                    </TextEquiv>
                </Word>
                <Word id="tr_1_tl_117_w5" custom="readingOrder {index:4;}">
                    <Coords points="1163,2503 1163,2563 1325,2563 1325,2503"/>
                    <TextEquiv>
                        <Unicode>Beatvice"</Unicode>
                    </TextEquiv>
                </Word>
                <Word id="tr_1_tl_117_w6" custom="readingOrder {index:5;}">
                    <Coords points="1353,2502 1353,2562 1379,2562 1379,2502"/>
                    <TextEquiv>
                        <Unicode>zu</Unicode>
                    </TextEquiv>
                </Word>
                <Word id="tr_1_tl_117_w7" custom="readingOrder {index:6;}">
                    <Coords points="1407,2500 1407,2560 1534,2560 1534,2500"/>
                    <TextEquiv>
                        <Unicode>bringen</Unicode>
                    </TextEquiv>
                </Word>
                <Word id="tr_1_tl_117_w8" custom="readingOrder {index:7;}">
                    <Coords points="1569,2500 1569,2560 1656,2560 1656,2500"/>
                    <TextEquiv>
                        <Unicode>sowie</Unicode>
                    </TextEquiv>
                </Word>
                <Word id="tr_1_tl_117_w9" custom="readingOrder {index:8;}">
                    <Coords points="1677,2500 1677,2560 1723,2560 1723,2500"/>
                    <TextEquiv>
                        <Unicode>die</Unicode>
                    </TextEquiv>
                </Word>
                <Word id="tr_1_tl_117_w10" custom="readingOrder {index:9;}">
                    <Coords points="1744,2497 1744,2557 1886,2557 1886,2497"/>
                    <TextEquiv>
                        <Unicode>Wieder=</Unicode>
                    </TextEquiv>
                </Word>
                <Word id="tr_1_tl_117_w11" custom="readingOrder {index:10;}">
                    <Coords points="1920,2497 1920,2557 2075,2557 2075,2497"/>
                    <TextEquiv>
                        <Unicode>zuführen</Unicode>
                    </TextEquiv>
                </Word>
                <Word id="tr_1_tl_117_w12" custom="readingOrder {index:11;}">
                    <Coords points="2109,2495 2109,2555 2325,2555 2325,2495"/>
                    <TextEquiv>
                        <Unicode>beabsichtigte</Unicode>
                    </TextEquiv>
                </Word>
                <Word id="tr_1_tl_117_w13" custom="readingOrder {index:12;}">
                    <Coords points="2359,2496 2359,2556 2419,2556 2419,2496"/>
                    <TextEquiv>
                        <Unicode>und</Unicode>
                    </TextEquiv>
                </Word>
                <Word id="tr_1_tl_117_w14" custom="readingOrder {index:13;}">
                    <Coords points="2454,2494 2454,2554 2521,2554 2521,2494"/>
                    <TextEquiv>
                        <Unicode>nun</Unicode>
                    </TextEquiv>
                </Word>
                <Word id="tr_1_tl_117_w15" custom="readingOrder {index:14;}">
                    <Coords points="2555,2494 2555,2554 2649,2554 2649,2494"/>
                    <TextEquiv>
                        <Unicode>leider</Unicode>
                    </TextEquiv>
                </Word>
                <Word id="tr_1_tl_117_w16" custom="readingOrder {index:15;}">
                    <Coords points="2677,2494 2677,2554 2744,2554 2744,2494"/>
                    <TextEquiv>
                        <Unicode>nur</Unicode>
                    </TextEquiv>
                </Word>
                <Word id="tr_1_tl_117_w17" custom="readingOrder {index:16;}">
                    <Coords points="2771,2494 2771,2554 2804,2554 2804,2494"/>
                    <TextEquiv>
                        <Unicode>zu</Unicode>
                    </TextEquiv>
                </Word>
                <Word id="tr_1_tl_117_w18" custom="readingOrder {index:17;}">
                    <Coords points="2839,2494 2839,2554 2940,2554 2940,2494"/>
                    <TextEquiv>
                        <Unicode>seiner</Unicode>
                    </TextEquiv>
                </Word>
                <Word id="tr_1_tl_117_w19" custom="readingOrder {index:18;}">
                    <Coords points="2967,2490 2967,2550 3088,2550 3088,2490"/>
                    <TextEquiv>
                        <Unicode>Toten¬</Unicode>
                    </TextEquiv>
                </Word>
                <TextEquiv>
                    <Unicode>rung von „Schleier der Beatvice" zu bringen sowie die Wieder= zuführen beabsichtigte und nun leider nur zu seiner Toten¬</Unicode>
                </TextEquiv>
            </TextLine>
            <TextLine id="tr_1_tl_118" custom="readingOrder {index:117;}">
                <Coords points="147,2583 187,2561 675,2568 675,2513 495,2509 429,2528 271,2506 249,2524 147,2524"/>
                <Baseline points="167,2555 194,2555 221,2553 248,2553 276,2555 303,2554 330,2552 358,2554 385,2554 412,2552 440,2554 467,2555 494,2553 522,2552 549,2552 576,2552 604,2552 631,2552 658,2552 686,2552"/>
                <Word id="tr_1_tl_118_w1" custom="readingOrder {index:0;}">
                    <Coords points="149,2515 149,2575 224,2575 224,2515"/>
                    <TextEquiv>
                        <Unicode>ind</Unicode>
                    </TextEquiv>
                </Word>
                <Word id="tr_1_tl_118_w2" custom="readingOrder {index:1;}">
                    <Coords points="256,2512 256,2572 406,2572 406,2512"/>
                    <TextEquiv>
                        <Unicode>spezifisch</Unicode>
                    </TextEquiv>
                </Word>
                <Word id="tr_1_tl_118_w3" custom="readingOrder {index:2;}">
                    <Coords points="439,2512 439,2572 664,2572 664,2512"/>
                    <TextEquiv>
                        <Unicode>österreichisch</Unicode>
                    </TextEquiv>
                </Word>
                <TextEquiv>
                    <Unicode>ind spezifisch österreichisch</Unicode>
                </TextEquiv>
            </TextLine>
            <TextLine id="tr_1_tl_119" custom="readingOrder {index:118;}">
                <Coords points="1911,2605 1948,2616 1970,2597 2051,2608 2088,2594 2132,2612 2264,2597 2264,2550 2168,2542 2146,2553 2110,2539 2080,2550 1911,2550"/>
                <Baseline points="1931,2588 1957,2588 1983,2588 2010,2588 2036,2588 2062,2588 2089,2588 2115,2587 2142,2585 2168,2585 2194,2585 2221,2585 2247,2585 2274,2585"/>
                <Word id="tr_1_tl_119_w1" custom="readingOrder {index:0;}">
                    <Coords points="1917,2548 1917,2608 1995,2608 1995,2548"/>
                    <TextEquiv>
                        <Unicode>feier</Unicode>
                    </TextEquiv>
                </Word>
                <Word id="tr_1_tl_119_w2" custom="readingOrder {index:1;}">
                    <Coords points="2019,2548 2019,2608 2131,2608 2131,2548"/>
                    <TextEquiv>
                        <Unicode>spielen</Unicode>
                    </TextEquiv>
                </Word>
                <Word id="tr_1_tl_119_w3" custom="readingOrder {index:2;}">
                    <Coords points="2165,2545 2165,2605 2261,2605 2261,2545"/>
                    <TextEquiv>
                        <Unicode>kann.</Unicode>
                    </TextEquiv>
                </Word>
                <TextEquiv>
                    <Unicode>feier spielen kann.</Unicode>
                </TextEquiv>
            </TextLine>
            <TextLine id="tr_1_tl_120" custom="readingOrder {index:119;}">
                <Coords points="158,2608 1886,2623 1886,2550 1834,2546 158,2561"/>
                <Baseline points="179,2603 264,2603 350,2601 436,2602 522,2599 608,2597 693,2597 779,2597 865,2594 951,2597 1037,2594 1122,2594 1208,2592 1294,2594 1380,2593 1466,2593 1551,2591 1637,2591 1723,2591 1809,2588 1895,2588"/>
                <Word id="tr_1_tl_120_w1" custom="readingOrder {index:0;}">
                    <Coords points="158,2563 158,2623 233,2623 233,2563"/>
                    <TextEquiv>
                        <Unicode>iger</Unicode>
                    </TextEquiv>
                </Word>
                <Word id="tr_1_tl_120_w2" custom="readingOrder {index:1;}">
                    <Coords points="261,2562 261,2622 319,2622 319,2562"/>
                    <TextEquiv>
                        <Unicode>und</Unicode>
                    </TextEquiv>
                </Word>
                <Word id="tr_1_tl_120_w3" custom="readingOrder {index:2;}">
                    <Coords points="347,2561 347,2621 524,2621 524,2561"/>
                    <TextEquiv>
                        <Unicode>neunziger</Unicode>
                    </TextEquiv>
                </Word>
                <Word id="tr_1_tl_120_w4" custom="readingOrder {index:3;}">
                    <Coords points="546,2557 546,2617 670,2617 670,2557"/>
                    <TextEquiv>
                        <Unicode>Jahren</Unicode>
                    </TextEquiv>
                </Word>
                <Word id="tr_1_tl_120_w5" custom="readingOrder {index:4;}">
                    <Coords points="714,2556 714,2616 896,2616 896,2556"/>
                    <TextEquiv>
                        <Unicode>aufnahme</Unicode>
                    </TextEquiv>
                </Word>
                <Word id="tr_1_tl_120_w6" custom="readingOrder {index:5;}">
                    <Coords points="924,2556 924,2616 972,2616 972,2556"/>
                    <TextEquiv>
                        <Unicode>des</Unicode>
                    </TextEquiv>
                </Word>
                <Word id="tr_1_tl_120_w7" custom="readingOrder {index:6;}">
                    <Coords points="1005,2554 1005,2614 1226,2614 1226,2554"/>
                    <TextEquiv>
                        <Unicode>„Medardus"</Unicode>
                    </TextEquiv>
                </Word>
                <Word id="tr_1_tl_120_w8" custom="readingOrder {index:7;}">
                    <Coords points="1253,2553 1253,2613 1279,2613 1279,2553"/>
                    <TextEquiv>
                        <Unicode>in</Unicode>
                    </TextEquiv>
                </Word>
                <Word id="tr_1_tl_120_w9" custom="readingOrder {index:8;}">
                    <Coords points="1312,2553 1312,2613 1366,2613 1366,2553"/>
                    <TextEquiv>
                        <Unicode>den</Unicode>
                    </TextEquiv>
                </Word>
                <Word id="tr_1_tl_120_w10" custom="readingOrder {index:9;}">
                    <Coords points="1399,2552 1399,2612 1571,2612 1571,2552"/>
                    <TextEquiv>
                        <Unicode>Spielplan</Unicode>
                    </TextEquiv>
                </Word>
                <Word id="tr_1_tl_120_w11" custom="readingOrder {index:10;}">
                    <Coords points="1604,2551 1604,2611 1636,2611 1636,2551"/>
                    <TextEquiv>
                        <Unicode>zu</Unicode>
                    </TextEquiv>
                </Word>
                <Word id="tr_1_tl_120_w12" custom="readingOrder {index:11;}">
                    <Coords points="1669,2549 1669,2609 1889,2609 1889,2549"/>
                    <TextEquiv>
                        <Unicode>ermöglichen.</Unicode>
                    </TextEquiv>
                </Word>
                <TextEquiv>
                    <Unicode>iger und neunziger Jahren aufnahme des „Medardus" in den Spielplan zu ermöglichen.</Unicode>
                </TextEquiv>
            </TextLine>
            <TextLine id="tr_1_tl_121" custom="readingOrder {index:120;}">
                <Coords points="158,2656 349,2660 360,2675 422,2653 572,2671 675,2660 675,2612 635,2605 158,2608"/>
                <Baseline points="179,2654 204,2651 229,2651 255,2651 280,2651 305,2650 331,2648 356,2650 381,2650 407,2649 432,2648 457,2648 483,2648 508,2648 533,2648 559,2648 584,2648 609,2648 635,2648 660,2648 686,2648"/>
                <Word id="tr_1_tl_121_w1" custom="readingOrder {index:0;}">
                    <Coords points="159,2611 159,2671 313,2671 313,2611"/>
                    <TextEquiv>
                        <Unicode>rstellte.</Unicode>
                    </TextEquiv>
                </Word>
                <Word id="tr_1_tl_121_w2" custom="readingOrder {index:1;}">
                    <Coords points="341,2610 341,2670 407,2670 407,2610"/>
                    <TextEquiv>
                        <Unicode>Die</Unicode>
                    </TextEquiv>
                </Word>
                <Word id="tr_1_tl_121_w3" custom="readingOrder {index:2;}">
                    <Coords points="441,2608 441,2668 673,2668 673,2608"/>
                    <TextEquiv>
                        <Unicode>heterogenster</Unicode>
                    </TextEquiv>
                </Word>
                <TextEquiv>
                    <Unicode>rstellte. Die heterogenster</Unicode>
                </TextEquiv>
            </TextLine>
            <TextLine id="tr_1_tl_122" custom="readingOrder {index:121;}">
                <Coords points="165,2700 693,2711 693,2656 580,2671 451,2664 426,2645 378,2664 165,2660"/>
                <Baseline points="185,2695 210,2695 236,2695 261,2695 287,2695 313,2695 338,2695 364,2695 390,2695 415,2695 441,2695 467,2695 492,2695 518,2695 544,2695 569,2695 595,2693 621,2693 646,2695 672,2694 698,2692"/>
                <Word id="tr_1_tl_122_w1" custom="readingOrder {index:0;}">
                    <Coords points="176,2655 176,2715 360,2715 360,2655"/>
                    <TextEquiv>
                        <Unicode>Künstler,</Unicode>
                    </TextEquiv>
                </Word>
                <Word id="tr_1_tl_122_w2" custom="readingOrder {index:1;}">
                    <Coords points="382,2655 382,2715 560,2715 560,2655"/>
                    <TextEquiv>
                        <Unicode>Kaufleute</Unicode>
                    </TextEquiv>
                </Word>
                <Word id="tr_1_tl_122_w3" custom="readingOrder {index:2;}">
                    <Coords points="615,2654 615,2714 680,2714 680,2654"/>
                    <TextEquiv>
                        <Unicode>und</Unicode>
                    </TextEquiv>
                </Word>
                <TextEquiv>
                    <Unicode>Künstler, Kaufleute und</Unicode>
                </TextEquiv>
            </TextLine>
            <TextLine id="tr_1_tl_123" custom="readingOrder {index:122;}">
                <Coords points="161,2752 371,2766 602,2744 682,2755 682,2704 653,2700 470,2704 451,2719 374,2700 235,2711 161,2697"/>
                <Baseline points="182,2743 207,2745 233,2746 258,2746 284,2745 309,2743 335,2743 360,2743 386,2743 411,2743 437,2743 462,2743 488,2743 513,2743 539,2743 564,2741 590,2740 615,2742 641,2743 666,2743 692,2743"/>
                <Word id="tr_1_tl_123_w1" custom="readingOrder {index:0;}">
                    <Coords points="167,2705 167,2765 261,2765 261,2705"/>
                    <TextEquiv>
                        <Unicode>einer</Unicode>
                    </TextEquiv>
                </Word>
                <Word id="tr_1_tl_123_w2" custom="readingOrder {index:1;}">
                    <Coords points="290,2703 290,2763 428,2763 428,2703"/>
                    <TextEquiv>
                        <Unicode>späteren</Unicode>
                    </TextEquiv>
                </Word>
                <Word id="tr_1_tl_123_w3" custom="readingOrder {index:2;}">
                    <Coords points="462,2703 462,2763 590,2763 590,2703"/>
                    <TextEquiv>
                        <Unicode>Werke,</Unicode>
                    </TextEquiv>
                </Word>
                <Word id="tr_1_tl_123_w4" custom="readingOrder {index:3;}">
                    <Coords points="613,2703 613,2763 685,2763 685,2703"/>
                    <TextEquiv>
                        <Unicode>erste</Unicode>
                    </TextEquiv>
                </Word>
                <TextEquiv>
                    <Unicode>einer späteren Werke, erste</Unicode>
                </TextEquiv>
            </TextLine>
            <TextLine id="tr_1_tl_124" custom="readingOrder {index:123;}">
                <Coords points="2249,2785 2308,2770 2421,2792 2469,2770 2557,2796 2586,2770 2689,2785 2759,2763 2814,2785 2814,2708 2704,2682 2447,2704 2249,2693"/>
                <Baseline points="2268,2758 2295,2758 2323,2757 2351,2755 2379,2755 2407,2755 2434,2755 2462,2755 2490,2755 2518,2755 2546,2755 2573,2755 2601,2755 2629,2755 2657,2755 2685,2755 2712,2755 2740,2757 2768,2758 2796,2760 2824,2764"/>
                <Word id="tr_1_tl_124_w1" custom="readingOrder {index:0;}">
                    <Coords points="2265,2715 2265,2775 2441,2775 2441,2715"/>
                    <TextEquiv>
                        <Unicode>Artur</Unicode>
                    </TextEquiv>
                </Word>
                <Word id="tr_1_tl_124_w2" custom="readingOrder {index:1;}">
                    <Coords points="2477,2715 2477,2775 2795,2775 2795,2715"/>
                    <TextEquiv>
                        <Unicode>Schnitzler,</Unicode>
                    </TextEquiv>
                </Word>
                <TextEquiv>
                    <Unicode>Artur Schnitzler,</Unicode>
                </TextEquiv>
            </TextLine>
            <TextLine id="tr_1_tl_125" custom="readingOrder {index:124;}">
                <Coords points="154,2810 279,2796 356,2810 374,2792 393,2807 686,2807 686,2755 602,2744 374,2766 356,2752 154,2755"/>
                <Baseline points="173,2791 199,2791 225,2792 251,2793 277,2793 303,2791 329,2791 355,2791 381,2791 407,2791 434,2791 460,2790 486,2788 512,2790 538,2791 564,2789 590,2788 616,2788 642,2788 668,2788 695,2791"/>
                <Word id="tr_1_tl_125_w1" custom="readingOrder {index:0;}">
                    <Coords points="155,2751 155,2811 265,2811 265,2751"/>
                    <TextEquiv>
                        <Unicode>Kunst</Unicode>
                    </TextEquiv>
                </Word>
                <Word id="tr_1_tl_125_w2" custom="readingOrder {index:1;}">
                    <Coords points="294,2751 294,2811 349,2811 349,2751"/>
                    <TextEquiv>
                        <Unicode>gab</Unicode>
                    </TextEquiv>
                </Word>
                <Word id="tr_1_tl_125_w3" custom="readingOrder {index:2;}">
                    <Coords points="383,2751 383,2811 432,2811 432,2751"/>
                    <TextEquiv>
                        <Unicode>ihm</Unicode>
                    </TextEquiv>
                </Word>
                <Word id="tr_1_tl_125_w4" custom="readingOrder {index:3;}">
                    <Coords points="484,2749 484,2809 538,2809 538,2749"/>
                    <TextEquiv>
                        <Unicode>das</Unicode>
                    </TextEquiv>
                </Word>
                <Word id="tr_1_tl_125_w5" custom="readingOrder {index:4;}">
                    <Coords points="572,2748 572,2808 689,2808 689,2748"/>
                    <TextEquiv>
                        <Unicode>Burg¬</Unicode>
                    </TextEquiv>
                </Word>
                <TextEquiv>
                    <Unicode>Kunst gab ihm das Burg¬</Unicode>
                </TextEquiv>
            </TextLine>
            <TextLine id="tr_1_tl_126" custom="readingOrder {index:125;}">
                <Coords points="154,2851 690,2847 690,2803 154,2803"/>
                <Baseline points="173,2842 199,2840 225,2839 251,2839 278,2839 304,2840 330,2841 356,2841 383,2839 409,2839 435,2839 461,2839 488,2839 514,2839 540,2839 566,2839 593,2837 619,2836 645,2836 671,2836 698,2836"/>
                <Word id="tr_1_tl_126_w1" custom="readingOrder {index:0;}">
                    <Coords points="154,2802 154,2862 176,2862 176,2802"/>
                    <TextEquiv>
                        <Unicode>n</Unicode>
                    </TextEquiv>
                </Word>
                <Word id="tr_1_tl_126_w2" custom="readingOrder {index:1;}">
                    <Coords points="209,2799 209,2859 339,2859 339,2799"/>
                    <TextEquiv>
                        <Unicode>Größen</Unicode>
                    </TextEquiv>
                </Word>
                <Word id="tr_1_tl_126_w3" custom="readingOrder {index:2;}">
                    <Coords points="372,2799 372,2859 399,2859 399,2799"/>
                    <TextEquiv>
                        <Unicode>in</Unicode>
                    </TextEquiv>
                </Word>
                <Word id="tr_1_tl_126_w4" custom="readingOrder {index:3;}">
                    <Coords points="427,2799 427,2859 524,2859 524,2799"/>
                    <TextEquiv>
                        <Unicode>seinem</Unicode>
                    </TextEquiv>
                </Word>
                <Word id="tr_1_tl_126_w5" custom="readingOrder {index:4;}">
                    <Coords points="569,2796 569,2856 688,2856 688,2796"/>
                    <TextEquiv>
                        <Unicode>Vater¬</Unicode>
                    </TextEquiv>
                </Word>
                <TextEquiv>
                    <Unicode>n Größen in seinem Vater¬</Unicode>
                </TextEquiv>
            </TextLine>
            <TextLine id="tr_1_tl_127" custom="readingOrder {index:126;}">
                <Coords points="161,2898 690,2898 690,2851 161,2851"/>
                <Baseline points="182,2889 207,2887 233,2886 258,2886 284,2886 310,2886 335,2886 361,2886 387,2886 412,2886 438,2886 464,2886 489,2886 515,2885 541,2883 566,2885 592,2886 618,2886 643,2887 669,2889 695,2889"/>
                <Word id="tr_1_tl_127_w1" custom="readingOrder {index:0;}">
                    <Coords points="166,2846 166,2906 573,2906 573,2846"/>
                    <TextEquiv>
                        <Unicode>Auseinandersetzungen</Unicode>
                    </TextEquiv>
                </Word>
                <Word id="tr_1_tl_127_w2" custom="readingOrder {index:1;}">
                    <Coords points="610,2847 610,2907 683,2907 683,2847"/>
                    <TextEquiv>
                        <Unicode>ging</Unicode>
                    </TextEquiv>
                </Word>
                <TextEquiv>
                    <Unicode>Auseinandersetzungen ging</Unicode>
                </TextEquiv>
            </TextLine>
            <TextLine id="tr_1_tl_128" custom="readingOrder {index:127;}">
                <Coords points="154,2953 686,2946 686,2895 429,2895 411,2909 154,2891"/>
                <Baseline points="176,2934 203,2936 230,2937 257,2937 285,2936 312,2934 339,2936 367,2937 394,2937 421,2937 449,2937 476,2935 503,2934 531,2934 558,2932 585,2931 613,2933 640,2934 667,2934 695,2934"/>
                <Word id="tr_1_tl_128_w1" custom="readingOrder {index:0;}">
                    <Coords points="160,2897 160,2957 315,2957 315,2897"/>
                    <TextEquiv>
                        <Unicode>eichnend</Unicode>
                    </TextEquiv>
                </Word>
                <Word id="tr_1_tl_128_w2" custom="readingOrder {index:1;}">
                    <Coords points="344,2897 344,2957 399,2957 399,2897"/>
                    <TextEquiv>
                        <Unicode>für</Unicode>
                    </TextEquiv>
                </Word>
                <Word id="tr_1_tl_128_w3" custom="readingOrder {index:2;}">
                    <Coords points="422,2896 422,2956 477,2956 477,2896"/>
                    <TextEquiv>
                        <Unicode>sein</Unicode>
                    </TextEquiv>
                </Word>
                <Word id="tr_1_tl_128_w4" custom="readingOrder {index:3;}">
                    <Coords points="511,2891 511,2951 617,2951 617,2891"/>
                    <TextEquiv>
                        <Unicode>Wesen</Unicode>
                    </TextEquiv>
                </Word>
                <Word id="tr_1_tl_128_w5" custom="readingOrder {index:4;}">
                    <Coords points="656,2894 656,2954 689,2954 689,2894"/>
                    <TextEquiv>
                        <Unicode>ist</Unicode>
                    </TextEquiv>
                </Word>
                <TextEquiv>
                    <Unicode>eichnend für sein Wesen ist</Unicode>
                </TextEquiv>
            </TextLine>
            <TextLine id="tr_1_tl_129" custom="readingOrder {index:128;}">
                <Coords points="169,3001 338,2990 352,3005 462,2994 499,3019 528,2997 616,3019 682,3012 682,2946 642,2935 169,2953"/>
                <Baseline points="188,2982 213,2982 238,2982 263,2982 288,2982 314,2984 339,2985 364,2983 389,2982 414,2982 440,2983 465,2985 490,2985 515,2985 540,2983 566,2982 591,2982 616,2982 641,2982 666,2981 692,2979"/>
                <Word id="tr_1_tl_129_w1" custom="readingOrder {index:0;}">
                    <Coords points="180,2942 180,3002 255,3002 255,2942"/>
                    <TextEquiv>
                        <Unicode>nach</Unicode>
                    </TextEquiv>
                </Word>
                <Word id="tr_1_tl_129_w2" custom="readingOrder {index:1;}">
                    <Coords points="288,2942 288,3002 543,3002 543,2942"/>
                    <TextEquiv>
                        <Unicode>biographischen</Unicode>
                    </TextEquiv>
                </Word>
                <Word id="tr_1_tl_129_w3" custom="readingOrder {index:2;}">
                    <Coords points="577,2942 577,3002 679,3002 679,2942"/>
                    <TextEquiv>
                        <Unicode>Daten</Unicode>
                    </TextEquiv>
                </Word>
                <TextEquiv>
                    <Unicode>nach biographischen Daten</Unicode>
                </TextEquiv>
            </TextLine>
            <TextLine id="tr_1_tl_130" custom="readingOrder {index:129;}">
                <Coords points="150,3041 198,3049 213,3034 253,3067 279,3049 294,3056 308,3041 330,3045 327,2994 275,2990 268,2997 220,2994 213,3001 150,2997"/>
                <Baseline points="170,3033 198,3033 226,3033 255,3033 283,3033 311,3032 340,3030"/>
                <Word id="tr_1_tl_130_w1" custom="readingOrder {index:0;}">
                    <Coords points="151,2993 151,3053 199,3053 199,2993"/>
                    <TextEquiv>
                        <Unicode>ar</Unicode>
                    </TextEquiv>
                </Word>
                <Word id="tr_1_tl_130_w2" custom="readingOrder {index:1;}">
                    <Coords points="224,2993 224,3053 332,3053 332,2993"/>
                    <TextEquiv>
                        <Unicode>Arzt."</Unicode>
                    </TextEquiv>
                </Word>
                <TextEquiv>
                    <Unicode>ar Arzt."</Unicode>
                </TextEquiv>
            </TextLine>
            <TextLine id="tr_1_tl_131" custom="readingOrder {index:130;}">
                <Coords points="165,3104 341,3089 503,3107 554,3089 594,3111 686,3096 690,3052 569,3034 528,3056 415,3012 257,3067 216,3034 169,3045"/>
                <Baseline points="185,3089 210,3092 236,3092 261,3091 287,3089 312,3088 338,3086 363,3088 389,3089 414,3089 440,3088 465,3086 491,3086 516,3086 542,3085 567,3084 593,3084 618,3084 644,3084 669,3083 695,3081"/>
                <Word id="tr_1_tl_131_w1" custom="readingOrder {index:0;}">
                    <Coords points="166,3051 166,3111 249,3111 249,3051"/>
                    <TextEquiv>
                        <Unicode>ng,</Unicode>
                    </TextEquiv>
                </Word>
                <Word id="tr_1_tl_131_w2" custom="readingOrder {index:1;}">
                    <Coords points="274,3048 274,3108 321,3108 321,3048"/>
                    <TextEquiv>
                        <Unicode>wo</Unicode>
                    </TextEquiv>
                </Word>
                <Word id="tr_1_tl_131_w3" custom="readingOrder {index:2;}">
                    <Coords points="352,3048 352,3108 387,3108 387,3048"/>
                    <TextEquiv>
                        <Unicode>er</Unicode>
                    </TextEquiv>
                </Word>
                <Word id="tr_1_tl_131_w4" custom="readingOrder {index:3;}">
                    <Coords points="418,3048 418,3108 441,3108 441,3048"/>
                    <TextEquiv>
                        <Unicode>in</Unicode>
                    </TextEquiv>
                </Word>
                <Word id="tr_1_tl_131_w5" custom="readingOrder {index:4;}">
                    <Coords points="477,3046 477,3106 531,3106 531,3046"/>
                    <TextEquiv>
                        <Unicode>der</Unicode>
                    </TextEquiv>
                </Word>
                <Word id="tr_1_tl_131_w6" custom="readingOrder {index:5;}">
                    <Coords points="562,3044 562,3104 686,3104 686,3044"/>
                    <TextEquiv>
                        <Unicode>Stern¬</Unicode>
                    </TextEquiv>
                </Word>
                <TextEquiv>
                    <Unicode>ng, wo er in der Stern¬</Unicode>
                </TextEquiv>
            </TextLine>
            <TextLine id="tr_1_tl_132" custom="readingOrder {index:131;}">
                <Coords points="172,3148 682,3148 682,3100 653,3096 172,3096"/>
                <Baseline points="191,3137 216,3137 241,3137 266,3137 291,3137 316,3135 341,3134 366,3134 391,3134 416,3134 441,3134 466,3134 491,3134 516,3134 541,3134 566,3134 591,3134 616,3134 641,3134 666,3133 692,3131"/>
                <Word id="tr_1_tl_132_w1" custom="readingOrder {index:0;}">
                    <Coords points="181,3094 181,3154 464,3154 464,3094"/>
                    <TextEquiv>
                        <Unicode>Arbeitszimmer</Unicode>
                    </TextEquiv>
                </Word>
                <Word id="tr_1_tl_132_w2" custom="readingOrder {index:1;}">
                    <Coords points="513,3094 513,3154 570,3154 570,3094"/>
                    <TextEquiv>
                        <Unicode>von</Unicode>
                    </TextEquiv>
                </Word>
                <Word id="tr_1_tl_132_w3" custom="readingOrder {index:2;}">
                    <Coords points="610,3093 610,3153 686,3153 686,3093"/>
                    <TextEquiv>
                        <Unicode>vor¬</Unicode>
                    </TextEquiv>
                </Word>
                <TextEquiv>
                    <Unicode>Arbeitszimmer von vor¬</Unicode>
                </TextEquiv>
            </TextLine>
            <TextLine id="tr_1_tl_133" custom="readingOrder {index:132;}">
                <Coords points="154,3195 202,3210 242,3195 690,3192 690,3140 605,3151 484,3133 462,3151 352,3155 154,3140"/>
                <Baseline points="173,3185 199,3185 225,3185 251,3185 278,3185 304,3185 330,3185 356,3184 383,3182 409,3182 435,3182 461,3182 488,3182 514,3182 540,3182 566,3182 593,3182 619,3182 645,3182 671,3182 698,3182"/>
                <Word id="tr_1_tl_133_w1" custom="readingOrder {index:0;}">
                    <Coords points="154,3145 154,3205 181,3205 181,3145"/>
                    <TextEquiv>
                        <Unicode>n</Unicode>
                    </TextEquiv>
                </Word>
                <Word id="tr_1_tl_133_w2" custom="readingOrder {index:1;}">
                    <Coords points="214,3145 214,3205 341,3205 341,3145"/>
                    <TextEquiv>
                        <Unicode>breiten</Unicode>
                    </TextEquiv>
                </Word>
                <Word id="tr_1_tl_133_w3" custom="readingOrder {index:2;}">
                    <Coords points="380,3142 380,3202 588,3202 588,3142"/>
                    <TextEquiv>
                        <Unicode>Schreibtisch</Unicode>
                    </TextEquiv>
                </Word>
                <Word id="tr_1_tl_133_w4" custom="readingOrder {index:3;}">
                    <Coords points="622,3142 622,3202 687,3202 687,3142"/>
                    <TextEquiv>
                        <Unicode>und</Unicode>
                    </TextEquiv>
                </Word>
                <TextEquiv>
                    <Unicode>n breiten Schreibtisch und</Unicode>
                </TextEquiv>
            </TextLine>
            <TextLine id="tr_1_tl_134" custom="readingOrder {index:133;}">
                <Coords points="216,3243 690,3243 690,3195 216,3199"/>
                <Baseline points="238,3236 263,3236 289,3236 314,3235 340,3233 365,3233 391,3233 416,3233 442,3232 468,3230 493,3230 519,3230 544,3230 570,3230 595,3230 621,3230 646,3230 672,3230 698,3230"/>
                <Word id="tr_1_tl_134_w1" custom="readingOrder {index:0;}">
                    <Coords points="225,3196 225,3256 314,3256 314,3196"/>
                    <TextEquiv>
                        <Unicode>Doch</Unicode>
                    </TextEquiv>
                </Word>
                <Word id="tr_1_tl_134_w2" custom="readingOrder {index:1;}">
                    <Coords points="345,3192 345,3252 504,3252 504,3192"/>
                    <TextEquiv>
                        <Unicode>arbeitete</Unicode>
                    </TextEquiv>
                </Word>
                <Word id="tr_1_tl_134_w3" custom="readingOrder {index:2;}">
                    <Coords points="549,3190 549,3250 584,3250 584,3190"/>
                    <TextEquiv>
                        <Unicode>er</Unicode>
                    </TextEquiv>
                </Word>
                <Word id="tr_1_tl_134_w4" custom="readingOrder {index:3;}">
                    <Coords points="634,3190 634,3250 668,3250 668,3190"/>
                    <TextEquiv>
                        <Unicode>am</Unicode>
                    </TextEquiv>
                </Word>
                <TextEquiv>
                    <Unicode>Doch arbeitete er am</Unicode>
                </TextEquiv>
            </TextLine>
            <TextLine id="tr_1_tl_135" custom="readingOrder {index:134;}">
                <Coords points="169,3291 444,3291 466,3306 488,3287 690,3295 690,3240 609,3228 561,3247 536,3232 466,3254 433,3240 301,3251 231,3243 169,3203"/>
                <Baseline points="188,3281 213,3282 239,3283 264,3284 290,3284 315,3283 341,3281 366,3281 392,3281 417,3281 443,3280 468,3278 494,3278 519,3278 545,3278 570,3278 596,3278 621,3278 647,3278 672,3278 698,3278"/>
                <Word id="tr_1_tl_135_w1" custom="readingOrder {index:0;}">
                    <Coords points="181,3242 181,3302 263,3302 263,3242"/>
                    <TextEquiv>
                        <Unicode>rech</Unicode>
                    </TextEquiv>
                </Word>
                <Word id="tr_1_tl_135_w2" custom="readingOrder {index:1;}">
                    <Coords points="279,3243 279,3303 308,3303 308,3243"/>
                    <TextEquiv>
                        <Unicode>en</Unicode>
                    </TextEquiv>
                </Word>
                <Word id="tr_1_tl_135_w3" custom="readingOrder {index:2;}">
                    <Coords points="346,3241 346,3301 465,3301 465,3241"/>
                    <TextEquiv>
                        <Unicode>Wand.</Unicode>
                    </TextEquiv>
                </Word>
                <Word id="tr_1_tl_135_w4" custom="readingOrder {index:3;}">
                    <Coords points="489,3238 489,3298 683,3298 683,3238"/>
                    <TextEquiv>
                        <Unicode>Graphische</Unicode>
                    </TextEquiv>
                </Word>
                <TextEquiv>
                    <Unicode>rech en Wand. Graphische</Unicode>
                </TextEquiv>
            </TextLine>
            <TextLine id="tr_1_tl_136" custom="readingOrder {index:135;}">
                <Coords points="147,3364 202,3342 275,3361 382,3342 528,3361 620,3339 686,3357 686,3295 649,3287 613,3306 495,3287 470,3306 448,3291 246,3298 147,3265"/>
                <Baseline points="167,3328 193,3330 219,3331 246,3331 272,3331 299,3331 325,3331 351,3331 378,3331 404,3331 431,3331 457,3330 483,3328 510,3328 536,3329 563,3331 589,3330 615,3328 642,3328 668,3328 695,3328"/>
                <Word id="tr_1_tl_136_w1" custom="readingOrder {index:0;}">
                    <Coords points="151,3291 151,3351 462,3351 462,3291"/>
                    <TextEquiv>
                        <Unicode>Peer=Hofmanns,</Unicode>
                    </TextEquiv>
                </Word>
                <Word id="tr_1_tl_136_w2" custom="readingOrder {index:1;}">
                    <Coords points="484,3288 484,3348 570,3348 570,3288"/>
                    <TextEquiv>
                        <Unicode>fielen</Unicode>
                    </TextEquiv>
                </Word>
                <Word id="tr_1_tl_136_w3" custom="readingOrder {index:2;}">
                    <Coords points="629,3288 629,3348 686,3348 686,3288"/>
                    <TextEquiv>
                        <Unicode>be¬</Unicode>
                    </TextEquiv>
                </Word>
                <TextEquiv>
                    <Unicode>Peer=Hofmanns, fielen be¬</Unicode>
                </TextEquiv>
            </TextLine>
            <TextLine id="tr_1_tl_137" custom="readingOrder {index:136;}">
                <Coords points="147,3434 227,3423 455,3449 488,3430 693,3434 693,3353 642,3375 569,3364 470,3383 422,3364 242,3383 147,3350"/>
                <Baseline points="167,3427 193,3425 220,3425 247,3427 273,3427 300,3427 327,3425 353,3424 380,3424 407,3424 434,3424 460,3424 487,3424 514,3424 540,3424 567,3424 594,3424 620,3423 647,3422 674,3422 701,3424"/>
                <Word id="tr_1_tl_137_w1" custom="readingOrder {index:0;}">
                    <Coords points="159,3385 159,3445 217,3445 217,3385"/>
                    <TextEquiv>
                        <Unicode>tet</Unicode>
                    </TextEquiv>
                </Word>
                <Word id="tr_1_tl_137_w2" custom="readingOrder {index:1;}">
                    <Coords points="240,3387 240,3447 321,3447 321,3387"/>
                    <TextEquiv>
                        <Unicode>war,</Unicode>
                    </TextEquiv>
                </Word>
                <Word id="tr_1_tl_137_w3" custom="readingOrder {index:2;}">
                    <Coords points="344,3384 344,3444 426,3444 426,3384"/>
                    <TextEquiv>
                        <Unicode>hatte</Unicode>
                    </TextEquiv>
                </Word>
                <Word id="tr_1_tl_137_w4" custom="readingOrder {index:3;}">
                    <Coords points="456,3384 456,3444 537,3444 537,3384"/>
                    <TextEquiv>
                        <Unicode>zwei</Unicode>
                    </TextEquiv>
                </Word>
                <Word id="tr_1_tl_137_w5" custom="readingOrder {index:4;}">
                    <Coords points="553,3382 553,3442 693,3442 693,3382"/>
                    <TextEquiv>
                        <Unicode>Kinder,</Unicode>
                    </TextEquiv>
                </Word>
                <TextEquiv>
                    <Unicode>tet war, hatte zwei Kinder,</Unicode>
                </TextEquiv>
            </TextLine>
            <TextLine id="tr_1_tl_138" custom="readingOrder {index:137;}">
                <Coords points="150,3493 690,3485 690,3438 664,3430 150,3438"/>
                <Baseline points="170,3478 196,3476 222,3475 249,3475 275,3475 302,3475 328,3473 354,3472 381,3472 407,3472 434,3472 460,3472 486,3472 513,3472 539,3472 566,3472 592,3472 618,3471 645,3470 671,3469 698,3469"/>
                <Word id="tr_1_tl_138_w1" custom="readingOrder {index:0;}">
                    <Coords points="198,3435 198,3495 315,3495 315,3435"/>
                    <TextEquiv>
                        <Unicode>Willen</Unicode>
                    </TextEquiv>
                </Word>
                <Word id="tr_1_tl_138_w2" custom="readingOrder {index:1;}">
                    <Coords points="352,3432 352,3492 437,3492 437,3432"/>
                    <TextEquiv>
                        <Unicode>einen</Unicode>
                    </TextEquiv>
                </Word>
                <Word id="tr_1_tl_138_w3" custom="readingOrder {index:2;}">
                    <Coords points="470,3432 470,3492 677,3492 677,3432"/>
                    <TextEquiv>
                        <Unicode>italienischen</Unicode>
                    </TextEquiv>
                </Word>
                <TextEquiv>
                    <Unicode>Willen einen italienischen</Unicode>
                </TextEquiv>
            </TextLine>
            <TextLine id="tr_1_tl_139" custom="readingOrder {index:138;}">
                <Coords points="139,3562 194,3529 220,3548 294,3526 341,3548 437,3526 690,3533 690,3485 627,3478 139,3500"/>
                <Baseline points="158,3531 185,3528 212,3528 239,3526 266,3525 293,3525 320,3523 347,3522 374,3522 401,3522 428,3522 455,3522 482,3522 509,3522 536,3522 563,3522 590,3522 617,3522 644,3522 671,3521 698,3519"/>
                <Word id="tr_1_tl_139_w1" custom="readingOrder {index:0;}">
                    <Coords points="141,3488 141,3548 275,3548 275,3488"/>
                    <TextEquiv>
                        <Unicode>1928</Unicode>
                    </TextEquiv>
                </Word>
                <Word id="tr_1_tl_139_w2" custom="readingOrder {index:1;}">
                    <Coords points="327,3482 327,3542 409,3542 409,3482"/>
                    <TextEquiv>
                        <Unicode>einen</Unicode>
                    </TextEquiv>
                </Word>
                <Word id="tr_1_tl_139_w3" custom="readingOrder {index:2;}">
                    <Coords points="468,3482 468,3542 679,3542 679,3482"/>
                    <TextEquiv>
                        <Unicode>frühzeitigen</Unicode>
                    </TextEquiv>
                </Word>
                <TextEquiv>
                    <Unicode>1928 einen frühzeitigen</Unicode>
                </TextEquiv>
            </TextLine>
            <TextLine id="tr_1_tl_140" custom="readingOrder {index:139;}">
                <Coords points="224,3595 330,3570 697,3581 697,3537 664,3529 224,3537"/>
                <Baseline points="244,3567 269,3570 294,3570 320,3569 345,3567 370,3567 396,3567 421,3567 447,3567 472,3567 497,3567 523,3567 548,3567 574,3567 599,3567 624,3566 650,3564 675,3564 701,3564"/>
                <Word id="tr_1_tl_140_w1" custom="readingOrder {index:0;}">
                    <Coords points="224,3528 224,3588 297,3588 297,3528"/>
                    <TextEquiv>
                        <Unicode>lebt</Unicode>
                    </TextEquiv>
                </Word>
                <Word id="tr_1_tl_140_w2" custom="readingOrder {index:1;}">
                    <Coords points="339,3527 339,3587 396,3587 396,3527"/>
                    <TextEquiv>
                        <Unicode>als</Unicode>
                    </TextEquiv>
                </Word>
                <Word id="tr_1_tl_140_w3" custom="readingOrder {index:2;}">
                    <Coords points="428,3527 428,3587 600,3587 600,3527"/>
                    <TextEquiv>
                        <Unicode>Regisseur</Unicode>
                    </TextEquiv>
                </Word>
                <Word id="tr_1_tl_140_w4" custom="readingOrder {index:3;}">
                    <Coords points="654,3524 654,3584 679,3584 679,3524"/>
                    <TextEquiv>
                        <Unicode>in</Unicode>
                    </TextEquiv>
                </Word>
                <TextEquiv>
                    <Unicode>lebt als Regisseur in</Unicode>
                </TextEquiv>
            </TextLine>
            <TextLine id="tr_1_tl_141" custom="readingOrder {index:140;}">
                <Coords points="165,3632 213,3639 235,3621 290,3647 312,3628 363,3647 418,3628 580,3647 602,3625 693,3650 693,3577 528,3588 338,3566 246,3595 216,3573 165,3581"/>
                <Baseline points="185,3618 212,3620 239,3621 266,3621 294,3621 321,3621 348,3621 376,3620 403,3618 430,3618 458,3618 485,3618 512,3617 540,3615 567,3615 594,3615 622,3615 649,3616 676,3618 704,3618"/>
                <Word id="tr_1_tl_141_w1" custom="readingOrder {index:0;}">
                    <Coords points="170,3578 170,3638 212,3638 212,3578"/>
                    <TextEquiv>
                        <Unicode>ist</Unicode>
                    </TextEquiv>
                </Word>
                <Word id="tr_1_tl_141_w2" custom="readingOrder {index:1;}">
                    <Coords points="260,3581 260,3641 313,3641 313,3581"/>
                    <TextEquiv>
                        <Unicode>der</Unicode>
                    </TextEquiv>
                </Word>
                <Word id="tr_1_tl_141_w3" custom="readingOrder {index:2;}">
                    <Coords points="351,3578 351,3638 510,3638 510,3578"/>
                    <TextEquiv>
                        <Unicode>bekannte</Unicode>
                    </TextEquiv>
                </Word>
                <Word id="tr_1_tl_141_w4" custom="readingOrder {index:3;}">
                    <Coords points="537,3575 537,3635 680,3635 680,3575"/>
                    <TextEquiv>
                        <Unicode>Chirurg</Unicode>
                    </TextEquiv>
                </Word>
                <TextEquiv>
                    <Unicode>ist der bekannte Chirurg</Unicode>
                </TextEquiv>
            </TextLine>
            <TextLine id="tr_1_tl_142" custom="readingOrder {index:141;}">
                <Coords points="2201,4069 2410,4043 2634,4043 2700,4072 2792,4058 2792,3992 2719,3981 2487,3995 2396,3970 2374,3992 2344,3977 2201,3988"/>
                <Baseline points="2221,4042 2251,4042 2281,4042 2312,4042 2342,4040 2373,4039 2403,4039 2434,4039 2464,4039 2495,4039 2525,4039 2556,4039 2586,4039 2617,4039 2647,4039 2678,4039 2708,4039 2739,4039 2769,4038 2800,4036"/>
                <Word id="tr_1_tl_142_w1" custom="readingOrder {index:0;}">
                    <Coords points="2221,4002 2221,4062 2274,4062 2274,4002"/>
                    <TextEquiv>
                        <Unicode>der</Unicode>
                    </TextEquiv>
                </Word>
                <Word id="tr_1_tl_142_w2" custom="readingOrder {index:1;}">
                    <Coords points="2299,3999 2299,4059 2468,4059 2468,3999"/>
                    <TextEquiv>
                        <Unicode>berühmte</Unicode>
                    </TextEquiv>
                </Word>
                <Word id="tr_1_tl_142_w3" custom="readingOrder {index:2;}">
                    <Coords points="2493,3999 2493,4059 2619,4059 2619,3999"/>
                    <TextEquiv>
                        <Unicode>Wiener</Unicode>
                    </TextEquiv>
                </Word>
                <Word id="tr_1_tl_142_w4" custom="readingOrder {index:3;}">
                    <Coords points="2650,3999 2650,4059 2770,4059 2770,3999"/>
                    <TextEquiv>
                        <Unicode>Dichter</Unicode>
                    </TextEquiv>
                </Word>
                <TextEquiv>
                    <Unicode>der berühmte Wiener Dichter</Unicode>
                </TextEquiv>
            </TextLine>
            <TextLine id="tr_1_tl_143" custom="readingOrder {index:142;}">
                <Coords points="2282,4105 2355,4113 2440,4098 2528,4113 2575,4102 2601,4120 2619,4102 2689,4098 2689,4050 2642,4043 2550,4043 2502,4058 2414,4043 2359,4058 2282,4050"/>
                <Baseline points="2301,4090 2327,4090 2353,4090 2380,4090 2406,4089 2433,4087 2459,4089 2486,4089 2512,4087 2539,4086 2565,4084 2592,4084 2618,4084 2645,4084 2671,4084 2698,4084"/>
                <Word id="tr_1_tl_143_w1" custom="readingOrder {index:0;}">
                    <Coords points="2295,4050 2295,4110 2337,4110 2337,4050"/>
                    <TextEquiv>
                        <Unicode>ist</Unicode>
                    </TextEquiv>
                </Word>
                <Word id="tr_1_tl_143_w2" custom="readingOrder {index:1;}">
                    <Coords points="2355,4048 2355,4108 2469,4108 2469,4048"/>
                    <TextEquiv>
                        <Unicode>gestern</Unicode>
                    </TextEquiv>
                </Word>
                <Word id="tr_1_tl_143_w3" custom="readingOrder {index:2;}">
                    <Coords points="2506,4044 2506,4104 2685,4104 2685,4044"/>
                    <TextEquiv>
                        <Unicode>gestorben.</Unicode>
                    </TextEquiv>
                </Word>
                <TextEquiv>
                    <Unicode>ist gestern gestorben.</Unicode>
                </TextEquiv>
            </TextLine>
            <TextEquiv>
                <Unicode></Unicode>
            </TextEquiv>
        </TextRegion>
    </Page>
</PcGts>
