3248 4384
1384 288 1513 348 box
1587 294 1822 354 43/10

289 294 863 354 Schnitzler!s
932 292 1160 352 Deatl

2702 1306 2780 1366 Der
2828 1306 2929 1366 neue
2978 1305 3199 1365 mexika

2705 1360 3201 1420 Ministerpräsiden

3106 1402 3188 1462 Wide
3214 1404 3223 1464 W

2706 1408 2906 1468 Tellez.

2702 1510 2831 1570 Einfach
2865 1509 2921 1569 und
2955 1512 3050 1572 groß,
3079 1509 3134 1569 wie
3163 1510 3229 1570 erg

2709 1556 2807 1616 wollte
2850 1555 2880 1615 er
2923 1554 2995 1614 auch
3043 1554 3100 1614 das
3142 1554 3230 1614 Gesch

2704 1602 2804 1662 seinen
2847 1599 2916 1659 Tod
2970 1599 3097 1659 wissen.
3140 1599 3235 1659 Kein-

2706 1647 2787 1707 keine
2823 1644 2955 1704 Reden,
2992 1644 3073 1704 keine
3110 1644 3231 1704 Trauer

2709 1689 2864 1749 einfaches
2892 1689 3094 1749 Begräbnis,
3111 1689 3164 1749 der
3186 1688 3244 1748 Res

2717 1735 2980 1795 Spitalszwecken
3016 1731 3223 1791 zuzuwenden

2711 1781 2827 1841 gerade
2886 1778 2987 1838 darum
3066 1775 3143 1835 wird
3202 1778 3216 1838 m

313 1808 697 1868 Totenmasken
730 1802 866 1862 zweier
900 1796 1219 1856 berühmter,
1245 1793 1271 1853 in
1311 1790 1369 1850 der
1402 1784 1675 1844 Vorwoche
1708 1782 1740 1842 in
1780 1781 1903 1841 Wien
1943 1778 2321 1838 verstorbener
2347 1775 2523 1835 Männer.

2712 1823 2803 1883 tiefer
2841 1823 2900 1883 und
2944 1822 3071 1882 inniger
3105 1822 3233 1882 gedenke

1214 1837 1295 1897 Phot.
1308 1835 1401 1895 Scherb
1426 1832 1471 1892 und
1496 1832 1651 1892 Kleinberg.

2709 1870 2876 1930 Schmerz,
2928 1868 2989 1928 von
3056 1865 3157 1925 keinem

2363 1919 2532 1979 Gepränge
2570 1916 2750 1976 abgelenkt,
2782 1914 2835 1974 dem
2889 1910 2983 1970 Toten
3032 1910 3116 1970 allein
3154 1910 3222 1970 gilt.

1254 1933 1416 1993 „Reigen"
1454 1931 1514 1991 und
1552 1929 1633 1989 „Der
1661 1925 1801 1985 Schleier
1829 1922 1877 1982 der
1905 1922 2068 1982 Beatrice"
2101 1919 2230 1979 (1900),
2263 1920 2311 1980 die

132 1957 193 2017 und
225 1954 328 2014 sofort
349 1954 421 2014 tritt
448 1949 499 2009 die
525 1950 591 2010 eine
618 1946 695 2006 oder
722 1944 840 2004 andere
871 1942 1099 2002 Hauptgestalt
1135 1939 1197 1999 uns

2369 1963 2533 2023 hinterläßt
2560 1961 2640 2021 zwei
2661 1960 2794 2020 Söhne,
2827 1957 2890 2017 eine
2928 1955 3060 2015 Tochter
3093 1954 3150 2014 hat
3183 1953 3241 2013 vor

1253 1978 1545 2038 Monolognovelle
1571 1972 1748 2032 „Leutnant
1764 1968 1895 2028 Gustl",
1910 1966 2117 2026 derentwegen
2148 1966 2314 2026 Schnitzler

136 2007 191 2067 vor
224 2002 334 2062 Augen
402 1998 595 2058 „Freiwild"
634 1993 761 2053 (1896),
795 1990 1032 2050 „Paracelsus"
1072 1984 1204 2044 (1899),

2363 2009 2484 2069 Jahren
2527 2005 2722 2065 Selbstmord
2765 2002 2950 2062 begangen,
2993 2002 3072 2062 seine
3109 1999 3236 2059 geschied

1785 2014 1850 2074 auch
1876 2011 1926 2071 des
1947 2011 2216 2071 Offizietsranges
2242 2010 2312 2070 ver¬

2368 2054 2429 2114 lebt
2466 2052 2491 2112 in
2534 2050 2662 2110 Berlin.
2693 2049 2750 2109 Ein
2792 2047 2905 2107 reicher
2942 2047 3076 2107 Nachlaß
3108 2047 3184 2107 wird
3211 2040 3226 2100 v

1780 2059 1873 2119 lustig
1910 2058 2024 2118 erklärt
2062 2056 2181 2116 wurde,
2229 2056 2312 2116 „Der

2369 2102 2459 2162 Horch
2493 2098 2549 2158 auf
2572 2096 2696 2156 Wunsch
2730 2095 2780 2155 des
2810 2094 3040 2154 Verstorbenen
3069 2092 3221 2152 gesichtet.

1785 2104 1921 2164 einsame
2007 2098 2080 2158 Weg

2176 2101 2314 2161 (1903),

1787 2149 2060 2209 „Zwischenspie!"
2084 2146 2211 2206 (1905),
2241 2146 2298 2206 sein

1782 2196 1917 2256 einziger
1949 2190 2088 2250 Roman,
2115 2190 2198 2250 „Der
2230 2191 2302 2251 Weg

1786 2241 1835 2301 ins
1880 2236 1996 2296 Freie"
2047 2235 2175 2295 (1908),
2225 2235 2308 2295 „Der

1788 2286 1880 2346 junge
1919 2280 2121 2340 Medardus"
2181 2280 2317 2340 (1910),

1788 2332 1878 2392 „Das
1895 2328 1985 2388 weite
2002 2325 2098 2385 Land=
2114 2325 2242 2385 (1911),
2254 2323 2306 2383 das

1790 2372 2049 2432 vielumstrittene
2081 2370 2174 2430 Stück
2211 2368 2314 2428 „Pro-

1786 2424 1883 2484 fessor
1929 2415 2129 2475 Bernhardi"
2188 2415 2319 2475 (1912),

2245 2806 2362 2866 Seite
2403 2803 2421 2863 4

201 3068 571 3128 150-Jahrfeier
615 3059 682 3119 des
727 3053 1208 3113 Toleranz-Edikts
1259 3045 1295 3105 in
1351 3042 1419 3102 der
1469 3037 1765 3097 Tschecho-

206 3119 488 3179 slowakei:
518 3109 889 3169 Kirchenpräsident
907 3103 971 3163 der
1002 3101 1302 3161 Evangelischen
1332 3091 1461 3151 Kirche
1485 3089 1532 3149 A.
1544 3088 1591 3148 B.
1615 3086 1755 3146 Dektor

217 3168 649 3228 Wehrenpfennig
690 3156 903 3216 überreicht
932 3152 995 3212 den
1031 3148 1249 3208 Vertretern
1278 3146 1335 3206 der
1359 3143 1567 3203 Gemeinde
1596 3136 1757 3196 Haber

211 3220 273 3280 bei
296 3218 460 3278 Auscha,
477 3215 539 3275 der
568 3210 743 3270 ersten
777 3204 1191 3264 evangelischen
1231 3193 1428 3253 Gemeinde
1457 3192 1519 3252 des
1542 3187 1756 3247 damaligen

216 3265 547 3325 österreichischen
590 3261 921 3321 Staatsgebietes,
947 3254 1028 3314 eine
1063 3249 1261 3309 Spende
1295 3244 1361 3304 für
1386 3242 1452 3302 das
1487 3238 1759 3298 Evangelische
