3392 4320
106 315 175 375 12

1402 306 1523 366 box
1601 306 1838 366 43/25

292 318 883 378 Schnitzler's
952 313 1193 373 Deatl

1718 1017 2423 1077 OBSERVER

1807 1085 1832 1145 I.
1845 1079 1967 1139 österr.
1976 1073 2128 1133 behördl.
2141 1062 2441 1122 konzessioniertes

1760 1121 1996 1181 Unternehmen
2028 1114 2075 1174 für
2102 1103 2493 1163 Zeitungs-Ausschnitte

1811 1178 1955 1238 WIEN,
1982 1178 2028 1238 I.,
2055 1169 2353 1229 WOLLZEILE
2401 1160 2446 1220 11

1919 1226 2136 1286 TELEPHON
2173 1217 2349 1277 R-23-0-43

1723 1372 2093 1432 AusschN
2215 1379 2536 1439 TAEBLATT

2144 1525 2231 1585 eent

2225 1576 2284 1636 3
2336 1572 2473 1632 OKT.
2491 1572 2592 1632 1937

1730 1602 1847 1662 vom:

1767 1731 2164 1791 SCHNITZLERS
2204 1752 2542 1812 BEGRARNIS.

1627 1787 1723 1847 Unser
1742 1796 2003 1856 Korrespondent
2022 1805 2142 1865 drahtet
2168 1809 2221 1869 aus
2246 1812 2349 1872 Wien:
2369 1819 2453 1879 Still,
2472 1821 2544 1881 aber
2569 1829 2726 1889 ungemein

1564 1830 1814 1890 eindrucksvoll,
1836 1838 1965 1898 vollzog.
1978 1841 2034 1901 sich
2064 1848 2154 1908 heute
2185 1851 2236 1911 das
2262 1858 2430 1918 Begräbnis
2461 1866 2572 1926 Arthur
2599 1874 2740 1934 Schnitz-

1560 1869 1641 1929 lers.
1693 1877 1723 1937 In
1771 1878 1826 1938 der
1857 1881 1934 1941 Villa
1978 1886 2029 1946 des
2060 1893 2201 1953 Dichters
2245 1899 2339 1959 waren
2387 1905 2477 1965 nebst
2516 1910 2567 1970 der
2602 1916 2727 1976 Familie

1564 1912 1609 1972 die
1660 1919 1801 1979 Freunde
1851 1922 1905 1982 des
1952 1930 2072 1990 Hauses
2123 1940 2335 2000 versammelt.
2398 1948 2452 2008 Die
2507 1956 2614 2016 Leiche
2665 1958 2727 2018 war

1558 1957 1587 2017 im
1650 1964 1883 2024 Schlafzimmer
1934 1972 2134 2032 aufgebahrt.
2202 1982 2243 2042 Am
2306 1990 2402 2050 Fusse
2457 1993 2511 2053 des
2561 2001 2719 2061 einfachen

1132 2019 1191 2079 R

1562 2000 1746 2060 Holzsarges
1772 2008 1853 2068 lagen
1883 2013 2024 2073 Blumen,
2046 2019 2190 2079 darunter
2221 2024 2259 2084 ein
2294 2031 2387 2091 Kranz
2418 2033 2468 2093 des
2494 2043 2729 2103 Burgtheaters.

459 2031 734 2091 OBS

1564 2041 1626 2101 Der
1647 2048 1829 2108 Leichenzug
1859 2053 1924 2113 fuhr
1946 2056 1974 2116 am
2016 2064 2215 2124 Burgtheater
2240 2070 2348 2130 vorbei
2365 2076 2414 2136 zum
2452 2083 2613 2143 Friedhol.
2647 2090 2725 2150 Dort

562 2090 588 2150 I.
603 2088 721 2148 österr.
735 2082 886 2142 behördl.
896 2075 1197 2135 konzessioniertes

1550 2084 1650 2144 batten
1684 2089 1742 2149 sich
1776 2095 1947 2155 zahlreiche
1977 2106 2215 2166 Schriftsteller,
2241 2114 2400 2174 Vertreter
2434 2120 2483 2180 des
2513 2130 2722 2190 Unterrichts¬

510 2130 749 2190 Unternehmen
778 2124 829 2184 für
853 2115 1244 2175 Zeitungs-Ausschnitte

1556 2132 1780 2192 ministeriums
1810 2139 1867 2199 und
1901 2141 1951 2201 des
1984 2149 2167 2209 erkrankten
2205 2160 2483 2220 Bürgermeisters,
2504 2171 2608 2231 ferner
2641 2177 2716 2237 viele

568 2188 716 2248 WIEN,
745 2187 794 2247 I.,
816 2178 1107 2238 WOLLZEILE
1157 2174 1199 2234 11

1551 2175 1723 2235 Mitglieder
1754 2180 1807 2240 des
1839 2186 2073 2246 Burgtheaters,
2100 2194 2153 2254 des
2184 2202 2357 2262 Deutschen
2393 2213 2627 2273 Volkstheaters
2659 2219 2711 2279 und

671 2236 889 2296 TELEPHON
921 2229 1101 2289 R-23-0-43

1551 2217 1687 2277 anderer
1709 2223 1833 2283 Bübnen
1860 2231 2084 2291 eingefunden.
2102 2238 2128 2298 In
2156 2241 2208 2301 der
2231 2249 2517 2309 Zeremonienhalle
2540 2261 2711 2321 sprach-éin

1552 2261 1671 2321 Kantor
1695 2265 1743 2325 ein
1772 2268 1887 2328 Gebet,
1911 2275 2030 2335 worauf
2055 2281 2103 2341 der
2132 2286 2203 2346 Sarg
2233 2290 2266 2350 zu
2300 2292 2395 2352 Grabe
2424 2299 2568 2359 getragen
2602 2307 2721 2367 wurde.

1556 2301 1616 2361 Dem
1666 2309 1813 2369 Wunsche
1850 2313 1899 2373 des
1936 2324 2181 2384 Verblichenen,
2194 2335 2414 2395 entsprechend
2452 2345 2574 2405 wurden
2617 2351 2709 2411 keine

1546 2349 1646 2409 Reden
1686 2357 1849 2417 gehalten.

488 2387 673 2447 auesin
723 2381 790 2441 e
840 2391 908 2451 ae
935 2408 1049 2468 he
1099 2447 1167 2507 e
1217 2486 1308 2546 e.

481 2611 597 2671 vom:

857 2634 947 2694 23.
970 2626 1103 2686 OKT.
1124 2618 1215 2678 1937

439 2793 611 2853 Das
679 2793 1591 2853 Leichenbegängnis
1638 2796 2005 2856 Arthur
2052 2793 2659 2853 Schnitzlers.

1141 2897 1265 2957 Wien,
1283 2895 1328 2955 23.
1352 2894 1488 2954 Oktober.

1578 2897 1702 2957 direktor
1741 2899 1855 2959 Hartl,
1894 2896 1941 2956 von
1990 2896 2037 2956 Ner
2086 2897 2315 2957 Ffraetirischen.
2335 2897 2592 2957 Kultusgemeinde
2632 2896 2679 2956 die

485 2942 526 3002 In
557 2942 604 3002 den
635 2942 882 3002 Morgenstunden
919 2945 1014 3005 bereits
1051 2943 1147 3003 fanden
1185 2944 1232 3004 sich
1263 2943 1413 3003 zahlreiche
1443 2941 1521 3001 Leid¬

1564 2945 1749 3005 Präsidenten
1778 2945 1858 3005 Pick,
1877 2945 2026 3005 Ornstein,
2051 2946 2218 3006 Löwenherz
2242 2945 2293 3005 und
2323 2945 2555 3005 Regierungsrat
2578 2943 2687 3003 Fuchs¬

401 2990 533 3050 tragende
563 2992 591 3052 im
632 2990 828 3050 Trauerhause
857 2988 921 3048 ein.
945 2991 1013 3051 Man
1049 2992 1094 3052 sah
1124 2990 1205 3050 unter
1234 2990 1314 3050 ihnen
1349 2990 1413 3050 Dr.
1437 2989 1522 3049 Beer¬

1569 2993 1639 3053 gelb,
1658 2993 1752 3053 ferner
1782 2992 1829 3052 der
1865 2992 2012 3052 Präsident
2049 2992 2089 3052 der
2119 2991 2315 3051 „Concordia"
2345 2990 2486 3050 Lipschütz
2511 2990 2563 3050 und
2599 2990 2687 3050 Vize¬

402 3036 575 3096 Hofmann,
597 3037 748 3097 Präsident
776 3035 840 3095 Dr.
863 3037 976 3097 Thenen
1014 3036 1062 3096 von
1101 3036 1143 3096 der
1177 3035 1426 3095 Aerztekammer,
1448 3035 1523 3095 PPro¬

1566 3038 1709 3098 präsident
1732 3038 1792 3098 Dr.
1804 3038 1997 3098 Reichmann,
2014 3038 2058 3098 der
2080 3039 2284 3099 Herausgeber
2307 3038 2362 3098 und
2390 3038 2611 3098 Chefredakteur
2634 3038 2683 3098 der

404 3080 486 3140 fessor
516 3082 651 3142 Billiter,
675 3082 716 3142 die
746 3082 864 3142 Dichter
888 3083 1070 3143 Schönherr,
1094 3082 1206 3142 Werfel
1236 3083 1289 3143 mit
1319 3082 1418 3142 Frau,
1442 3082 1518 3142 Felix

1566 3085 1679 3145 „Neuen
1730 3085 1831 3145 Freien
1882 3085 1994 3145 Presse"
2046 3085 2107 3145 Dr.
2136 3085 2231 3145 Ernst
2271 3085 2429 3145 Benedikt,
2475 3081 2683 3141 Universitäts¬

400 3127 526 3187 Salten,
549 3128 642 3188 ferner
671 3128 764 3188 Jakob
798 3130 1014 3190 Feldhammer,
1036 3130 1146 3190 Hofrat
1174 3130 1257 3190 Hugo
1285 3130 1423 3190 Thimig,
1445 3129 1522 3189 Pro¬

1566 3130 1701 3190 professor
1748 3133 1871 3193 Hupka,
1912 3130 2081 3190 Primarius
2128 3131 2195 3191 Dr.
2224 3130 2354 3190 Breuer,
2394 3130 2501 3190 Hofrat
2542 3130 2682 3190 Reimers

403 3176 485 3236 fessor
508 3175 591 3235 Paul
609 3176 813 3236 Weingarten,
831 3177 869 3237 die
898 3178 1075 3238 Professoren
1103 3178 1208 3238 Mandl
1231 3178 1286 3238 und
1309 3178 1525 3238 Baumgarten,

1566 3178 1594 3238 in
1623 3178 1797 3238 Vertretung
1826 3180 1870 3240 des
1899 3178 2052 3238 Direktors
2081 3178 2255 3238 Wildgans,
2273 3178 2414 3238 Direktor
2443 3175 2685 3235 Kommerzialrat

400 3222 508 3282 Hofrat
536 3223 747 3283 Frankfurter,
769 3223 867 3283 Maler
894 3224 1051 3284 Schneider
1080 3224 1111 3284 u.
1139 3223 1165 3283 a.

1566 3223 1665 3283 Anton
1688 3226 1842 3286 Geiringer
1865 3224 1886 3284 in
1915 3226 2085 3286 Vertretung
2108 3225 2152 3285 des
2180 3223 2334 3283 Direktors
2357 3222 2418 3282 Dr.
2435 3223 2522 3283 Beer,
2540 3223 2683 3283 Professor

482 3267 547 3327 Die
572 3267 662 3327 Leiche
686 3268 746 3328 war
771 3269 794 3329 im
831 3270 1053 3330 Schlafzimmer
1085 3269 1126 3329 des
1151 3270 1283 3330 Dichters
1314 3269 1392 3329 neben
1423 3270 1506 3330 seinem

1572 3270 1785 3330 Glücksmann,
1803 3270 1872 3330 Max
1890 3270 2028 3330 Paulsen,
2046 3270 2156 3330 Hedwig
2179 3269 2346 3329 Bleibtreu,
2364 3269 2398 3329 die
2417 3268 2682 3328 Burgschauspieler

398 3312 484 3372 Bette
514 3315 698 3375 aufgebahrt.
728 3315 774 3375 Zu
810 3315 907 3375 Füßen
949 3316 994 3376 des
1030 3318 1145 3378 Sarges
1181 3318 1255 3378 lagen
1297 3315 1365 3375 zwei
1395 3315 1527 3375 Kränze,

1573 3317 1680 3377 Aslan,
1705 3318 1825 3378 Auguste
1849 3318 2024 3378 Pünkösdy,
2043 3316 2169 3376 Stiaßny
2199 3316 2247 3376 und
2278 3316 2386 3376 Moser,
2405 3315 2512 3375 Hofrat
2531 3315 2693 3375 Herterich,

405 3358 478 3418 einer
505 3362 552 3422 von
584 3363 662 3423 ihnen
695 3361 752 3421 war
779 3360 821 3420 der
848 3360 889 3420 des
916 3363 1148 3423 Burgtheaters,
1170 3364 1248 3424 sowie
1275 3363 1359 3423 einige
1386 3363 1523 3423 Bukette.

1571 3363 1659 3423 ferner
1692 3365 1797 3425 Gustav
1831 3363 1974 3423 Waldau,
2002 3364 2140 3424 Adrienne
2169 3363 2307 3423 Geßner,
2329 3363 2411 3423 Paul
2440 3363 2572 3423 Kalbeck,
2600 3363 2683 3423 Hans

400 3404 496 3464 Gegen
525 3409 604 3469 ½12
633 3408 688 3468 Uhr
712 3408 802 3468 wurde
825 3408 870 3468 der
894 3409 972 3469 Sarg
995 3411 1153 3471 geschlossen
1182 3411 1233 3471 und
1256 3411 1307 3471 auf
1330 3411 1375 3471 das
1398 3411 1522 3471 Leichen¬

1569 3411 1700 3471 Thimig,
1734 3411 1833 3471 Paula
1861 3410 1999 3470 Wessely,
2033 3410 2170 3470 Direktor
2198 3410 2264 3470 Dr.
2287 3410 2457 3470 Preminger
2502 3407 2551 3467 und
2585 3407 2684 3467 Alfred

399 3451 468 3511 auto
505 3455 643 3515 gehoben.
675 3454 744 3514 Nun
782 3455 930 3515 formierte
968 3457 1015 3517 sich
1054 3457 1095 3517 der
1133 3458 1318 3518 Trauerzug,
1351 3457 1436 3517 voran
1473 3456 1526 3516 das

1576 3456 1761 3516 Neugebauer
1792 3457 1840 3517 vom
1889 3458 2068 3518 Josefstädter
2099 3458 2237 3518 Theater,
2262 3457 2303 3517 die
2334 3456 2538 3516 Schriftsteller
2563 3455 2689 3515 Werfel,

399 3500 584 3560 Leichenauto
621 3499 672 3559 und
708 3501 894 3561 anschließend
930 3501 971 3561 die
1002 3502 1100 3562 Autos
1132 3505 1188 3565 mit
1214 3505 1260 3565 den
1302 3503 1523 3563 Trauergästen.

1566 3503 1630 3563 Dr.
1647 3503 1900 3563 Beer=Hofmann,
1917 3503 1977 3563 Dr.
1988 3503 2085 3563 Raoul
2107 3503 2329 3563 Auernheimer,
2340 3502 2447 3562 Hofvat
2464 3502 2550 3562 Ernst
2572 3500 2691 3560 Lothar,

1568 3548 1632 3608 Dr.
1660 3550 1762 3610 Julian
1800 3548 1972 3608 Sternberg,
2000 3550 2113 3610 Walter
2140 3550 2253 3610 Angel,
2275 3548 2345 3608 Otto
2373 3548 2545 3608 Eisenschitz,
2567 3548 2685 3608 Doktor

396 3545 459 3605 Der
481 3547 544 3607 Zug
571 3548 644 3608 nahm
682 3548 766 3608 seinen
799 3549 862 3609 Weg
889 3548 920 3608 am
963 3551 1153 3611 Burgtheater
1180 3550 1274 3610 vorbei
1296 3551 1343 3611 zum
1386 3551 1523 3611 Zentral¬

1574 3596 1649 3656 Paul
1676 3596 1886 3656 Wertheimer,
1919 3596 2048 3656 Heinrich
2081 3595 2194 3655 Eduard
2227 3595 2340 3655 Jakob,
2378 3594 2485 3654 Robert
2518 3596 2690 3656 Neumann,

403 3593 553 3653 friedhofe.
575 3595 619 3655 In
652 3595 699 3655 der
727 3596 998 3656 Zeremonienhalle
1025 3598 1116 3658 sprach
1144 3598 1333 3658 Oberkantor
1361 3599 1522 3659 Fischer

1574 3642 1651 3702 Felix
1679 3642 1800 3702 Braun,
1817 3644 1927 3704 Arnold
1955 3643 2109 3703 Höllriegel
2138 3642 2193 3702 und
2221 3643 2259 3703 die
2287 3642 2403 3702 Brüder
2426 3641 2519 3701 Goltz,
2542 3643 2685 3703 Professor

400 3638 442 3698 ein
470 3640 572 3700 Gebet.
594 3643 654 3703 Auf
676 3641 713 3701 dem
752 3643 843 3703 Wege
866 3644 914 3704 zum
952 3644 1049 3704 Grabe
1077 3647 1233 3707 zelebrierte
1256 3645 1293 3705 der
1321 3646 1385 3706 erste
1408 3644 1521 3704 Kuntor

1571 3687 1694 3747 Charles
1722 3688 1927 3748 Weinberger,
1955 3687 2030 3747 Karl
2058 3688 2133 3748 Lahm
2177 3687 2225 3747 vom
2274 3687 2382 3747 Verlag
2415 3688 2550 3748 Ullstein,
2572 3688 2685 3748 Doktor

401 3685 474 3745 Groß
515 3688 555 3748 die
577 3688 825 3748 Trauergesänge.

1570 3733 1671 3793 Silber
1696 3735 1743 3795 von
1774 3736 1816 3796 der
1841 3733 2022 3793 Gesellschaft
2041 3733 2088 3793 der
2107 3735 2306 3795 dramatischen
2337 3735 2541 3795 Schriftsteller
2566 3735 2596 3795 u.
2614 3736 2644 3796 v.
2663 3736 2692 3796 a.

484 3731 547 3791 Auf
599 3732 651 3792 dem
721 3736 988 3796 Zentralfriedhofe
1041 3736 1139 3796 hatten
1197 3737 1249 3797 sich
1314 3737 1527 3797 eingefunden:

383 3778 409 3838 in
437 3781 618 3841 Vertretung
646 3781 692 3841 des
720 3781 996 3841 Bundesministers
1024 3781 1070 3841 für
1098 3783 1266 3843 Unterricht
1293 3784 1502 3844 Ministerialra

1653 3788 1695 3848 Im
1739 3787 1998 3847 Zentralfriedhofe
2023 3788 2084 3848 traf
2110 3787 2158 3847 der
2184 3788 2263 3848 Sarg
2295 3787 2349 3847 mit
2375 3788 2424 3848 der
2449 3789 2541 3849 Leiche
2573 3789 2603 3849 um
2646 3787 2689 3847 die

386 3826 448 3886 Dr.
459 3829 651 3889 Wieser=Koch
683 3829 734 3889 und
755 3829 953 3889 Sektionsrat
975 3830 1224 3890 Thomasberger,
1240 3832 1521 3892 Generalintendant

1569 3834 1799 3894 Mittagsstunde
1829 3834 1881 3894 ein.
1906 3832 1946 3892 Er
1970 3834 2065 3894 wurde
2095 3833 2118 3893 in
2142 3835 2188 3895 der
2212 3835 2484 3895 Zeremonienhalle
2508 3835 2690 3895 aufgebahrt.

391 3873 624 3933 Schneiderhan,
641 3873 688 3933 für
715 3873 757 3933 den
790 3873 1098 3933 Bundespressedienst
1120 3876 1225 3936 Hofrat
1252 3876 1454 3936 Engelmann,
1476 3876 1518 3936 für

1570 3876 1647 3936 Nach
1678 3877 1726 3937 den
1757 3879 1980 3939 Trauergebeten
2017 3881 2119 3941 erfolgt
2144 3879 2185 3939 die
2217 3879 2379 3939 Beisetzung
2410 3882 2433 3942 in
2470 3883 2512 3943 dem
2561 3880 2609 3940 von
2640 3878 2681 3938 der

388 3918 433 3978 den
466 3921 640 3981 erkrankten
673 3921 905 3981 Bürgermeister
932 3921 1067 3981 Stadtrat
1094 3924 1223 3984 Tandler
1249 3924 1306 3984 und
1333 3924 1526 3984 Magistrats¬

1568 3924 1777 3984 Israelitischen
1811 3927 2065 3987 Kultusgemeinde
2092 3927 2264 3987 gewidmeten
2298 3930 2497 3990 Ehrengrabe.
