3248 4384
339 272 821 332 Schnitzler
889 277 925 337 s
992 273 1229 333 Deatl

1442 273 1571 333 box
1645 279 1887 339 43/10

2178 122 2322 182 WIEN.

2268 178 2483 238 TELEPHON
2517 199 2693 259 R-23-0-43

2053 301 2281 361 Ausschnitt
2307 315 2400 375 aus:

2304 381 2438 441 AXVKE
2471 394 2630 454 FIENEE
2663 405 2816 465 JOUNEA

2352 470 2415 530 2°
2456 476 2558 536 OKT
2614 480 2677 540 13

1905 652 2026 712 Die
2090 658 2294 718 dihe.
2338 668 2544 728 Menee
2609 681 3060 741 Schmihlets.

2290 800 2436 860 Georges
2469 808 2654 868 Duhamel.

2289 863 2351 923 Aus
2378 866 2456 926 einem
2498 873 2649 933 Gespräch.

2209 919 2268 979 Der
2318 924 2458 984 bekannte
2514 932 2692 992 französische
2747 937 2861 997 Dichter
2926 945 3056 1005 Georges

2098 966 2240 1026 Duhamel
2272 971 2335 1031 traf
2362 975 2467 1035 gestern
2510 977 2530 1037 in
2573 979 2652 1039 Wien
2711 984 2753 1044 ein
2790 987 2842 1047 und
2880 990 2943 1050 hält
2975 995 3053 1055 heute

2094 1014 2180 1074 abend
2235 1016 2261 1076 im
2305 1022 2433 1082 Rahmen
2493 1026 2541 1086 der
2590 1031 2768 1091 Gesellschaft
2817 1036 2865 1096 der
2914 1044 3048 1104 Freunde

2094 1062 2279 1122 französischer
2311 1070 2448 1130 Studien,
2476 1073 2549 1133 deren
2582 1082 2857 1142 Ehrenpräsidenten
2890 1088 2937 1148 der
2953 1091 3053 1151 Rektor

2095 1109 2137 1169 der
2175 1113 2353 1173 Universität
2386 1121 2528 1181 Professor
2565 1126 2681 1186 Rudolf
2708 1132 2834 1192 Maresch
2893 1137 2945 1197 und
3003 1140 3050 1200 der

2091 1161 2266 1221 französische
2289 1166 2427 1226 Gesandte
2449 1171 2526 1231 Graf
2548 1174 2669 1234 Clauzel
2686 1178 2758 1238 sind,
2780 1181 2802 1241 im
2841 1186 3050 1246 Pathologisch¬

2091 1211 2289 1271 anatomischen
2323 1215 2457 1275 Institut
2490 1219 2565 1279 einen
2604 1225 2732 1285 Vortrag
2771 1229 2835 1289 über
2868 1232 2954 1292 kleine
2987 1235 3046 1295 Ge¬

2084 1259 2226 1319 heimnisse
2259 1262 2301 1322 der
2333 1269 2529 1329 französischen
2567 1274 2704 1334 Sprache.

1964 1319 2007 1379 In
2040 1315 2088 1375 die
2115 1320 2250 1380 Freude,
2272 1324 2385 1384 wieder
2413 1327 2439 1387 in
2472 1329 2558 1389 Wien
2591 1333 2671 1393 einen
2711 1339 2845 1399 Vortrag
2878 1345 2974 1405 halten
3013 1346 3039 1406 zu

1859 1360 1995 1420 können,
2028 1366 2127 1426 mischt
2159 1369 2206 1429 sich
2244 1373 2385 1433 diesmal
2418 1378 2507 1438 tiefer
2539 1383 2712 1443 Schmerz:
2760 1387 2860 1447 Unter
2913 1393 3034 1453 meinen

1858 1408 1982 1468 Wiener
2018 1414 2179 1474 Freunden
2220 1418 2290 1478 muß
2326 1422 2365 1482 ich
2401 1423 2497 1483 leider
2532 1428 2617 1488 einen
2659 1430 2708 1490 der
2744 1437 3035 1497 hervorragendsten

1857 1459 2038 1519 vermissen,
2050 1462 2149 1522 Artur
2172 1468 2353 1528 Schnitzler,
2365 1471 2414 1531 der
2437 1474 2497 1534 mir
2520 1477 2646 1537 deshalb
2675 1480 2834 1540 besonders
2857 1488 2928 1548 nahe
2945 1489 3044 1549 stand,

1853 1504 1930 1564 weil
1941 1506 1968 1566 er
1991 1509 2090 1569 ebenso
2108 1511 2162 1571 wie
2185 1514 2217 1574 ich
2240 1515 2283 1575 den
2306 1520 2466 1580 ärztlichen
2495 1523 2594 1583 Beruf
2611 1528 2765 1588 ausgeübt
2782 1531 2848 1591 hat.
2871 1534 2926 1594 Nie
2943 1537 3042 1597 werde

1854 1554 1894 1614 ich
1929 1556 2009 1616 seine
2044 1559 2154 1619 Worte
2183 1566 2355 1626 vergessen,
2385 1569 2430 1629 die
2466 1570 2495 1630 er
2530 1573 2569 1633 an
2610 1576 2679 1636 mich
2737 1580 2893 1640 anläßlich
2951 1584 3037 1644 eines

1848 1605 2032 1665 Empfangs
2067 1607 2095 1667 im
2148 1610 2274 1670 Wiener
2327 1617 2471 1677 Penklub
2530 1622 2558 1682 im
2628 1626 2737 1686 Jahre
2766 1629 2841 1689 1923
2899 1632 3037 1692 richtete:

1847 1654 1940 1714 „Nur
1968 1655 2056 1715 wenn
2090 1658 2155 1718 man
2189 1662 2238 1722 als
2267 1664 2382 1724 Mensch
2415 1668 2530 1728 human
2564 1671 2752 1731 empfindet,
2774 1676 2845 1736 kann
2884 1679 2950 1739 man
2984 1683 3033 1743 als

1849 1701 1972 1761 Dichter
2026 1707 2197 1767 Mithelfer
2251 1713 2286 1773 am
2357 1717 2469 1777 großen
2529 1722 2919 1782 Versöhnungsgedanken
2978 1730 3036 1790 der

1845 1748 1934 1808 Welt
1971 1751 2047 1811 sein.

1955 1799 2020 1859 Das
2063 1804 2196 1864 Prinzip
2233 1806 2280 1866 der
2323 1811 2522 1871 Humanität
2553 1814 2637 1874 hatte
2668 1819 2710 1879 ich
2741 1823 2824 1883 ganz
2862 1825 3030 1885 besonders

1842 1847 1991 1907 während
2027 1850 2078 1910 der
2108 1856 2310 1916 Kriegsjahre
2339 1862 2577 1922 hochzuhalten.
2600 1867 2657 1927 Ich
2687 1867 2773 1927 stand
2803 1869 2831 1929 im
2879 1874 3016 1934 Zentrum

1844 1893 1894 1953 der
1918 1898 2126 1958 französischen
2155 1904 2273 1964 Front,
2291 1906 2346 1966 vor
2369 1909 2515 1969 Verdun.
2533 1913 2691 1973 Hunderte
2714 1916 2843 1976 deutsche
2872 1922 3018 1982 Soldaten

1842 1945 1966 2005 wurden
2001 1947 2029 2007 in
2063 1948 2142 2008 mein
2177 1952 2386 2012 chirurgisches
2420 1956 2539 2016 Spital
2585 1963 2782 2023 eingeliefert
2817 1967 2872 2027 und
2925 1969 3031 2029 selbst¬

1839 1993 2037 2053 verständlich
2076 1996 2136 2056 mit
2165 1998 2219 2058 der
2264 2002 2391 2062 gleichen
2441 2007 2661 2067 Aufopferung
2701 2013 2761 2073 wie
2795 2015 2899 2075 unsere
2944 2018 3026 2078 Ver¬

1837 2041 1996 2101 wundeten
2030 2047 2184 2107 gepflegt.
2223 2049 2267 2109 Es
2301 2052 2422 2112 wurden
2461 2054 2521 2114 mir
2549 2060 2620 2120 auch
2671 2062 2836 2122 zahlreiche
2887 2066 3019 2126 deutsche

1835 2093 2121 2153 Kriegsgefangene
2150 2095 2199 2155 als
2227 2100 2485 2160 Krankenwärter
2514 2107 2679 2167 zugeteilt,
2701 2110 2756 2170 mit
2779 2112 2872 2172 denen
2906 2116 2943 2176 ich
2972 2116 3021 2176 die

1835 2139 1928 2199 besten
1962 2143 2182 2203 Erfahrungen
2216 2147 2349 2207 machte.
2366 2152 2526 2212 Inmitten
2565 2154 2614 2214 der
2649 2160 2874 2220 Kriegsgreuel
2903 2163 2952 2223 gab
2986 2164 3018 2224 es

1833 2187 1917 2247 einen
1952 2190 2048 2250 Platz,
2071 2193 2121 2253 den
2150 2193 2212 2253 wir
2235 2198 2410 2258 Franzosen
2444 2203 2488 2263 als
2518 2205 2772 2265 „évangélique"
2800 2211 3026 2271 bezeichneten,

1830 2233 1886 2293 den
1915 2238 2084 2298 Hilfsplatz
2102 2241 2152 2301 für
2175 2244 2220 2304 die
2243 2246 2441 2306 Blessierten.
2458 2253 2537 2313 Hier
2560 2255 2661 2315 fragte
2685 2255 2751 2315 man
2780 2260 2876 2320 nicht,
2894 2262 3017 2322 welcher

1830 2286 2051 2346 Nationalität
2073 2289 2121 2349 der
2149 2292 2268 2352 Körper
2295 2298 2479 2358 angehörte,
2501 2301 2549 2361 der
2577 2301 2631 2361 auf
2653 2304 2706 2364 dem
2745 2310 3009 2370 Operationstisch

1825 2332 1899 2392 lag.
1923 2336 2078 2396 Vielleicht
2108 2339 2142 2399 ist
2166 2340 2275 2400 gerade
2305 2343 2374 2403 über
2403 2347 2501 2407 dieses
2531 2352 2721 2412 Ehrenblatt
2751 2355 2802 2415 der
2831 2361 3016 2421 Menschheit

1830 2379 1894 2439 noch
1927 2381 2002 2441 nicht
2024 2386 2180 2446 genügend
2213 2390 2390 2450 geschrieben
2423 2396 2568 2456 worden,
2585 2399 2660 2459 denn
2693 2403 2725 2463 an
2758 2405 2849 2465 diesen
2877 2408 3005 2468 Stätten

1828 2429 1949 2489 größter
1982 2432 2077 2492 Qual
2105 2435 2193 2495 siegte
2221 2438 2270 2498 die
2298 2442 2498 2502 Humanität
2526 2447 2603 2507 aller
2632 2451 2897 2511 Kriegführenden
2937 2457 3008 2517 über

1828 2475 1878 2535 den
1912 2482 2002 2542 Haß.
2025 2483 2070 2543 In
2110 2484 2222 2544 meinen
2262 2492 2505 2552 Kriegsbüchern
2545 2495 2623 2555 „Vie
2652 2496 2702 2556 des
2737 2501 2928 2561 Martyrs",
2946 2504 3002 2564 und

1824 2528 2072 2588 „Civilisation"
2107 2531 2176 2591 habe
2206 2533 2246 2593 ich
2281 2538 2379 2598 meine
2408 2543 2680 2603 Fronterlebnisse
2710 2550 2784 2610 ganz
2837 2552 3016 2612 realistisch,

1823 2576 1882 2636 mit
1909 2576 2000 2636 voller
2029 2581 2320 2641 Namensnennung
2347 2588 2400 2648 der
2423 2590 2563 2650 Kranken
2596 2594 2714 2654 erzählt
2736 2596 2795 2656 und
2829 2599 2892 2659 noch
2920 2603 3006 2663 heute

1824 2622 1959 2682 besuchen
1997 2626 2067 2686 mich
2100 2627 2143 2687 oft
2170 2632 2262 2692 solche
2295 2638 2571 2698 Kriegspatienten
2609 2643 2668 2703 aus
2701 2644 2776 2704 allen
2831 2650 2998 2710 möglichen

1824 2671 1971 2731 Staaten.
1995 2676 2063 2736 Für
2097 2675 2148 2735 den
2183 2681 2382 2741 moralischen
2417 2687 2508 2747 Wert
2537 2689 2633 2749 dieser
2668 2692 2788 2752 Bücher
2817 2697 2930 2757 spricht
2960 2699 3004 2759 die

1820 2722 1976 2782 Tatsache,
2002 2725 2058 2785 daß
2090 2727 2127 2787 sie
2153 2728 2184 2788 in
2216 2729 2291 2789 etwa
2342 2737 2485 2797 zwanzig
2537 2740 2800 2800 Kultursprachen
2857 2749 3001 2809 übersegt

1818 2768 1970 2828 wurden.

1932 2820 2150 2880 Gegenwärtig
2186 2826 2237 2886 bin
2273 2826 2317 2886 ich
2353 2829 2413 2889 mit
2448 2832 2501 2892 der
2537 2836 2711 2896 Abfasung
2747 2840 2834 2900 eines
2861 2843 3000 2903 Kinder¬

1818 2864 1949 2924 romans
1977 2869 2170 2929 beschäftigt,
2193 2874 2242 2934 der
2270 2877 2412 2937 gleichsam
2457 2878 2506 2938 der
2535 2885 2666 2945 Jugend
2694 2886 2749 2946 den
2783 2889 2914 2949 Spiegel
2943 2893 2992 2953 der

1820 2913 1955 2973 Zukunft
1978 2916 2034 2976 vor
2057 2918 2158 2978 Augen
2193 2922 2294 2982 führen
2329 2925 2396 2985 soll.
2413 2930 2570 2990 Außerdem
2611 2934 2740 2994 schreibe
2764 2934 2802 2994 ich
2826 2937 2870 2997 ein
2899 2943 3000 3003 Buch,

1812 2958 1869 3018 das
1898 2960 1949 3020 den
1985 2966 2071 3026 Titel
2095 2967 2279 3027 „Querelles
2309 2971 2342 3031 de
2372 2974 2510 3034 famille"
2545 2982 2995 3042 („Familienstreitigkeiten")

1811 3008 1904 3068 haben
1938 3010 1992 3070 und
2021 3012 2065 3072 sich
2093 3015 2148 3075 mit
2170 3018 2342 3078 kulturellen
2375 3025 2546 3085 Zeitfragen
2575 3029 2873 3089 auseinandersetzen
2901 3035 2994 3095 wird.

1814 3056 1896 3116 Mein
1930 3062 2183 3122 Hauptinteresse
2211 3070 2398 3130 konzentriet
2426 3070 2470 3130 sich
2504 3075 2597 3135 jedoch
2630 3077 2685 3137 auf
2713 3077 2757 3137 die
2785 3083 2983 3143 Vollendung

1814 3104 1896 3164 einer
1930 3109 2040 3169 großen
2080 3113 2317 3173 Zeitgeschichte,
2345 3120 2538 3180 „L'Histoire
2567 3122 2605 3182 de
2633 3125 2815 3185 Salavin",
2843 3129 2898 3189 von
2937 3131 2986 3191 der

1802 3149 1920 3209 bereits
1955 3154 2016 3214 vier
2051 3157 2159 3217 Bände
2188 3166 2403 3226 fertiggestellt
2427 3170 2505 3230 sind.
2551 3172 2602 3232 An
2659 3173 2704 3233 die
2733 3179 2903 3239 Abfassung
2937 3182 2982 3242 des

1806 3197 1924 3257 fünften
1963 3203 2021 3263 und
2054 3205 2151 3265 letzten
2184 3210 2286 3270 Teiles
2319 3214 2388 3274 will
2411 3216 2453 3276 ich
2486 3218 2555 3278 mich
2589 3221 2659 3281 nach
2697 3224 2810 3284 meiner
2837 3228 2982 3288 Rückkehr

1801 3245 1871 3305 nach
1910 3249 2006 3309 Paris
2045 3253 2185 3313 machen.
2213 3260 2435 3320 Gegenwärtig
2473 3265 2592 3325 befinde
2630 3268 2667 3328 ich
2707 3270 2776 3330 mich
2815 3274 2868 3334 auf
2901 3277 2982 3337 einer

1804 3295 2062 3355 Vortragsreise,
2084 3300 2127 3360 die
2155 3302 2224 3362 mich
2252 3306 2278 3366 in
2311 3309 2359 3369 den
2393 3311 2510 3371 Orient
2533 3314 2580 3374 bis
2608 3316 2672 3376 nach
2706 3319 2861 3379 Stambul
2884 3325 2985 3385 führt.

1806 3341 1911 3401 Reisen
1948 3343 2006 3403 und
2038 3348 2143 3408 Musik
2170 3355 2296 3415 gehören
2339 3358 2364 3418 zu
2408 3359 2523 3419 meinen
2561 3363 2681 3423 liebsten
2719 3370 2982 3430 Zerstreuungen.

1803 3394 1865 3454 Ich
1885 3393 1965 3453 will
1976 3397 2259 3457 selbstverständlich
2288 3405 2332 3465 die
2360 3406 2488 3466 Wiener
2516 3412 2597 3472 Oper
2627 3417 2780 3477 besuchen,
2800 3417 2836 3477 an
2865 3418 2909 3478 die
2938 3423 2973 3483 ich

1776 3463 1851 3523 mich
1905 3465 1981 3525 noch
2028 3470 2088 3530 seit
2136 3474 2249 3534 meinem
2296 3480 2395 3540 letzten
2434 3480 2555 3540 Wiener
2587 3486 2777 3546 Aufenthalt
2810 3486 2877 3546 voll
2893 3487 2961 3547 Be¬

1775 3513 1949 3573 geisterung
1980 3516 2136 3576 erinnere.

1883 3561 1947 3621 Das
1981 3566 2131 3626 Podium,
2159 3568 2212 3628 von
2246 3571 2299 3631 dem
2343 3574 2380 3634 ich
2413 3574 2499 3634 heute
2527 3577 2624 3637 abend
2657 3580 2689 3640 zu
2722 3581 2770 3641 den
2803 3584 2948 3644 Wienern

1777 3606 1906 3666 sprechen
1939 3612 2052 3672 werde,
2075 3617 2107 3677 ist
2129 3618 2193 3678 mir
2221 3618 2280 3678 eine
2308 3624 2469 3684 vertraute
2497 3624 2621 3684 Stätte.
2643 3627 2697 3687 Ein
2730 3632 2957 3692 medizinischer

1770 3655 1911 3715 Hörsaal
1938 3660 2048 3720 mahnt
2076 3664 2144 3724 mich
2197 3666 2233 3726 an
2271 3669 2365 3729 meine
2398 3672 2650 3732 Doppelstellung
2704 3678 2756 3738 als
2783 3679 2861 3739 Arzt
2893 3678 2945 3738 und

1772 3702 1907 3762 Literat.
1927 3706 1973 3766 In
2009 3709 2124 3769 meiner
2155 3713 2235 3773 Rede
2266 3716 2366 3776 werde
2397 3718 2431 3778 ich
2468 3719 2558 3779 unter
2589 3722 2719 3782 anderem
2770 3725 2961 3785 ausführen,

1770 3749 1822 3809 daß
1860 3756 2175 3816 Sprachkrankheiten
2217 3761 2275 3821 mit
2307 3765 2590 3825 Geistesstörungen
2633 3773 2953 3833 zusammenhängen.

1772 3797 1843 3857 Dies
1876 3798 1914 3858 ist
1937 3803 2020 3863 nicht
2043 3805 2108 3865 bloß
2142 3809 2280 3869 bildlich,
2303 3812 2429 3872 sondern
2463 3815 2595 3875 wirklich
2629 3817 2656 3877 zu
2690 3818 2861 3878 verstehen.
2884 3821 2949 3881 Der

1762 3845 1913 3905 ärztliche
1941 3850 2043 3910 Beruf
2066 3853 2130 3913 war
2158 3856 2179 3916 ja
2212 3857 2266 3917 mit
2293 3860 2488 3920 bestimmend
2516 3863 2569 3923 für
2597 3863 2695 3923 meine
2722 3866 2954 3926 Schriftsteller¬

1765 3893 1919 3953 karriere.
1936 3896 1990 3956 Die
2013 3898 2106 3958 Ethik
2124 3900 2173 3960 der
2201 3905 2333 3965 Medizin
2362 3907 2416 3967 hat
2439 3909 2505 3969 mich
2533 3910 2665 3970 gelehrt,
2682 3910 2748 3970 auch
2776 3913 2941 3973 literarisch

1765 3939 1866 3999 meine
1889 3942 1985 4002 Feder
2013 3943 2039 4003 in
2067 3945 2114 4005 den
2147 3949 2255 4009 Dienst
2277 3951 2325 4011 der
2348 3953 2433 4013 Güte
2455 3954 2487 4014 zu
2515 3957 2633 4017 stellen.
2650 3958 2714 4018 Und
2742 3960 2887 4020 vielleicht
2909 3963 2946 4023 ist

1763 3988 1789 4048 es
1818 3988 1872 4048 kein
1906 3991 2027 4051 Zufall,
2044 3993 2093 4053 daß
2121 3994 2160 4054 ich
2188 3997 2298 4057 gerade
2320 4000 2380 4060 jetzt
2409 4000 2430 4060 in
2464 4003 2546 4063 Wien
2575 4005 2734 4065 Gedanken
2768 4009 2817 4069 zum
2856 4008 2944 4068 Aus¬

1762 4036 1848 4096 druck
1876 4038 2005 4098 bringen
2043 4039 2123 4099 will,
2146 4041 2194 4101 die
2227 4045 2269 4105 ein
2308 4048 2431 4108 Wiener
2470 4051 2545 4111 Arzt
2578 4053 2636 4113 und
2675 4054 2815 4114 Dichter,
2842 4057 2939 4117 Artur

1763 4084 1946 4144 Schnitzler,
1963 4087 2007 4147 oft
2030 4090 2230 4150 verkündete.

2708 4102 2772 4162 Dr.
2785 4102 2830 4162 R.
2850 4105 2901 4165 W.
