3344 4384
304 432 882 492 Schnitzler's
953 433 1186 493 Death

312 617 632 677 tie
685 624 933 684 aglll

635 839 688 899 C
733 840 807 900 193

260 951 512 1011 materiella
539 956 758 1016 skadorna
792 960 1011 1020 beräknas
1039 968 1098 1028 uj

292 1235 540 1295 Mrinar
607 1241 1054 1301 Sehnitzier

500 1411 836 1471 avilden.

861 1511 937 1571 A

590 1572 699 1632 WIEN
741 1577 792 1637 (T.
810 1581 868 1641 T.)
893 1581 949 1641 den
980 1583 1037 1643 21.

302 1624 432 1684 Artbur
457 1627 649 1687 Schnitzler
679 1628 765 1688 avled
800 1630 862 1690 här
892 1632 935 1692 vid
969 1632 1070 1692 sjuti¬

266 1677 318 1737 den
352 1677 386 1737 på
420 1677 732 1737 onsdagsaftonen.
771 1678 813 1738 Då
867 1683 1063 1743 författaren

261 1726 299 1786 på
328 1727 596 1787 eftermiddagen
625 1730 802 1790 ätervände
831 1730 903 1790 från
932 1732 960 1792 en
994 1730 1070 1790 pro-

262 1775 381 1835 menad
415 1778 601 1838 drabbades
635 1780 696 1840 han
730 1781 768 1841 av
792 1781 983 1841 slaganfall
1008 1783 1059 1843 och

257 1823 352 1883 avled
386 1827 463 1887 utan
497 1829 549 1889 att
579 1829 617 1889 ha
651 1829 795 1889 âterfâtt
820 1832 1074 1892 medvetandet.

261 1876 452 1936 Schnitzler
477 1877 578 1937 skulle
604 1881 619 1941 i
640 1883 709 1943 maj
731 1883 821 1943 nästa
852 1883 887 1943 år
907 1884 947 1944 ha
973 1883 1073 1943 blivit

262 1925 298 1985 70
326 1927 362 1987 år
390 1928 560 1988 gammal.

300 2025 492 2085 Schnitzler
522 2027 576 2087 var
606 2029 635 2089 en
670 2030 709 2090 av
739 2029 793 2089 den
823 2033 1059 2093 tyskspräkiga

261 2074 489 2134 litteraturens
517 2077 606 2137 mest
625 2077 732 2137 kända
761 2080 816 2140 och
845 2083 933 2143 mest
952 2081 1064 2141 omde¬

254 2125 431 2185 batterade
466 2128 762 2188 nutidsgestalter.
802 2132 910 2192 Under
945 2131 979 2191 de
1014 2131 1067 2191 se¬

255 2175 333 2235 nare
371 2175 446 2235 åren
489 2176 549 2236 har
582 2178 638 2238 det
667 2178 746 2238 dock
783 2179 872 2239 varit
901 2181 1059 2241 tämligen

258 2226 326 2286 tyst
349 2226 385 2286 om
431 2226 517 2286 hans
545 2229 667 2289 namn,
691 2229 745 2289 och
782 2229 836 2289 det
864 2232 923 2292 kan
956 2230 1064 2290 knap-

258 2277 333 2337 past
357 2277 540 2337 förnekas,
564 2279 615 2339 att
639 2280 704 2340 han
738 2280 808 2340 just
837 2282 906 2342 icke
940 2281 996 2341 var
1024 2284 1061 2344 en

253 2325 511 2385 författaretyp,
535 2328 587 2388 som
636 2329 736 2389 hörde
766 2331 894 2391 hemma
924 2331 937 2391 i
962 2331 1062 2391 efter-

257 2375 449 2435 krigsårens
502 2378 709 2438 våldsamma
743 2381 877 2441 andliga
906 2381 1065 2441 brytnin-

252 2426 330 2486 gar.
361 2426 484 2486 Liksom
528 2429 582 2489 den
617 2429 711 2489 miljö
741 2430 799 2490 han
835 2432 982 2492 skildrar
1012 2430 1060 2490 of-

253 2471 322 2531 tast
348 2473 388 2533 är
424 2475 479 2535 den
515 2477 615 2537 glada
651 2479 837 2539 storstaden
884 2480 994 2540 Wien,
1020 2483 1054 2543 så

253 2519 309 2579 åro
335 2521 371 2581 de
393 2525 594 2585 människor
620 2528 677 2588 han
704 2528 760 2588 ger
781 2528 853 2588 mer
874 2528 952 2588 eller
973 2531 1060 2591 min¬

255 2568 310 2628 dre
334 2575 558 2635 resonnärens
587 2576 624 2636 liv
648 2576 684 2636 åt
699 2579 788 2639 tama
812 2579 942 2639 figurer
962 2579 975 2639 i
994 2579 1059 2639 för-

255 2621 412 2681 hällande
446 2625 500 2685 till
525 2624 564 2684 de
598 2626 745 2686 litterära
785 2629 961 2689 gestalter,
986 2629 1039 2689 som

253 2672 409 2732 upplevat
445 2674 571 2734 krigets
601 2674 773 2734 skärseld.
814 2678 874 2738 Det
910 2679 1051 2739 erotiska

253 2722 439 2782 problemet
488 2723 526 2783 är
579 2726 636 2786 det
685 2728 737 2788 som
785 2728 910 2788 främst
939 2731 1058 2791 fångat

248 2772 461 2832 Schnitzlers
484 2776 643 2836 intresse,
662 2776 716 2836 och
744 2778 779 2838 de
803 2779 944 2839 erotiska
976 2784 1057 2844 upp¬

251 2822 433 2882 levelserna
463 2826 517 2886 och
552 2826 586 2886 de
616 2828 803 2888 trångmål,
818 2829 872 2889 som
917 2829 961 2889 bli
981 2829 1054 2889 följ-

250 2871 307 2931 den
341 2872 379 2932 av
408 2874 446 2934 de
475 2877 618 2937 erotiska
652 2880 915 2940 förvillelserna,
935 2878 973 2938 är
1002 2880 1059 2940 det

249 2922 354 2982 tema,
369 2924 424 2984 som
465 2925 620 2985 ständigt
641 2928 691 2988 och
722 2928 807 2988 jämt
827 2931 1053 2991 återkommer

248 2970 261 3030 i
285 2972 366 3032 hans
399 2976 530 3036 dramer
558 2976 617 3036 och
650 2977 804 3037 romaner

290 3019 354 3079 Det
375 3023 435 3083 var
456 3026 667 3086 framförallt
688 3028 738 3088 som
784 3029 965 3089 dramatisk
990 3029 1055 3089 för-

243 3071 369 3131 fattare
395 3076 586 3136 Schnitzler
613 3077 729 3137 gjorde
755 3080 866 3140 lycka,
882 3082 936 3142 och
968 3080 1053 3140 hans

246 3122 427 3182 skådespel
477 3125 564 3185 hade
594 3125 662 3185 stor
697 3128 893 3188 framgång.
938 3131 1045 3191 Bland

247 3174 410 3234 mängden
454 3173 492 3233 av
526 3176 622 3236 dessa
661 3178 718 3238 äro
758 3179 791 3239 de
830 3182 979 3242 följande
1018 3180 1051 3240 de

246 3221 334 3281 mest
354 3224 487 3284 kända:
512 3227 694 3287 »Liebelei»
724 3229 773 3289 (på
803 3230 945 3290 svenska
980 3230 1053 3290 »Al-

247 3272 380 3332 skog»),
412 3274 629 3334 »Freiwild»,
666 3277 753 3337 »Das
785 3280 1058 3340 Vermächtnis»,

247 3318 328 3378 »Der
386 3325 497 3385 grüne
559 3325 747 3385 Kakadu»,
795 3329 1055 3389 »Parazelsus»,

250 3370 329 3430 »Der
362 3373 512 3433 Schleier
545 3376 605 3436 der
634 3377 830 3437 Beatrice»,
868 3379 947 3439 »Der
981 3379 1050 3439 ein¬

241 3421 329 3481 same
362 3424 479 3484 Weg»,
503 3424 591 3484 »Das
615 3427 708 3487 weite
737 3428 849 3488 Land»
877 3427 928 3487 och
966 3427 1050 3487 »Der

246 3467 317 3527 Weg
347 3470 399 3530 ins
429 3474 563 3534 Freie».
593 3477 698 3537 Bland
728 3478 814 3538 hans
839 3480 973 3540 senaste
998 3479 1055 3539 ar¬

241 3519 331 3579 beten
359 3524 472 3584 kunna
500 3525 645 3585 nämnas
673 3528 914 3588 berättelserna
946 3528 1046 3588 »Dok-

240 3570 288 3630 tor
337 3573 519 3633 Graesler»
572 3573 625 3633 och
688 3579 904 3639 »Casanovas
936 3580 1046 3640 Heim¬

238 3621 353 3681 fahrt»
380 3624 473 3684 samt
495 3624 672 3684 lustspelet
699 3627 774 3687 »Die
801 3629 1036 3689 Schwestern»

239 3669 389 3729 Särskild
422 3678 731 3738 uppmärksamhet
755 3678 868 3738 väckte
896 3681 1050 3741 dramse-

239 3720 305 3780 rien
364 3723 550 3783 »Reigen»,
594 3728 748 3788 omkring
782 3728 882 3788 vilken
921 3731 973 3791 det
998 3731 1045 3791 för

240 3770 342 3830 några
371 3770 403 3830 år
431 3775 530 3835 sedan
563 3779 703 3839 uppstod
732 3779 764 3839 en
797 3779 852 3839 hel
872 3780 928 3840 del
947 3782 1049 3842 skan¬

240 3818 319 3878 dal.

281 3869 471 3929 Schnitzler
497 3872 557 3932 var
583 3877 653 3937 född
684 3878 764 3938 1862
790 3878 799 3938 i
825 3879 935 3939 Wien.
966 3881 1041 3941 Han

236 3918 366 3978 ägnade
397 3921 447 3981 sig
477 3922 567 3982 först
593 3925 628 3985 åt
654 3927 840 3987 medicinen
875 3928 930 3988 och
966 3928 1041 3988 pro¬

234 3967 435 4027 moverades
466 3971 519 4031 till
545 3973 638 4033 med.
663 3976 781 4036 doktor
811 3976 908 4036 1885.
944 3979 1051 4039 Snart

235 4014 301 4074 slog
338 4018 399 4078 han
436 4021 482 4081 sig
513 4024 698 4084 emellertid
730 4025 801 4085 helt
828 4028 863 4088 på
900 4027 1044 4087 litterärt

234 4066 367 4126 arbete,
387 4068 440 4128 och
475 4071 554 4131 1893
584 4075 785 4135 debuterade
816 4081 874 4141 han
909 4081 973 4141 med
1008 4081 1037 4141 en

235 4117 322 4177 serie
354 4120 535 4180 enaktare,
562 4125 743 4185 »Anatol».

1399 434 1528 494 box
1606 437 1850 497 43/20

1194 1076 1913 1136 OBSERVER

1283 1136 1308 1196 I.
1322 1136 1438 1196 österr.
1447 1133 1597 1193 behördl.
1611 1127 1908 1187 konzessioniertes

1240 1177 1471 1237 Unternehmen
1502 1174 1549 1234 für
1571 1169 1957 1229 Zeitungs-Ausschnitte

1300 1239 1440 1299 WIEN,
1468 1237 1514 1297 I.,
1542 1233 1831 1293 WOLLZEILE
1878 1228 1918 1288 11

1387 1287 1602 1347 TELEPHON
1639 1280 1818 1340 R-23-0-43

1201 1435 1421 1495 Ausschnitt
1440 1426 1522 1486 aus:

1435 1782 1794 1842 193

1349 2217 1558 2277 REÉRO
1621 2220 1932 2280 bAGBLaV
2014 2226 2123 2286 Torsd

1380 2381 1645 2441 Arthur
1687 2386 2075 2446 Schnitzler

1654 2492 1823 2552 död.

1384 2639 1448 2699 Ett
1471 2641 1680 2701 slaganfall
1703 2644 1842 2704 ändade
1875 2645 1934 2705 den
1972 2647 2085 2707 kände

1569 2692 1812 2752 författarens
1836 2695 1903 2755 liv.

1401 2811 1488 2871 Från
1530 2814 1628 2874 Wien
1665 2817 1928 2877 telegraferas:
1975 2817 2114 2877 Arthun

1351 2862 1552 2922 Schnitzler
1584 2862 1681 2922 avled
1718 2865 1780 2925 här
1817 2865 1868 2925 vid
1905 2865 2034 2925 7-tiden
2071 2868 2111 2928 pä

1349 2913 1676 2973 onsdagsaftonen.
1697 2913 1747 2973 Då
1778 2916 1994 2976 författaren
2025 2917 2120 2977 åter-

1357 2961 1462 3021 vände
1495 2961 1573 3021 från
1611 2963 1642 3023 en
1680 2965 1896 3025 promenad,
1918 2966 2113 3026 drabbades

1355 3009 1413 3069 han
1445 3010 1481 3070 av
1514 3012 1714 3072 slaganfall
1735 3014 1788 3074 och
1820 3015 1914 3075 avled
1947 3017 2030 3077 utan
2063 3018 2115 3078 att

1349 3059 1391 3119 ha
1423 3059 1576 3119 återfått
1604 3063 1873 3123 medvetandet.
1917 3065 2112 3125 Schnitzler

1357 3107 1460 3167 skulle
1487 3110 1504 3170 i
1523 3110 1596 3170 maj
1623 3112 1720 3172 nästa
1752 3113 1788 3173 år
1814 3114 1850 3174 ha
1882 3113 1986 3173 blivit
2012 3115 2048 3175 70
2073 3115 2110 3175 år

1349 3158 1525 3218 gammal.

1394 3275 1533 3335 Arthur
1568 3279 1766 3339 Schnitzler
1801 3280 1920 3340 kunde
1955 3283 1994 3343 på
2030 3283 2118 3343 sam¬

1348 3325 1397 3385 ma
1429 3326 1520 3386 gång
1556 3328 1638 3388 vara
1670 3330 1861 3390 romantisk
1898 3331 2115 3391 stämnings-

1350 3376 1527 3436 människa
1599 3376 1656 3436 och
1729 3379 1940 3439 hänsynslös
1978 3382 2117 3442 realist,

1349 3425 1411 3485 han
1450 3426 1621 3486 förenade
1660 3427 1722 3487 det
1756 3428 1913 3488 graciösa
1952 3430 2009 3490 och
2053 3433 2110 3493 det

1350 3472 1507 3532 cyniska.
1572 3474 1773 3534 Schnitzler
1814 3477 2035 3537 debuterade
2070 3481 2109 3541 år

1347 3519 1428 3579 1893
1463 3522 1534 3582 med
1573 3522 1611 3582 en
1645 3523 1736 3583 serie
1770 3528 1957 3588 enaktare,
1991 3531 2116 3591 ”Ana¬

1350 3573 1443 3633 tol",
1463 3571 1552 3631 vilka
1582 3574 1699 3634 kunna
1729 3576 1832 3636 sägas
1857 3579 1936 3639 vara
1966 3579 2103 3639 typiska

1351 3621 1400 3681 för
1436 3622 1677 3682 författaren.
1738 3626 1788 3686 Av
1829 3626 1944 3686 övriga
1985 3627 2110 3687 skåde-

1342 3669 1435 3729 spel,
1460 3670 1519 3730 som
1568 3672 1651 3732 även
1696 3675 1868 3735 uppförts
1903 3678 1917 3738 i
1947 3675 2113 3735 Sverige,

1344 3719 1483 3779 märkas
1514 3719 1669 3779 "Reigen
1742 3727 1917 3787 (uppförd
1955 3728 2114 3788 privat),

1370 3770 1513 3830 'Ordens
1578 3770 1761 3830 komedier

1896 3776 2113 3836 "Alskog",

1351 3811 1446 3871 "Det
1473 3819 1552 3879 vida
1590 3821 1765 3881 landet”.
1819 3825 2010 3885 Därjämte
2042 3827 2105 3887 har

1341 3869 1542 3929 Schnitzler
1587 3869 1719 3929 skrivit
1769 3872 1822 3932 ett
1867 3876 1959 3936 stort
2004 3878 2107 3938 antal

1342 3918 1465 3978 längre
1498 3918 1551 3978 och
1589 3921 1728 3981 kortare
1761 3922 1938 3982 noveller.

2250 1211 2415 1271 OB

2666 1221 2975 1281 RVER

2338 1271 2364 1331 1.
2378 1271 2497 1331 österr.
2511 1274 2656 1334 behördl.
2671 1276 2966 1336 konzessioniertes

2297 1312 2532 1372 Unternehmen
2559 1313 2608 1373 für
2630 1316 3022 1376 Zeitungs-Ausschnitte

2349 1372 2491 1432 WIEN,
2519 1373 2566 1433 I.,
2594 1378 2880 1438 WOLLZEILE
2928 1381 2968 1441 11

2440 1424 2658 1484 TELEPHON
2691 1429 2871 1489 R-23-0-43

2142 1646 2479 1706 Mads
2513 1620 3044 1680 mrenanker

2236 1916 2323 1976 vakt
2346 1919 2400 1979 vid
2428 1916 2581 1976 graven.

2296 2080 2470 2140 Arthur
2510 2077 2770 2137 Schnitzler
2821 2077 2926 2137 död.

2144 2173 2208 2233 mav

2289 2236 2398 2296 WIEN
2442 2235 2500 2295 den
2544 2237 2585 2297 21
2620 2235 2746 2295 (TT.):
2782 2235 2984 2295 Arthur

2238 2288 2533 2348 Schnitzler
2565 2283 2658 2343 avled
2697 2283 2759 2343 här
2791 2283 2847 2343 vid
2879 2283 2985 2343 sjuti-

2234 2335 2290 2395 den
2324 2337 2364 2397 på
2398 2334 2728 2394 onsdagsaftonen.
2774 2329 2824 2389 Dä
2859 2330 2989 2390 förfat-

2233 2384 2330 2444 taren
2388 2383 2434 2443 pä
2471 2380 2750 2440 eftermiddagen
2786 2378 2982 2438 ätervände

2236 2432 2306 2492 från
2339 2432 2371 2492 en
2404 2429 2592 2489 promenad
2620 2426 2820 2486 drabbades
2847 2426 2911 2486 han
2939 2426 2976 2486 av

2237 2480 2435 2540 slaganfall
2491 2477 2551 2537 och
2591 2477 2689 2537 avled
2723 2474 2806 2534 utan
2851 2474 2905 2534 att
2939 2474 2977 2534 ha

2236 2528 2390 2588 äterfätt
2440 2525 2711 2585 medvetandet.
2784 2522 2982 2582 Schnitzler

2237 2575 2352 2635 skulle
2382 2573 2396 2633 i
2425 2575 2498 2635 maj
2528 2573 2628 2633 nästa
2658 2573 2701 2633 är
2731 2572 2767 2632 ha
2804 2570 2912 2630 blivit
2942 2570 2977 2630 70

2239 2624 2276 2684 år
2308 2621 2489 2681 gammal.

2278 2722 2404 2782 Arthur
2434 2719 2641 2779 Schnitzler,
2660 2719 2711 2779 som
2764 2716 2821 2776 var
2851 2716 2902 2776 son
2937 2716 2988 2776 till

2243 2772 2269 2832 en
2325 2770 2413 2830 känd
2470 2768 2585 2828 läkare
2620 2767 2635 2827 i
2664 2764 2773 2824 Wien,
2802 2764 2984 2824 studerade

2243 2820 2323 2880 själv
2347 2817 2490 2877 medicin
2520 2815 2571 2875 och
2601 2814 2658 2874 var
2676 2814 2774 2874 redan
2803 2813 2855 2873 vid
2878 2811 2912 2871 23
2930 2811 2987 2871 àrs

2241 2865 2325 2925 älder
2355 2865 2430 2925 klar
2460 2865 2529 2925 med
2559 2862 2773 2922 doktoratet.
2813 2860 2887 2920 Han
2918 2859 2996 2919 bör¬

2243 2916 2317 2976 jade
2338 2913 2439 2973 tidigt
2461 2913 2513 2973 att
2530 2913 2614 2973 ägna
2642 2912 2683 2972 sig
2710 2910 2747 2970 ât
2764 2907 2996 2967 litteraturen,

2237 2964 2296 3024 och
2333 2961 2435 3021 snart
2460 2962 2611 3022 övergav
2642 2961 2702 3021 han
2739 2958 2792 3018 för
2823 2958 2883 3018 den
2920 2958 2992 3018 helt

2243 3009 2497 3069 läkarebanan.

2281 3056 2324 3116 Ar
2353 3056 2418 3116 1893
2446 3055 2656 3115 debuterade
2684 3053 2744 3113 han
2777 3053 2848 3113 med
2882 3049 2992 3109 »Ana¬

2243 3105 2322 3165 tol»,
2353 3104 2383 3164 en
2429 3104 2574 3164 samling
2620 3101 2771 3161 eleganta
2811 3101 2997 3161 enaktare,

2242 3153 2298 3213 och
2329 3152 2427 3212 skrev
2459 3152 2557 3212 sedan
2594 3151 2640 3211 för
2671 3149 2795 3209 teatern
2827 3149 2878 3209 bl.
2899 3149 2930 3209 a.
2956 3148 2992 3208 de

2242 3200 2321 3260 även
2357 3200 2367 3260 i
2397 3200 2473 3260 vårt
2499 3200 2573 3260 land
2609 3197 2745 3257 mycket
2771 3197 2881 3257 kända
2912 3194 2997 3254 skå-

2242 3248 2398 3308 despelen
2426 3248 2609 3308 »Alskog»,
2626 3245 2879 3305 »Paracelsus»,
2896 3242 2998 3302 »Grô¬

2242 3296 2281 3356 na
2311 3295 2526 3355 papegojan»
2551 3295 2609 3355 och
2644 3292 2859 3352 komedierna
2894 3289 2996 3349 »Pro-

2248 3343 2345 3403 fessor
2397 3343 2604 3403 Bernardi»,
2651 3340 2878 3400 »Litteratur»
2930 3340 2986 3400 och

2246 3391 2326 3451 »Den
2360 3391 2448 3451 stora
2482 3391 2642 3451 scenen».

2275 3439 2325 3499 Av
2371 3439 2462 3499 hans
2509 3438 2737 3498 prosaböcker
2768 3436 2813 3496 må
2849 3436 2996 3496 nämnas

2247 3486 2400 3546 romanen
2433 3484 2559 3544 »Vägen
2592 3483 2629 3543 ut
2653 3484 2709 3544 till
2728 3483 2825 3543 livet»
2849 3483 2904 3543 och
2938 3483 2998 3543 no¬

2243 3536 2348 3596 vellen
2387 3534 2526 3594 »Bertha
2565 3532 2708 3592 Garlans
2742 3531 3001 3591 ungdomskär-

2243 3583 2315 3643 lek»
2346 3582 2361 3642 —
2408 3582 2449 3642 de
2481 3581 2563 3641 båda
2600 3580 2677 3640 verk
2714 3582 2770 3642 som
2817 3579 2920 3639 jämte
2952 3579 2992 3639 de

2243 3630 2391 3690 nämnda
2426 3630 2648 3690 komedierna
2683 3627 2741 3687 väl
2767 3627 2905 3687 skaffat
2930 3627 2998 3687 för-

2240 3681 2387 3741 fattaren
2423 3681 2508 3741 hans
2540 3678 2639 3738 flesta
2669 3678 2881 3738 beundrare.
