3392 4320
814 82 868 142 mir
899 81 949 141 das
979 81 1060 141 nicht
1085 78 1195 138 nach?“
1227 78 1271 138 So
1302 76 1367 136 war
1392 75 1578 135 Schnitzler!
1604 70 1659 130 Ein
1690 70 1810 130 Dichter
1841 70 1896 130 von
1927 67 1991 127 An¬

810 131 889 191 stand
925 128 985 188 und
1016 126 1152 186 Würde,
1172 125 1218 185 ein
1253 124 1374 184 Ethiker
1404 124 1485 184 ohne
1516 121 1596 181 laute
1627 118 1752 178 Worte,
1773 118 1818 178 ein
1854 115 1994 175 vorbild¬

809 177 860 237 lich
902 174 1102 234 anständiger
1139 174 1329 234 Charakter,
1356 172 1408 232 den
1449 171 1604 231 eigentlich
1646 165 1702 225 sein
1738 165 1851 225 ganzes
1893 164 1986 224 Leben

811 224 956 284 hindurch
992 222 1052 282 nur
1103 222 1157 282 das
1193 222 1323 282 Problem
1369 219 1419 279 des
1450 219 1570 279 Todes,
1616 216 1666 276 den
1702 213 1762 273 wir
1792 213 1847 273 alle
1878 210 1988 270 sterben

816 273 943 333 müssen,
964 270 1184 330 interessierte,
1204 267 1253 327 der
1278 267 1351 327 alles
1381 267 1434 327 von
1469 266 1557 326 diesem
1602 263 1808 323 Standpunkt
1833 261 1906 321 aus,
1926 260 1994 320 zart

813 319 868 379 und
902 318 1194 378 traurig=ironisch,
1213 315 1411 375 betrachtete.

929 380 1017 440 Wenn
1047 383 1105 443 mit
1130 382 1189 442 uns
1214 378 1296 438 Wien
1331 379 1414 439 heute
1444 379 1517 439 über
1543 376 1596 436 das
1626 373 1758 433 Ableben
1788 371 1870 431 eines
1900 369 1993 429 seiner

813 431 947 491 echtesten
986 431 1091 491 Söhne
1120 426 1263 486 trauert,
1283 425 1364 485 dann
1398 425 1498 485 sollten
1533 423 1590 483 wir
1619 422 1671 482 von
1710 418 1801 478 dieser
1830 418 1988 478 traurigen

817 482 944 542 Stunde
975 477 1013 537 an
1048 476 1175 536 wirklich
1211 471 1328 531 endlich
1363 473 1539 533 versuchen,
1564 469 1652 529 durch
1687 467 1854 527 Schnitzler
1889 465 1996 525 unsere

818 526 1104 586 Stammesbrüder
1129 522 1161 582 an
1196 519 1243 579 der
1267 517 1381 577 Donau
1411 518 1501 578 besser
1525 519 1554 579 zu
1583 515 1754 575 verstehen,
1774 515 1807 575 um
1846 513 1998 573 gerechter

818 579 848 639 zu
885 574 1033 634 urteilen,
1060 573 1105 633 als
1138 570 1163 630 es
1194 567 1363 627 gemeinhin
1400 566 1503 626 bisher
1534 565 1580 625 der
1612 565 1683 625 Fall
1709 561 1792 621 war.
1813 560 1879 620 Wir
1906 561 1987 621 fagen

815 621 983 681 Schnitzler
1011 619 1102 679 Dank
1147 619 1200 679 für
1228 613 1282 673 sein
1320 613 1434 673 Wirken
1489 614 1548 674 und
1581 613 1662 673 seine
1690 610 1918 670 Vornehmheit
1945 607 1993 667 als

823 669 1014 729 Charakter.

920 842 1086 902 Ariue
1130 837 1451 897 Schnitzlers
1509 834 1648 894 legte
1706 832 1915 892 Fahri.

814 918 1009 978 Imposante
1041 914 1368 974 Trauerkundgebung
1405 912 1457 972 der
1490 909 1663 969 Literatur-
1696 907 1753 967 und
1791 907 2001 967 Theaterwelt

1346 959 1473 1019 Wiens.

926 1040 1019 1100 Unter
1048 1037 1180 1097 überaus
1208 1039 1318 1099 großer
1346 1035 1545 1095 Beteiligung
1573 1035 1650 1095 aller
1673 1033 1771 1093 Kreise
1800 1034 1849 1094 der
1877 1032 1998 1092 Wiener

824 1090 983 1150 Literatur
1015 1086 1071 1146 und
1103 1085 1154 1145 des
1185 1087 1335 1147 Theaters
1366 1085 1439 1145 fand
1470 1085 1583 1145 gestern
1620 1082 1661 1142 die
1687 1082 1873 1142 Bestattung
1904 1079 2007 1139 Artur

825 1139 1089 1199 Schnitzlers
1117 1135 1205 1195 statt.
1223 1136 1266 1196 Im
1311 1134 1515 1194 Trauerhaus
1549 1131 1648 1191 hatten
1682 1130 1725 1190 sich
1759 1130 1792 1190 um
1837 1130 1913 1190 ½11
1941 1127 2002 1187 Uhr

818 1187 1014 1247 vormittags
1050 1182 1100 1242 die
1136 1184 1348 1244 Verwandten
1389 1181 1439 1241 des
1475 1180 1616 1240 Dichters
1657 1177 1717 1237 und
1753 1177 1833 1237 seine
1869 1176 2000 1236 nächsten

827 1233 967 1293 Freunde
1000 1231 1221 1291 eingefunden.
1248 1228 1291 1288 So
1324 1228 1372 1288 sah
1405 1228 1475 1288 man
1513 1228 1556 1288 die
1583 1225 1707 1285 Dichter
1740 1225 1848 1285 Franz
1875 1223 2009 1283 Wersel,

827 1281 1021 1341 Schönherr,
1048 1277 1324 1337 Beer=Hoffmann
1362 1276 1421 1336 und
1459 1276 1550 1336 Felix
1583 1275 1718 1335 Salten,
1746 1273 1864 1333 Hofrat
1897 1273 2009 1333 Heine,

828 1330 943 1390 Hofrat
977 1327 1126 1387 Thimig,
1154 1327 1275 1387 Hofrat
1309 1324 1541 1384 Frankfurter,
1569 1321 1729 1381 Professor
1763 1321 2006 1381 Weingartner,

818 1378 864 1438 den
896 1375 1097 1435 Präsidenten
1124 1374 1175 1434 der
1196 1375 1445 1435 Aerztekammer
1471 1374 1533 1434 Dr.
1549 1372 1668 1432 Thenen
1699 1371 1756 1431 und
1783 1369 1860 1429 viele
1881 1369 2010 1429 andere.

932 1441 1029 1501 Artur
1061 1440 1230 1500 Schnitzler
1267 1439 1333 1499 war
1366 1440 1391 1500 in
1427 1440 1525 1500 seinem
1577 1437 1819 1497 Sterbezimmer
1856 1435 1881 1495 in
1923 1434 2005 1494 einer

824 1491 972 1551 einfachen
1004 1490 1151 1550 Holzkiste
1178 1489 1379 1549 aufgebahrt.
1401 1488 1469 1548 Vor
1497 1488 1543 1548 dem
1586 1485 1793 1545 Trauerhaus
1825 1483 1925 1543 hatten
1957 1482 1999 1542 sich

827 1537 901 1597 viele
932 1539 1138 1599 Trauergäste
1164 1536 1385 1596 eingefunden,
1411 1534 1436 1594 so
1467 1535 1517 1595 daß
1552 1535 1627 1595 nicht
1653 1535 1708 1595 alle
1739 1531 1763 1591 in
1794 1532 1849 1592 das
1880 1530 2005 1590 Sterbe¬

830 1587 955 1647 zimmer
985 1586 1095 1646 Einlaß
1131 1584 1231 1644 finden
1272 1584 1422 1644 konnten.
1448 1584 1488 1644 Um
1539 1582 1608 1642 ½12
1644 1581 1704 1641 Uhr
1740 1581 1864 1641 mittags
1900 1579 2000 1639 wurde

826 1634 873 1694 der
895 1633 979 1693 Sarg
1006 1634 1191 1694 geschlossen,
1213 1630 1266 1690 vor
1287 1631 1334 1691 die
1356 1631 1435 1691 Villa
1462 1631 1604 1691 getragen
1637 1628 1690 1688 und
1717 1627 1769 1687 auf
1791 1625 1843 1685 das
1870 1626 2007 1686 Leichen¬

830 1683 894 1743 auto
925 1682 1075 1742 gehoben,
1096 1681 1151 1741 das
1181 1679 1226 1739 sich
1257 1679 1317 1739 nun
1347 1679 1432 1739 durch
1463 1679 1508 1739 ein
1538 1679 1643 1739 dichtes
1674 1676 1804 1736 Spalier
1830 1673 1885 1733 von
1915 1672 2005 1732 Leid¬

830 1732 990 1792 tragenden
1031 1729 1090 1789 und
1126 1727 1311 1787 Zuschauern
1352 1727 1432 1787 durch
1473 1725 1518 1785 die
1553 1724 1854 1784 Sternwartestraße
1885 1724 1915 1784 in
1950 1724 2000 1784 der

830 1782 976 1842 Richtung
1014 1781 1068 1841 zum
1118 1776 1394 1836 Zentralfriedhof
1427 1775 1453 1835 in
1492 1775 1670 1835 Bewegung
1709 1772 1800 1832 setzte.

935 1846 1008 1906 Auch
1037 1845 1093 1905 auf
1116 1843 1166 1903 dem
1206 1842 1359 1902 Friedhof
1376 1842 1477 1902 hatten
1506 1840 1551 1900 sich
1580 1840 1659 1900 schon
1688 1840 1777 1900 lange
1801 1840 1856 1900 vor
1880 1838 1913 1898 12
1942 1836 2003 1896 Uhr

827 1894 883 1954 vor
920 1892 976 1952 und
1017 1893 1042 1953 in
1084 1891 1135 1951 der
1172 1891 1465 1951 Zeremonienhalle
1497 1888 1662 1948 zahlreiche
1699 1886 1904 1946 Trauergäste
1941 1883 2007 1943 ein¬

824 1942 994 2002 gefunden,
1021 1939 1113 1999 unter
1145 1937 1238 1997 denen
1275 1938 1346 1998 man
1383 1938 1440 1998 fast
1472 1936 1528 1996 alle
1560 1936 1777 1996 prominenten
1813 1935 2005 1995 Persönlich¬

833 1990 917 2050 keiten
955 1987 1007 2047 der
1040 1987 1198 2047 Literatur
1231 1984 1288 2044 und
1326 1985 1373 2045 des
1405 1985 1559 2045 Theaters
1597 1984 1660 2044 sah.
1687 1983 1729 2043 Am
1777 1983 1919 2043 Eingang
1957 1981 2004 2041 des

837 2035 1017 2095 Friedhofes
1057 2033 1237 2093 erwarteten
1277 2031 1434 2091 Professor
1469 2032 1536 2092 Dr.
1565 2031 1632 2091 Pick
1666 2031 1728 2091 und
1768 2031 1999 2091 Vizepräsident

951 2131 1012 2191 Dr.
1031 2133 1171 2193 Ornstein
1207 2133 1260 2193 von
1297 2133 1349 2193 der
1376 2133 1650 2193 Kultusgemeinde
1678 2133 1730 2193 den
1757 2133 1961 2193 Trauerzug,
1988 2133 2031 2193 der
2068 2132 2111 2192 den

947 2178 1008 2238 Weg
1050 2180 1085 2240 am
1138 2181 1355 2241 Burgtheater
1392 2180 1500 2240 vorbei
1531 2181 1609 2241 über
1645 2181 1696 2241 den
1738 2181 1898 2241 Rennweg
1935 2181 2121 2241 genommen

940 2225 1040 2285 hatte.
1067 2225 1130 2285 Die
1162 2226 1267 2286 beiden
1310 2228 1525 2288 Funktionäre
1558 2228 1610 2288 der
1643 2228 1922 2288 Kultusgemeinde
1959 2227 2117 2287 geleiteten

944 2273 991 2333 den
1023 2275 1128 2335 Sarg,
1171 2274 1223 2334 dem
1282 2274 1335 2334 die
1383 2276 1514 2336 nächsten
1547 2276 1763 2336 Angehörigen
1817 2274 1869 2334 des
1901 2273 2122 2333 Verstorbenen

947 2324 1076 2384 folgten,
1093 2321 1119 2381 in
1147 2322 1190 2382 die
1212 2324 1520 2384 Zeremonienhalle,
1536 2324 1580 2384 wo
1607 2324 1801 2384 Oberkantor
1823 2321 1942 2381 Fischer
1964 2321 2034 2381 nach
2061 2321 2109 2381 dem

944 2371 1062 2431 Wunsch
1096 2367 1144 2427 des
1172 2372 1458 2432 Heimgegangenen
1491 2372 1551 2432 nur
1578 2370 1621 2430 die
1648 2370 1783 2430 rituellen
1817 2369 1930 2429 Gebete
1958 2369 2070 2429 sprach.

1053 2417 1147 2477 Unier
1183 2414 1233 2474 den
1274 2419 1520 2479 Leidtragenden
1561 2420 1706 2480 bemerkte
1742 2418 1837 2478 man:
1868 2417 1933 2477 Den
1974 2417 2134 2477 General¬

946 2464 1146 2524 intendanten
1178 2464 1228 2524 der
1255 2464 1507 2524 Bundestheater
1533 2467 1785 2527 Schneiderhan,
1802 2464 1827 2524 in
1859 2464 2049 2524 Vertretung
2080 2462 2126 2522 des

947 2515 1374 2575 Unterrichtsministeriums
1434 2514 1689 2574 Ministerialrat
1744 2515 1808 2575 Dr.
1863 2512 1982 2572 Wisoko
2064 2512 2128 2572 und

949 2561 1155 2621 Sektionsrat
1176 2563 1237 2623 Dr.
1253 2563 1522 2623 Thomasberger,
1538 2562 1614 2622 dann
1646 2560 1992 2620 Landesamtsdirektor
2018 2560 2131 2620 Doktor

947 2610 1059 2670 Hartl,
1077 2609 1121 2669 die
1151 2610 1546 2670 Universitätsprofessoren
1575 2611 1642 2671 Dr.
1659 2611 1761 2671 Hupka
1790 2611 1845 2671 und
1874 2611 1935 2671 Dr.
1954 2608 2066 2668 Hofer,
2089 2609 2133 2669 die

950 2657 1102 2717 Dozenten
1145 2656 1213 2716 Dr.
1246 2656 1340 2716 Stern
1388 2658 1445 2718 und
1488 2656 1551 2716 Dr.
1583 2656 1725 2716 Wessely.
1757 2658 1799 2718 In
1842 2654 2036 2714 Vertretung
2079 2655 2126 2715 des

947 2709 1189 2769 Journalisten=
1243 2705 1300 2765 und
1343 2706 1707 2766 Schriftstellervereines
1745 2704 1965 2764 „Concordia"
2024 2703 2129 2763 waren

953 2753 1115 2813 Präsident
1143 2753 1289 2813 Lipschütz
1311 2752 1364 2812 und
1397 2754 1636 2814 Vizepräsident
1658 2755 1717 2815 Dr.
1739 2754 1923 2814 Reichmann
1956 2751 2145 2811 erschienen.

946 2803 1014 2863 Das
1046 2805 1262 2865 Burgtheater
1295 2802 1379 2862 war,
1400 2802 1431 2862 da
1470 2804 1616 2864 Direktor
1649 2802 1813 2862 Wildgans
1845 2800 2034 2860 verhindert
2061 2802 2145 2862 war,

946 2851 1033 2911 durch
1070 2850 1307 2910 Oberregisseur
1339 2852 1458 2912 Hofrat
1489 2851 1633 2911 Reimers
1686 2849 1866 2909 vertreten,
1908 2850 1964 2910 der
1996 2848 2042 2908 sich
2084 2847 2140 2907 mit

953 2899 1068 2959 Hofrat
1090 2897 1248 2957 Herterich
1280 2900 1485 2960 eingefunden
1518 2898 1618 2958 hatte.
1645 2897 1707 2957 Das
1740 2897 1887 2957 Deutsche
1914 2896 2140 2956 Volkstheater

949 2948 1037 3008 hatte
1072 2945 1445 3005 Direktorstellvertreter
1481 2947 1652 3007 Geiringer
1692 2946 1750 3006 mit
1785 2945 1839 3005 dem
1894 2945 2134 3005 Dramaturgen

951 2993 1107 3053 Professor
1138 2993 1344 3053 Glücksmann
1379 2993 1550 3053 entsendet,
1571 2995 1624 3055 vom
1669 2993 1806 3053 Theater
1832 2993 1861 3053 in
1895 2993 1944 3053 der
1969 2990 2145 3050 Josefstadt

950 3042 1050 3102 waren
1109 3041 1257 3101 Direktor
1291 3040 1410 3100 Geyer,
1459 3041 1621 3101 Regisseur
1656 3040 1717 3100 Dr.
1747 3040 1876 3100 Valbeck
1929 3038 1986 3098 und
2025 3038 2140 3098 Hofrat

955 3091 1079 3151 Thimig
1110 3088 1290 3148 erschienen.
1316 3087 1375 3147 Die
1401 3087 1651 3147 Schriftstellerin
1682 3086 1777 3146 Grete
1808 3084 1983 3144 Urbanitzky
2013 3083 2138 3143 vertrat

953 3136 1004 3196 den
1061 3135 1220 3195 Penklub.
1262 3133 1333 3193 Von
1391 3136 1628 3196 Schriftstellern
1685 3135 1731 3195 sah
1788 3133 1854 3193 man
1896 3132 2138 3192 Chefredakteur

953 3186 1021 3246 Dr.
1053 3184 1206 3244 Benedikt
1238 3184 1322 3244 samt
1354 3183 1549 3243 Gemahlin,
1576 3181 1818 3241 Chefredakteur
1855 3180 1976 3240 Hofrat
2014 3180 2145 3240 Holzer,

958 3235 1058 3295 Oskar
1085 3232 1264 3292 Bendiner,
1280 3232 1369 3292 Felix
1391 3231 1522 3291 Braun,
1544 3229 1723 3289 Sil=Vara,
1740 3228 1855 3288 Moritz
1877 3226 2029 3286 Scheyer,
2046 3229 2145 3289 Golz,

961 3279 1035 3339 Karl
1066 3278 1156 3338 Hans
1187 3278 1322 3338 Strobl,
1349 3279 1448 3339 Chaim
1494 3279 1585 3339 Bloch
1625 3277 1680 3337 und
1716 3273 1962 3333 Auernheimer.
1988 3272 2053 3332 Aus
2089 3274 2143 3334 der

961 3327 1171 3387 Bühnenwelt
1206 3327 1357 3387 bemerkte
1392 3326 1460 3386 man
1505 3327 1553 3387 den
1598 3326 1739 3386 früheren
1784 3321 2136 3381 Burgtheaterdirektor

961 3377 1115 3437 Paulsen,
1131 3373 1177 3433 die
1203 3375 1419 3435 Schauspieler
1445 3375 1595 3435 Waldau,
1616 3374 1744 3434 Delius,
1765 3370 1883 3430 Aslan,
1904 3369 2012 3429 Marr,
2033 3371 2146 3431 Onno,

957 3423 1179 3483 Neugebauer,
1196 3422 1317 3482 Moser,
1339 3423 1498 3483 Strasny,
1520 3423 1610 3483 Hans
1637 3422 1780 3482 Thimig,
1802 3417 1934 3477 Strobl,
1950 3417 2077 3477 Eidlitz,
2099 3417 2141 3477 die

962 3470 1272 3530 Schauspielerinnen
1331 3470 1515 3530 Bleibtreu,
1558 3470 1700 3530 Geßner,
1743 3467 1832 3527 Alice
1865 3464 1985 3524 Hetsey,
2033 3464 2138 3524 Paula

962 3515 1106 3575 Wessely,
1132 3517 1224 3577 Herta
1256 3518 1384 3578 Hagen,
1406 3518 1539 3578 Babette
1571 3515 1901 3575 Devrient=Reinhold
1938 3512 1994 3572 und
2031 3511 2139 3571 Maria

969 3565 1096 3625 Mayer.
1131 3563 1293 3623 Außerdem
1347 3563 1392 3623 sah
1436 3563 1504 3623 man
1549 3564 1691 3624 Baronin
1736 3560 1922 3620 Gutmann,
1952 3560 2144 3620 Primarius

964 3611 1104 3671 Breuer,
1129 3611 1244 3671 Hofrat
1270 3612 1485 3672 Engelsmann
1526 3611 1582 3671 vom
1627 3610 1973 3670 Bundespressedienst,
1994 3608 2144 3668 Direktor

971 3662 1030 3722 Dr.
1058 3661 1149 3721 Nissim
1198 3659 1252 3719 von
1291 3659 1344 3719 der
1377 3661 1718 3721 Autorengesellschaft,
1746 3656 1907 3716 Syndikus
1941 3656 2005 3716 Dr.
2033 3653 2145 3713 Silber

962 3707 1023 3767 von
1086 3708 1142 3768 der
1204 3707 1457 3767 Genossenschaft
1514 3706 1731 3766 dramatischer
1799 3703 2015 3763 Schriftsteller
2082 3702 2144 3762 und

959 3757 1201 3817 Komponisten,
1248 3757 1372 3817 Hofrat
1430 3756 1496 3816 Dr.
1528 3754 1755 3814 Frankfurter,
1803 3751 1927 3811 Hofrat
1979 3750 2154 3810 Brückner,

971 3802 1127 3862 Professor
1155 3805 1262 3865 Feigl,
1290 3802 1446 3862 Professor
1479 3804 1613 3864 Mandl,
1636 3802 1792 3862 Professor
1820 3799 1889 3859 Dr.
1911 3799 2154 3859 Baumgarten,

976 3853 1054 3913 Paul
1085 3852 1281 3912 Weingarten
1321 3851 1380 3911 und
1415 3849 1493 3909 viele
1523 3852 1656 3912 andere.

1072 3900 1207 3960 Nachdem
1262 3897 1307 3957 die
1344 3900 1574 3960 Trauergebete
1631 3899 1801 3959 gesprochen
1842 3896 1967 3956 worden
2028 3894 2153 3954 waren,

964 3948 1071 4008 wurde
1099 3947 1147 4007 der
1175 3948 1256 4008 Sarg
1289 3948 1365 4008 ohne
1387 3948 1467 4008 jedes
1501 3949 1668 4009 Gepränge
1696 3949 1722 4009 zu
1755 3946 1804 4006 dem
1848 3945 1874 4005 in
1908 3942 1956 4002 der
1984 3941 2070 4001 Nähe
2098 3941 2146 4001 der

974 3998 1259 4058 Zeremonienhalle
1315 3996 1476 4056 gelegenen
1536 3996 1741 4056 Ehrengrabe
1795 3993 1941 4053 geleitet,
1985 3991 2043 4051 das
2103 3991 2151 4051 die

975 4047 1182 4107 Israelitische
1212 4047 1496 4107 Kultusgemeinde
1527 4047 1657 4107 gestiftet
1688 4044 1787 4104 hatte.
