3392 4320
167 330 199 390 2

305 333 893 393 Schnitzler's
962 330 1188 390 Death

318 1476 663 1536 DOBSI

851 1479 1036 1539 VER

402 1532 429 1592 I.
444 1533 563 1593 österr.
578 1533 725 1593 behördl.
739 1536 1038 1596 konzessioniertes

360 1575 597 1635 Unternehmen
626 1573 677 1633 für
701 1575 1083 1635 Zeitungs-Ausschnitte

408 1632 561 1692 WIEN,
583 1637 640 1697 I.,
662 1635 950 1695 WOLLZEILE
993 1637 1035 1697 11

504 1685 725 1745 TELEPHON
764 1688 942 1748 R-23-0-43

311 1825 535 1885 Ausschnitt
553 1825 644 1885 aus:

294 1930 377 1990 Ihe
422 1933 776 1993 Continental
829 1942 1009 2002 Times,

652 1995 767 2055 Wien
820 1996 1041 2056 33ln,

310 2049 421 2109 vom:

550 2106 910 2166 31.10.1931.

350 2252 824 2312 Schnitzler's

435 2321 876 2381 Bedeulung

523 2390 577 2450 im
664 2397 993 2457 Ausland

380 2488 411 2548 Im
449 2492 744 2552 fremdsprachigen
777 2497 911 2557 Ausland
944 2500 1026 2560 hatte

343 2537 413 2597 sein
453 2539 550 2599 Name
590 2545 868 2605 hervorragenden
913 2548 1032 2608 Klang,

343 2587 468 2647 wurden
503 2589 585 2649 seine
620 2593 737 2653 Werke
768 2596 949 2656 übersetzt,
963 2598 1027 2658 auf¬

346 2638 480 2698 geführt
509 2639 565 2699 und
607 2644 691 2704 eifrig
729 2646 878 2706 gelesen.
916 2646 1023 2706 Selbst

343 2688 369 2748 in
401 2690 559 2750 Japan,
578 2691 634 2751 das
662 2692 728 2752 eine
759 2696 1020 2756 hervorragende

336 2739 622 2799 Gesamtausgabe
663 2741 768 2801 seiner
809 2745 923 2805 Werke
968 2745 1025 2805 be¬

337 2786 432 2846 sitzt,
452 2789 494 2849 ist
520 2790 697 2850 Schnitzler
726 2793 807 2853 einer
841 2794 894 2854 der
923 2796 1024 2856 öftest

335 2836 563 2896 aufgeführten
606 2842 825 2902 Dramatiker.
892 2846 1013 2906 Ebenso

337 2885 446 2945 häufig
485 2888 557 2948 liest
586 2891 653 2951 man
696 2893 720 2953 in
759 2893 844 2953 New
898 2895 1007 2955 York

339 2936 530 2996 Schnitzlers
557 2941 657 3001 Name
690 2941 744 3001 auf
772 2941 826 3001 den
863 2944 1017 3004 Theater¬

334 2987 435 3047 zettel
467 2988 524 3048 und
564 2990 679 3050 gerade
719 2993 799 3053 jetzt
830 2993 905 3053 wird
945 2995 1007 3055 sein

334 3038 539 3098 „Anatol“
572 3040 649 3100 dort
673 3040 736 3100 seit
764 3044 911 3104 Monaten
943 3043 1011 3103 täg.

330 3085 385 3145 lich
418 3088 569 3148 gespielt.
593 3091 771 3151 Allerdings
800 3094 869 3154 nach
903 3094 1015 3154 ameri¬

324 3136 500 3196 kanischem
561 3140 758 3200 Geschmack
810 3141 891 3201 stark
943 3143 1012 3203 ver¬

326 3186 461 3246 ändert.
495 3185 524 3245 In
568 3186 625 3246 der
664 3190 794 3250 Pariser
834 3193 1012 3253 „Comédie

326 3233 385 3293 des
415 3238 557 3298 Champs
587 3238 739 3298 Elysées“
779 3240 848 3300 wird
888 3241 1010 3301 augen¬

327 3283 467 3343 blicklich
508 3288 699 3348 Schnitzlers
735 3291 836 3351 „Das
872 3291 1002 3351 weite

320 3333 458 3393 Land“
506 3336 704 3396 vorbereitet
748 3341 804 3401 und
852 3338 877 3398 im
938 3340 1007 3400 ver¬

318 3384 478 3444 flossenen
510 3386 580 3446 Juni
599 3387 656 3447 hat
679 3388 741 3448 eine
768 3390 879 3450 eigene
906 3392 1008 3452 Trup¬

322 3434 357 3494 pe
398 3434 424 3494 im
482 3436 589 3496 Studio
634 3438 802 3498 desselben
847 3438 1002 3498 Theaters

316 3480 406 3540 seine
448 3485 626 3545 „Comödie
667 3487 721 3547 der
763 3488 890 3548 Worte“
936 3490 1004 3550 auf¬

317 3533 477 3593 geführt.

1398 323 1531 383 box
1609 324 1852 384 43/13

1567 1228 1771 1288 WYCINEK
1804 1234 1826 1294 z
1867 1237 2229 1297 WYDAWNICÉWY

1554 1361 1841 1421 Posener
1889 1369 2199 1429 Tagéblat

1650 1497 1692 1557 z
1725 1499 1794 1559 dn.

1249 1676 1302 1736 an
1317 1674 1464 1734 tentene
1479 1672 1518 1732 an
1533 1672 1666 1732 nanan
1722 1673 1990 1733 aana
2005 1668 2085 1728 an
2100 1669 2112 1729 a
2142 1669 2154 1729 a
2196 1668 2208 1728 a
2290 1665 2302 1725 e
2344 1662 2410 1722 e
2574 1661 2586 1721 a
2682 1658 2694 1718 a
2844 1655 3045 1715 o.

1324 1819 1759 1879 Abschied
1849 1814 2009 1874 von
2087 1812 2397 1872 Arthur
2448 1810 2934 1870 Schnitzler

2156 1888 2242 1948 Rang
2272 1887 2300 1947 zu
2335 1884 2456 1944 erobern
2486 1884 2543 1944 und
2579 1882 2607 1942 zu
2637 1879 2816 1939 bewahren.
2857 1879 2920 1939 Die
2950 1879 3036 1939 ganze

1718 1888 1830 1948 Wien,
1848 1891 1983 1951 Oktober
2011 1889 2100 1949 1931.

2165 1924 2415 1984 Zwiespältigkeit
2440 1922 2488 1982 des
2519 1918 2759 1978 österreichischen
2794 1915 2965 1975 Menschen,
2985 1915 3039 1975 das

1270 1942 1339 2002 Wir
1365 1942 1421 2002 sind
1451 1942 1552 2002 ärmer
1573 1939 1749 1999 geworden,
1770 1939 1886 1999 Arthur
1912 1939 2073 1999 Schnitzler
2099 1934 2128 1994 ist

2152 1966 2402 2026 Verbundensein
2432 1963 2486 2023 mit
2506 1960 2550 2020 dem
2589 1960 2766 2020 Deutschtum
2796 1954 2805 2014 —
2845 1956 2898 2016 und
2924 1955 2977 2015 doch
3002 1954 3041 2014 die

1234 1979 1287 2039 von
1318 1981 1378 2041 uns
1403 1981 1577 2041 gegangen.
1615 1981 1698 2041 Nicht
1723 1980 1807 2040 allein
1838 1978 2031 2038 Oesterreich,
2056 1977 2127 2037 nicht

2154 2005 2325 2065 Loslösung
2355 2002 2404 2062 zur
2434 2001 2616 2061 Eigenheit,
2641 1997 2695 2057 das
2725 1996 2901 2056 Vertrauen
2936 1993 2960 2053 in
2995 1993 3043 2053 die

1237 2018 1322 2078 allein
1361 2017 1413 2077 der
1442 2018 1571 2078 deutsche
1605 2017 1815 2077 Kulturkreis,
1839 2017 1887 2077 die
1921 2016 2011 2076 ganze
2040 2014 2126 2074 Welt

2163 2043 2291 2103 Zukunft
2306 2041 2315 2101 —
2354 2040 2411 2100 und
2430 2038 2487 2098 doch
2507 2037 2554 2097 der
2574 2037 2702 2097 Mangel
2717 2036 2750 2096 an
2774 2032 3036 2092 Selbstvertrauen

1234 2057 1286 2117 hat
1315 2057 1401 2117 einen
1435 2057 1568 2117 schweren
1607 2055 1732 2115 Verlust
1756 2055 1899 2115 erlitten.
1933 2055 1975 2115 In
2010 2053 2119 2113 nahezu

1241 2096 1295 2156 alle
1318 2096 1532 2156 Weltsprachen
1561 2096 1615 2156 sind
1643 2095 1687 2155 die
1709 2094 1813 2154 Werke
1837 2093 2012 2153 Schnitzlers
2035 2089 2128 2149 über¬
2151 2084 2211 2144 der
2239 2082 2321 2142 Hang
2360 2080 2409 2140 zur
2437 2079 2553 2139 Ironie
2581 2075 2669 2135 gegen
2708 2073 2757 2133 sich
2791 2073 2873 2133 selbst
2907 2071 2961 2131 und
2995 2071 3044 2131 die

1234 2136 1297 2196 setzt
1322 2136 1459 2196 worden,
1479 2135 1537 2195 und
1567 2133 1591 2193 so
1621 2133 1713 2193 wissen
1748 2133 1777 2193 es
1807 2133 1880 2193 alle,
1900 2132 1963 2192 was
1993 2130 2052 2190 wir
2077 2126 2125 2186 be¬
2150 2121 2296 2181 Reigung
2331 2118 2389 2178 nach
2424 2116 2674 2176 melancholischen
2709 2112 2967 2172 Berrachtungen,
2992 2110 3041 2170 das

1233 2175 1358 2235 klagen:
1384 2175 1433 2235 den
1469 2174 1604 2234 Dichter,
1625 2172 1675 2232 den
1711 2172 1886 2232 Menschen,
1912 2171 1961 2231 der
1992 2170 2027 2230 um
2073 2165 2117 2225 die
2153 2160 2233 2220 alles
2259 2157 2384 2217 spiegelt
2410 2157 2450 2217 sich
2480 2157 2505 2217 in
2536 2155 2585 2215 den
2616 2152 2852 2212 österreichischen
2888 2148 3038 2208 Menschen

1234 2212 1336 2272 Tiefen
1376 2214 1424 2274 des
1459 2212 1659 2272 menschlichen
1699 2211 1811 2271 Lebens
1851 2209 1948 2269 wußte
1983 2208 2036 2268 und
2076 2204 2124 2264 der
2155 2199 2208 2259 der
2233 2198 2462 2258 Schnitzlerschen
2492 2193 2610 2253 Werke,
2625 2193 2683 2253 und
2708 2193 2820 2253 nimmt
2845 2190 2903 2250 man
2933 2187 2967 2247 sie
2987 2187 3045 2247 alle

2202 2237 2342 2297 ammen,
2361 2234 2435 2294 dann
2469 2231 2524 2291 sind
2553 2230 2585 2290 sie
2614 2229 2678 2289 eine
2703 2228 2819 2288 restlose
2843 2225 3044 2285 Schilderung

1232 2250 1292 2310 uns
1316 2252 1498 2312 teilnehmen
1527 2252 1577 2312 ließ
1606 2249 1638 2309 an
1667 2249 1714 2309 der
1733 2248 1845 2308 ewigen
1874 2248 2037 2308 Sehnsucht
2061 2245 2121 2305 nach

2156 2276 2202 2336 des
2236 2271 2555 2331 Oesterreichertums,
2579 2270 2621 2330 ein
2659 2270 2855 2330 Querschnitt
2885 2266 2968 2326 durch
3002 2262 3048 2322 die

1234 2288 1282 2348 dem
1330 2289 1406 2349 ewig
1445 2289 1661 2349 Unerfüllten,
1685 2288 1718 2348 da
1753 2288 1781 2348 er
1815 2286 1877 2346 uns
1911 2288 1987 2348 seine
2021 2285 2112 2345 Werk

2163 2315 2244 2375 Seele
2273 2314 2330 2374 und
2355 2312 2407 2372 das
2437 2311 2513 2371 Herz
2538 2308 2628 2368 dieser
2653 2307 2806 2367 Menschen
2835 2302 2849 2362 —
2898 2303 2955 2363 und
2984 2303 3041 2363 doch

1239 2328 1374 2388 schenkte.
1405 2328 1566 2388 Vielleicht
1591 2325 1626 2385 ist
1652 2325 1697 2385 die
1723 2327 1793 2387 Zeit
1818 2324 1848 2384 an
1884 2326 1929 2386 ihm
1975 2324 2130 2384 vorbeige¬

2159 2352 2232 2412 nicht
2257 2353 2331 2413 ganz
2361 2351 2577 2411 vollkommen;
2602 2348 2646 2408 ein
2676 2348 2739 2408 Typ
2770 2345 2867 2405 fehlt:
2888 2342 3040 2402 Menschen

1237 2369 1393 2429 schritten,
1408 2367 1458 2427 der
1479 2366 1599 2426 Inhalt
1626 2365 1716 2425 seines
1747 2364 1923 2424 Schaffens,
1939 2363 1984 2423 die
2010 2363 2130 2423 geistige

2161 2391 2214 2451 wie
2244 2390 2357 2450 Arthur
2377 2388 2548 2448 Schnitzler.
2583 2387 2706 2447 Gewiß,
2731 2387 2785 2447 wir
2805 2384 2858 2444 sind
2888 2384 2961 2444 nicht
2977 2381 3040 2441 reich

1241 2407 1334 2467 Kraft
1354 2405 1447 2465 dieses
1477 2407 1653 2467 Menschen,
1674 2404 1718 2464 die
1743 2403 1787 2463 sich
1817 2402 1841 2462 in
1876 2405 1968 2465 seinen
2003 2403 2121 2463 Werken

1239 2446 1376 2506 spiegelt,
1401 2443 1448 2503 die
1477 2440 1510 2500 ist
1539 2442 1644 2502 zeitlos
1678 2443 1735 2503 und
1769 2443 1859 2503 daher
1888 2442 2122 2502 unvergänglich
2160 2432 2274 2492 daran,
2294 2428 2346 2488 und
2375 2428 2432 2488 wir
2452 2426 2575 2486 scheinen
2604 2424 2714 2484 immer
2734 2422 2838 2482 ärmer
2862 2420 2886 2480 zu
2915 2420 3053 2480 werden;

1239 2482 1284 2542 für
1305 2483 1392 2543 jene,
1408 2483 1449 2543 die
1475 2482 1521 2542 ihn
1548 2482 1717 2542 verstanden
1748 2480 1861 2540 haben;
1888 2481 1954 2541 jene
1980 2479 2068 2539 aber,
2084 2475 2124 2535 die
2156 2470 2290 2530 deshalb
2316 2467 2351 2527 ist
2367 2467 2418 2527 der
2439 2464 2563 2524 Verlust
2589 2466 2645 2526 noch
2671 2464 2826 2524 schwerer,
2842 2461 2887 2521 als
2908 2461 2939 2521 er
2960 2457 3052 2517 ohne¬

1233 2521 1280 2581 ihn
1313 2523 1444 2583 gekannt
1471 2521 1587 2581 haben,
1603 2521 1650 2581 die
1678 2521 1815 2581 beklagen
1852 2518 1926 2578 nicht
1953 2518 2010 2578 nur
2037 2517 2122 2577 einen
2160 2509 2228 2569 dies
2255 2509 2328 2569 schon
2360 2505 2413 2565 sein
2450 2502 2566 2562 müßte.

2197 2548 2256 2608 Die
2286 2545 2433 2605 Mitwelt
2457 2544 2510 2604 hat
2540 2542 2657 2602 Arthur
2688 2540 2852 2600 Schnitzler
2882 2538 2958 2598 nicht
2989 2535 3047 2595 mit

1238 2563 1343 2623 großen
1377 2561 1516 2621 Dichter,
1536 2560 1660 2620 sondern
1689 2560 1771 2620 einen
1805 2560 1929 2620 gütigen
1963 2557 2116 2617 Menschen

2159 2587 2208 2647 den
2242 2587 2375 2647 üblichen
2409 2581 2674 2641 Auszeichnungen
2709 2579 2827 2639 geehrt,
2847 2578 2880 2638 sie
2911 2576 2959 2636 hat
2989 2574 3033 2634 ihm

1237 2600 1289 2660 und
1323 2601 1390 2661 groß
1424 2599 1457 2659 ist
1483 2599 1530 2659 der
1554 2599 1708 2659 Schmerz,
1728 2599 1804 2659 nicht
1829 2599 1910 2659 mehr
1940 2597 1992 2657 das
2022 2596 2127 2656 Antlit

2161 2627 2237 2687 keine
2271 2625 2356 2685 Titel
2385 2623 2442 2683 und
2481 2623 2562 2683 keine
2591 2620 2691 2680 Orden
2730 2618 2902 2678 verliehen,
2926 2615 2964 2675 sie
2993 2613 3045 2673 hat

1238 2640 1261 2700 zu
1299 2640 1401 2700 sehen,
1425 2637 1447 2697 in
1486 2637 1536 2697 das
1570 2636 1620 2696 das
1653 2637 1793 2697 Schicksal
1822 2637 1905 2697 mehr
1934 2636 1980 2696 als
2013 2635 2134 2695 einmal

2161 2664 2205 2724 ihm
2245 2664 2288 2724 oft
2314 2664 2461 2724 Kummer
2486 2658 2629 2718 bereitet,
2649 2658 2723 2718 statt
2748 2657 2860 2717 freudig
2891 2652 3052 2712 Dankbar¬

1237 2677 1284 2737 die
1313 2679 1447 2739 Furchen
1481 2679 1534 2739 des
1568 2676 1673 2736 Leides
1712 2678 1764 2738 und
1798 2676 1851 2736 des
1885 2676 2052 2736 Kummers
2086 2671 2129 2731 ge¬

2159 2706 2218 2766 keit
2243 2705 2272 2765 zu
2302 2703 2425 2763 zeigen;
2460 2700 2494 2760 sie
2524 2697 2588 2757 war
2618 2697 2776 2757 ungerecht
2807 2694 2860 2754 und
2890 2691 2974 2751 sollte
3004 2691 3048 2751 sich

1237 2717 1323 2777 zogen
1353 2718 1425 2778 hat.

1279 2757 1368 2817 Wenn
1406 2754 1474 2814 man
1506 2754 1668 2814 Schnitzler
1701 2754 1758 2814 nach
1790 2754 2032 2814 biographischen
2069 2751 2132 2811 An¬
2154 2743 2306 2803 schämen.
2327 2741 2401 2801 Jetzt
2422 2739 2569 2799 natürlich
2591 2736 2664 2796 senkt
2680 2736 2717 2796 sie
2733 2733 2848 2793 traurig
2875 2732 2922 2792 das
2944 2729 3048 2789 Haupt

1237 2800 1329 2860 gaben
1365 2796 1483 2856 fragte,
1504 2796 1616 2856 pflegte
1648 2796 1678 2856 er
1704 2793 1811 2853 immer
1844 2793 1869 2853 zu
1900 2793 2012 2853 sagen:
2039 2791 2125 2851 „1862
2162 2785 2218 2845 vor
2244 2783 2290 2843 der
2316 2781 2481 2841 sterblichen
2512 2777 2599 2837 Hülle
2625 2775 2707 2835 eines
2738 2772 2974 2832 Unsterblichen.

2656 2818 2710 2878 Dr.
2733 2820 2804 2880 Hans
2832 2817 3024 2877 Kronengold.

1241 2838 1388 2898 geboren,
1404 2835 1507 2895 früher
1527 2835 1640 2895 Arzt“";
1655 2832 1704 2892 das
1729 2835 1793 2895 war
1813 2832 1906 2892 alles.
1936 2832 2009 2892 Sein
2035 2832 2132 2892 Vater

1239 2874 1300 2934 war
1334 2874 1377 2934 ein
1416 2873 1593 2933 berühmter
1627 2873 1857 2933 Laryngologe,
1881 2870 1909 2930 zu
1943 2871 2034 2931 dessen
2073 2867 2135 2927 Pe¬

2257 2897 2621 2957 Schnitzlers
2676 2894 2942 2954 Nachlaß

1232 2914 1433 2974 tientenkreis
1467 2910 1515 2970 die
1544 2912 1760 2972 namhaftesten
1799 2912 1948 2972 Künstler
1972 2909 2135 2969 gehörten,

2236 2951 2276 3011 Im
2317 2954 2443 3014 Nachlaß
2479 2951 2593 3011 Arthur
2623 2948 2802 3008 Schnitzlers
2832 2945 2970 3005 befinden
3005 2944 3045 3004 sich

1239 2951 1296 3011 und
1330 2951 1377 3011 der
1406 2950 1545 3010 Kontakt
1574 2951 1631 3011 mit
1660 2951 1750 3011 diesem
1794 2950 1947 3010 Menschen
1986 2948 2038 3008 hat
2067 2948 2114 3008 dem

1238 2993 1349 3053 jungen
1380 2990 1544 3050 Schnitzler
1568 2991 1720 3051 geholfen,
1744 2990 1785 3050 die
1815 2988 1979 3048 Sehnsucht
2003 2987 2132 3047 künstle=
2156 2991 2209 3051 die
2233 2993 2421 3053 Fragmente
2451 2990 2526 3050 eines
2563 2988 2721 3048 Romans,
2739 2987 2821 3047 eines
2851 2984 3044 3044 Schauspiels

2168 3038 2239 3098 „Zug
2276 3031 2328 3091 der
2359 3031 2519 3091 Schatten"
2556 3026 2649 3086 sowie
2680 3023 2980 3083 Tagebuchnotizen,
3006 3020 3052 3080 die

1234 3032 1339 3092 rischen
1373 3027 1530 3087 Schaffens
1555 3029 1578 3089 in
1607 3029 1650 3089 die
1669 3029 1731 3089 Tat
1751 3029 1941 3089 umzusetzen.
1966 3026 2008 3086 Er
2028 3026 2128 3086 wurde

2156 3070 2208 3130 bis
2237 3070 2304 3130 1895
2333 3069 2543 3129 zurückreichen
2577 3066 2629 3126 und
2663 3064 2715 3124 vom
2759 3062 2878 3122 Dichter
2907 3061 2935 3121 zu
2969 3058 3050 3118 einer

1234 3068 1327 3128 Arzt,
1347 3069 1421 3129 teils
1451 3067 1500 3127 dem
1545 3065 1702 3125 Beispiele
1727 3067 1825 3127 seines
1855 3067 1968 3127 Vaters
1998 3064 2121 3124 folgend

1238 3108 1310 3168 teils
1345 3107 1406 3167 aus
1441 3106 1491 3166 dem
1531 3107 1677 3167 Wunsche
1706 3106 1835 3166 heraus,
1863 3104 1908 3164 der
1942 3103 2128 3163 Menschheit
2157 3109 2426 3169 Autobiographie
2461 3104 2646 3164 verarbeitet
2675 3103 2793 3163 werden
2827 3099 2951 3159 sollten.
2991 3095 3047 3155 Die

2163 3148 2364 3208 Verwaltung
2399 3145 2448 3205 des
2478 3142 2670 3202 Nachlasses,
2696 3141 2744 3201 der
2774 3139 2907 3199 darüber
2942 3136 3050 3196 hinaus

1241 3150 1265 3210 zu
1295 3146 1413 3206 helfen.
1438 3145 1482 3205 Er
1508 3145 1571 3205 war
1596 3147 1704 3207 vorerst
1729 3145 1867 3205 Assistent
1888 3143 1980 3203 seines
2011 3143 2123 3203 Vaters

1238 3187 1340 3247 wurde
1366 3184 1443 3244 dann
1480 3186 1696 3246 Militärarzt,
1717 3184 1814 3244 mußte
1845 3181 1917 3241 aber
1943 3181 1989 3241 den
2026 3184 2133 3244 Dienst
2160 3187 2324 3247 zahlreiche
2356 3181 2617 3241 Aufzeichnungen
2664 3181 2721 3241 und
2757 3178 2875 3238 Skizzen
2922 3175 3055 3235 enthält,

2161 3226 2233 3286 liegt
2257 3225 2281 3285 in
2310 3224 2357 3284 den
2392 3223 2512 3283 Händen
2541 3220 2593 3280 des
2618 3217 2848 3277 Dramaturgen
2883 3215 2930 3275 der
2959 3211 3055 3271 Rein¬

1232 3223 1399 3283 verlassen,
1420 3226 1469 3286 als
1494 3226 1523 3286 er
1553 3223 1726 3283 „Leutnant
1751 3223 1854 3283 Gustl“
1879 3220 2135 3280 veröffentlichte.

2168 3262 2413 3322 hardt=Bühnen,
2439 3261 2506 3321 Dr.
2531 3261 2635 3321 Franz
2666 3260 2770 3320 Hosch,
2796 3255 2850 3315 der
2882 3252 2949 3312 jetzt
2980 3251 3047 3311 eine

1241 3264 1398 3324 Vielleicht
1428 3262 1506 3322 hätte
1536 3260 1565 3320 er
1595 3264 1638 3324 als
1669 3263 1742 3323 Arzt
1772 3261 1864 3321 vielen
1899 3261 2051 3321 Menschen
2086 3257 2134 3317 ge¬

1242 3304 1360 3364 holfen,
1381 3302 1468 3362 hätte
1494 3301 1530 3361 sie
1556 3300 1612 3360 von
1644 3302 1751 3362 Leiden
1783 3300 1911 3360 befreit,
1932 3300 2060 3360 geheilt,
2087 3298 2132 3358 ge=
2159 3303 2307 3363 Sichtung
2339 3298 2519 3358 vornimmt.

2202 3346 2264 3406 Wie
2298 3342 2344 3402 der
2373 3342 2457 3402 Sohn
2492 3339 2667 3399 Schnitzlers
2701 3337 2848 3397 mitteilt,
2871 3333 2922 3393 hat
2951 3330 2984 3390 er
3013 3330 3035 3390 im

1240 3342 1352 3402 rettet;
1381 3341 1408 3401 so
1442 3339 1511 3399 aber
1545 3341 1595 3401 hat
1624 3339 1656 3399 er
1685 3342 1862 3402 Tausenden
1896 3339 2059 3399 geschenkt,
2087 3337 2138 3397 hat

1237 3381 1308 3441 ihre
1333 3381 1476 3441 seelischen
1513 3379 1614 3439 Leiden
1651 3379 1819 3439 gelindert.
1844 3378 1903 3438 Die
1934 3378 2023 3438 ganze
2054 3377 2131 3437 Kul=
2156 3383 2293 3443 Nachlaß
2318 3382 2408 3442 seines
2438 3379 2546 3439 Vaters
2571 3378 2708 3438 folgende
2733 3372 3045 3432 Verfügungen

1239 3420 1366 3480 turwelt
1396 3420 1449 3480 und
1484 3418 1645 3478 jedenfalls
1675 3419 1768 3479 alles,
1793 3417 1856 3477 was
1886 3417 1934 3477 dem
1979 3417 2125 3477 deutschen
2161 3423 2395 3483 vorgefunden:
2420 3416 2704 3476 „Bestimmungen,
2724 3414 2773 3474 die
2798 3413 2836 3473 ich
2866 3411 2954 3471 gleich
2989 3406 3052 3466 nach

1240 3459 1440 3519 Kulturkreis
1466 3458 1631 3518 nahesteht,
1646 3458 1747 3518 müßte
1768 3458 1792 3518 im
1828 3456 1998 3516 Trauerzug
2029 3456 2134 3516 gehen,
2160 3462 2280 3522 meinem
2326 3458 2456 3518 Ableben
2497 3457 2521 3517 zu
2557 3454 2682 3514 erfüllen
2718 3453 2818 3513 bitte:
2844 3450 3059 3510 Herzstich,

1236 3501 1314 3561 ganz
1344 3497 1412 3557 vorn
1451 3497 1539 3557 aber,
1559 3497 1764 3557 unmittelbar
1794 3494 1897 3554 hinter
1922 3494 1975 3554 dem
2020 3496 2137 3556 Sarge,
2157 3500 2283 3560 keine
2338 3497 2524 3557 Kränze,
2568 3491 2690 3551 keine
2745 3489 2916 3549 schwarz
2965 3482 3052 3542 um¬

1242 3539 1272 3599 da
1309 3539 1375 3599 muß
1406 3536 1586 3596 Oesterreich
1618 3537 1720 3597 knien,
1741 3536 1818 3596 denn
1855 3533 1911 3593 sein
1942 3533 2070 3593 Verlust
2096 3536 2132 3596 ist
2159 3538 2333 3598 rahmte
2359 3533 2673 3593 Kundgebung,
2689 3528 2776 3588 auch
2803 3527 2838 3587 in
2869 3527 2936 3587 der
2962 3524 3059 3584 Zei¬

1235 3578 1440 3638 unersetzlich.
1472 3577 1579 3637 Dieses
1616 3575 1811 3635 Oesterreich,
1837 3574 1893 3634 das
1930 3573 2006 3633 seine
2043 3572 2130 3632 welt¬
2157 3576 2264 3636 tung
2296 3574 2414 3634 nicht,
2435 3570 2691 3630 Begräbnis
2718 3565 2866 3625 letzter
2893 3562 3057 3622 Klasse.

1237 3617 1391 3677 politische
1422 3617 1607 3677 Bedeutung
1643 3614 1777 3674 verloren
1814 3614 1885 3674 hat,
1912 3614 1983 3674 aber
2014 3614 2040 3674 in
2081 3614 2132 3674 der
2159 3614 2231 3674 Das
2262 3613 2344 3673 durch
2380 3609 2550 3669 Befolgung
2591 3607 2684 3667 dieser
2710 3604 2931 3664 Verfügungen
2968 3599 3054 3659 erüb¬

1242 3659 1381 3719 geistigen
1412 3656 1497 3716 Welt
1527 3656 1582 3716 und
1613 3656 1637 3716 im
1678 3653 1883 3713 Kulturleben
1914 3653 2033 3713 unserer
2064 3652 2134 3712 Zeit
2160 3652 2245 3712 rigte
2275 3652 2350 3712 Geld
2396 3648 2430 3708 ist
2461 3646 2796 3706 Spitalzwecken
2842 3641 3057 3701 zuzuwenden.

1243 3696 1319 3756 seine
1343 3696 1490 3756 Stellung
1520 3694 1658 3754 behalten
1692 3693 1758 3753 hat,
1778 3691 1844 3751 darf
1869 3691 1949 3751 nicht
1973 3691 2140 3751 vergessen,
2165 3690 2264 3750 Keine
2299 3688 2417 3748 Reden,
2442 3685 2651 3745 Vermeidung
2690 3681 2766 3741 allen
2804 3679 2943 3739 rituellen
2986 3673 3057 3733 Bei¬

1241 3733 1294 3793 daß
1324 3736 1491 3796 Schnitzler
1521 3733 1545 3793 in
1579 3733 1746 3793 allererster
1776 3733 1868 3793 Reihe
1903 3733 1927 3793 zu
1962 3733 2050 3793 jenen
2085 3729 2113 3789 ge
2158 3729 2276 3789 werks.
2296 3729 2388 3789 Keine
2413 3725 2643 3785 Trauerkränze
2668 3723 2731 3783 nach
2761 3721 2879 3781 meinem
2918 3716 3030 3776 Tode¬

1242 3775 1326 3835 hört,
1353 3776 1400 3836 die
1438 3775 1633 3835 mitgeholfen
1676 3775 1787 3835 haben,
1814 3775 1993 3835 Oesterreich
2036 3772 2125 3832 diesen
2163 3771 2290 3831 absolut
2311 3767 2464 3827 keine!"
