3436 4384
187 372 299 432 12.
358 369 853 429 Schnitzler
920 363 947 423 s
1016 366 1252 426 Death

422 772 1122 832 „OBSERVER

501 831 526 891 l.
543 827 665 887 österr.
682 826 834 886 behördl.
851 823 1145 883 konzessioniertes

474 876 707 936 Unternehmen
738 875 785 935 für
811 870 1183 930 Zeitungs-Ausschnitte

534 937 676 997 WIEN,
696 942 741 1002 I.,
768 938 1027 998 WOLLZEILE
1067 933 1111 993 11

615 993 827 1053 TELEPHON
864 988 1045 1048 R-23-0-43

412 1127 637 1187 Ausschnitt
668 1127 729 1187 aus
750 1127 760 1187 :

834 1158 888 1218 r
907 1167 988 1227 7ag.
999 1172 1080 1232 Wien

418 1348 538 1408 vom:

690 1381 898 1441 28.0K7

414 1517 1096 1577 „Hofmannsthal—Schnitzler—Wildgans.“

509 1575 647 1635 Sonntag
677 1575 724 1635 den
755 1572 791 1632 9.
816 1569 977 1629 November
1007 1569 1097 1629 findet
1128 1566 1163 1626 um
1206 1563 1271 1623 halb

417 1625 449 1685 12
483 1623 543 1683 Uhr
572 1623 755 1683 vormittags
807 1619 835 1679 im
878 1616 1282 1676 Akademietheater

416 1674 458 1734 die
510 1671 743 1731 Veranstaltung
794 1666 840 1726 der
874 1665 1279 1725 Anton=Wildgans=Gesell¬

419 1721 504 1781 schaft
525 1715 1253 1775 „Hofmannsthal—Schnitzler¬

415 1770 664 1830 Wildgans“
693 1764 774 1824 statt.
813 1761 1001 1821 Einleitende
1030 1760 1145 1820 Worte:
1169 1758 1279 1818 Doktor

418 1820 499 1880 Felix
528 1817 692 1877 Braun.
731 1811 956 1871 Vortrogende:
995 1809 1100 1869 Raoul
1144 1807 1273 1867 Aslan

426 1865 702 1925 (Hofmannsthal),
742 1861 825 1921 Alma
860 1859 1037 1919 Seidler
1087 1856 1283 1916 (Schnitzler),

418 1916 489 1976 Fred
523 1913 745 1973 Hennings
804 1907 1000 1967 (Wildgans).
1045 1904 1285 1964 Kartenverkauf

415 1963 438 2023 im
487 1961 679 2021 Sekretariat
714 1959 761 2019 der
796 1954 1272 2014 Anton=Wildgans=Gesellschaft

418 2011 447 2071 1.
473 2011 590 2071 Bezirk,
611 2010 758 2070 Parkring
783 2006 797 2066 8
832 2003 1068 2063 (Kulturbund),
1108 2002 1152 2062 bei
1177 2002 1280 2062 Brau¬

417 2060 525 2120 müller
550 2060 601 2120 und
630 2059 662 2119 an
692 2059 738 2119 der
763 2054 1094 2114 Bundestheaterkasse.

728 2710 1100 2770 ABSERVER

1113 2772 1247 2832 Nr.1)

623 2910 712 2970 Reue
732 2912 830 2972 Freie
849 2913 993 2973 éresst,
1004 2910 1092 2970 Viel

765 2981 849 3041 1.

380 3021 518 3081 Tonntag
546 3024 579 3084 um
624 3027 711 3087 11.30
739 3030 799 3090 Uhr
826 3032 913 3092 findet
940 3034 965 3094 im
1010 3037 1411 3097 Akademietheater

292 3063 336 3123 die
361 3065 586 3125 Veranstaltung
616 3071 659 3131 der
685 3077 1415 3137 Anton=Wildgans=Gesellschaft

299 3118 1230 3178 „Hofmannsthal=Schnitzler=Wildgans"
1256 3125 1333 3185 statt.
1349 3124 1421 3184 Ein¬

294 3149 413 3209 leitende
452 3151 582 3211 Worte:
616 3155 682 3215 Dr.
716 3158 797 3218 Felix
841 3161 1013 3221 Braun;
1052 3164 1282 3224 Vortragende:
1316 3170 1421 3230 Raoul

295 3192 430 3252 Aslan
471 3197 748 3257 (Hofmannsthal),
778 3203 864 3263 Alma
900 3203 1080 3263 Seidler
1116 3209 1312 3269 (Schnitzler),
1343 3213 1413 3273 Fred

290 3236 519 3296 Hennings
558 3242 774 3302 (Wildgans)).
803 3248 1043 3308 Kartenverkauf
1072 3248 1100 3308 im
1149 3250 1335 3310 Sekretariat
1370 3253 1417 3313 der

298 3282 780 3342 Anton=Wildgans=Gesellschaft,
810 3289 838 3349 I.
864 3291 1006 3351 Parkring
1036 3292 1050 3352 8
1085 3295 1316 3355 (Kulturbund),
1336 3298 1423 3358 Tele¬

295 3320 360 3380 phon
398 3325 579 3385 R-24-2-71,
608 3326 658 3386 bei
687 3330 896 3390 Braumüller,
925 3331 952 3391 I.
972 3334 1088 3394 Graben
1116 3339 1172 3399 21,
1200 3338 1256 3398 und
1294 3341 1326 3401 an
1368 3340 1414 3400 der

299 3366 617 3426 Bundestheaterkasse,
652 3371 680 3431 1.
701 3373 936 3433 Bräunerstraße
966 3376 994 3436 14
1039 3381 1293 3441 (Opernschalter).
1338 3384 1415 3444 Mit¬

292 3407 396 3467 glieder
440 3409 488 3469 der
527 3415 996 3475 Anton=Wildgans=Gesellschaft
1039 3422 1168 3482 genießen
1212 3426 1269 3486 eine
1308 3428 1413 3488 50pro¬

284 3452 411 3512 zentige,
430 3457 784 3517 Kulturbundmitglieder
814 3460 871 3520 eine
901 3464 1104 3524 25prozentige
1134 3470 1354 3530 Ermäßigung.

1454 360 1585 420 box
1663 363 1849 423 44/3

1855 1244 2635 1304 „OBSERVER'

1927 1296 1953 1356 1.
1971 1294 2092 1354 österr.
2110 1298 2262 1358 behördl.
2280 1300 2575 1360 konzessioniertes

1895 1345 2129 1405 Unternehmen
2159 1347 2207 1407 für
2233 1351 2605 1411 Zeitungs-Ausschnitte

1954 1408 2103 1468 WIEN,
2124 1411 2162 1471 I.,
2189 1414 2451 1474 WOLLZEILE
2492 1417 2536 1477 11

2030 1465 2239 1525 TELEPHON
2275 1465 2454 1525 R-23-0-43

1829 1593 2057 1653 Ausschnitt
2084 1596 2145 1656 aus
2166 1597 2175 1657 :

1837 1813 1945 1873 vom:

1822 1972 2308 2032 Dichtergedächtnisfeier
2349 1977 2379 2037 im
2435 1978 2843 2038 Akademietheater.

1840 2033 2083 2093 Veranstaltet
2117 2035 2178 2095 von
2222 2037 2271 2097 der
2311 2041 2893 2101 Anton=Wildgans=Ge¬

1769 2078 2022 2138 sellschaft,
2040 2081 2111 2141 fand
2139 2080 2172 2140 am
2217 2081 2371 2141 Sonntag
2400 2086 2515 2146 mittag
2543 2087 2598 2147 für
2621 2086 2692 2146 drei
2714 2086 2741 2146 im
2781 2086 2879 2146 letzten

1765 2119 1960 2179 Jahrfünft
1992 2123 2192 2183 verstorbene
2235 2127 2477 2187 österreichische
2515 2128 2662 2188 Dichter,
2694 2131 2747 2191 für
2784 2128 2894 2188 Hof¬

1765 2162 2070 2222 mannsthal,
2092 2166 2344 2226 Schnitzler
2398 2169 2460 2229 und
2519 2171 2792 2231 Wildgans,
2841 2172 2866 2232 im

1767 2204 2049 2264 Akademiethater
2083 2208 2149 2268 eine
2172 2211 2465 2271 stimmungsvolle
2494 2214 2776 2274 Gedächtnisfeier
2804 2214 2898 2274 statt,

1762 2247 1813 2307 die
1844 2248 1911 2308 Dr.
1932 2250 2004 2310 Felx
2036 2250 2195 2310 Braun
2227 2253 2289 2313 mit
2315 2254 2402 2314 einer
2434 2256 2645 2316 gehaltvollen
2682 2256 2888 2316 Gedenkrede

1765 2291 1945 2351 einleitete,
1971 2292 2002 2352 in
2039 2292 2089 2352 der
2126 2293 2156 2353 er
2188 2295 2255 2355 sehr
2287 2295 2435 2355 geistvoll
2488 2296 2544 2356 das
2581 2298 2730 2358 Schaffen
2788 2301 2890 2361 dieser

1760 2333 1844 2393 toten
1887 2337 2045 2397 Künstler
2077 2337 2134 2397 von
2177 2338 2229 2398 der
2267 2339 2377 2399 Warte
2415 2342 2725 2402 altösterreichischer
2763 2343 2884 2403 Kultur

1763 2376 1814 2436 her
1840 2378 2041 2438 analysierte
2078 2381 2139 2441 und
2170 2381 2221 2441 dem
2273 2382 2423 2442 Wunsche
2454 2385 2624 2445 Ausdruck
2661 2387 2804 2447 verlieh,
2836 2387 2887 2447 ihr

1766 2420 1912 2480 Schaffen
1942 2423 2032 2483 möge
2061 2423 2139 2483 nicht
2163 2423 2196 2483 zu
2225 2425 2304 2485 totem
2350 2429 2729 2489 Bibliothekenbestand,
2746 2429 2876 2489 sondern

1764 2467 1817 2527 zum
1867 2465 2050 2525 lebendigen
2089 2468 2257 2528 Volksgut
2285 2468 2441 2528 gehören.

1851 2516 2080 2576 Anschließend
2134 2519 2188 2579 las
2219 2519 2340 2579 Raoul
2364 2522 2516 2582 Aslan
2571 2522 2639 2582 mit
2686 2525 2884 2585 sprachlicher

1763 2558 2000 2618 Meisterschaft
2040 2561 2449 2621 Hofmannsthals
2510 2567 2742 2627 Gedichte,
2787 2570 2880 2630 deren

1765 2600 1910 2660 poetische
1943 2602 2121 2662 Schönheit
2148 2603 2180 2663 in
2219 2602 2266 2662 der
2299 2605 2515 2665 Wiedergabe
2548 2607 2575 2667 in
2613 2608 2710 2668 vollem
2759 2609 2882 2669 Glanze

1760 2643 1950 2703 erstrahlte,
1977 2647 2172 2707 namentlich
2214 2647 2272 2707 das
2310 2649 2489 2709 gedanklich
2548 2651 2632 2711 tiefe
2685 2650 2886 2710 „Erlebnis"

1766 2686 1936 2746 hinterließ
1965 2689 2080 2749 starken
2108 2690 2284 2750 Eindruck.
2301 2692 2405 2752 Artur
2428 2694 2703 2754 Schnitzlers
2731 2695 2880 2755 Schaffen

1763 2732 1832 2792 galt
1865 2731 1914 2791 die
1947 2731 2131 2791 Vorlesung
2169 2733 2266 2793 Alma
2305 2736 2559 2796 Seidlers,
2609 2738 2656 2798 die
2711 2741 2792 2801 zwei
2825 2740 2895 2800 ent¬

1760 2774 1907 2834 zückende
1940 2777 2209 2837 Kurzgeschichten
2247 2776 2310 2836 aus
2342 2776 2394 2836 dem
2443 2779 2548 2839 Buche
2581 2779 2686 2839 „Die
2734 2782 2892 2842 kleine

1760 2817 2009 2877 Komödie“
2047 2818 2117 2878 las,
2144 2820 2192 2880 die
2226 2820 2420 2880 „Geschichte
2459 2820 2545 2880 eines
2583 2821 2751 2881 Genies",
2800 2823 2886 2883 eines

1764 2859 2061 2919 Schmetterlings,
2084 2862 2132 2922 der
2159 2862 2207 2922 sich
2241 2862 2267 2922 zu
2305 2862 2375 2922 früh
2408 2865 2435 2925 in
2468 2865 2521 2925 den
2554 2865 2716 2925 Frühling
2749 2865 2889 2925 hinaus¬

1760 2904 1868 2964 wagt,
1894 2904 1955 2964 und
1987 2904 2038 2964 die
2070 2904 2245 2964 wienerisch
2277 2907 2483 2967 humorvolle
2515 2909 2773 2969 Tragikomödie
2805 2910 2887 2970 eines

1762 2948 2201 3008 Sicherheitswachmannes
2249 2950 2354 3010 „Ein
2392 2951 2609 3011 Erfolg“.
2652 2954 2784 3014 Gerade
2832 2955 2889 3015 für

1764 2988 1792 3048 so
1821 2991 1942 3051 kleine,
1966 2993 2052 3053 zarte
2087 2991 2144 3051 und
2180 2991 2277 3051 dabei
2301 2994 2508 3054 humorvolle
2544 2996 2671 3056 Skizzen
2712 3000 2751 3060 ist
2792 3000 2878 3060 Frau

1763 3033 1966 3093 Seidler
2008 3035 2053 3095 die
2089 3035 2170 3095 beste
2200 3035 2443 3095 Interpretin.

1852 3084 1923 3144 Zum
1972 3086 2145 3146 Abschlusse
2176 3086 2230 3146 der
2255 3089 2350 3149 Feier
2381 3089 2489 3149 sprach
2519 3092 2604 3152 Fred
2628 3092 2880 3152 Hennings

1762 3130 1867 3190 zuerst
1899 3131 1977 3191 zwei
2010 3131 2210 3191 Prosastücke
2242 3131 2300 3191 von
2343 3134 2448 3194 Anton
2491 3134 2765 3194 Wildgans.
2813 3136 2886 3196 Das

1762 3171 1953 3231 Mödlinger
1980 3173 2243 3233 Tagebuchblatt
2270 3173 2321 3233 vom
2369 3173 2404 3233 6.
2426 3174 2575 3234 Februar
2607 3176 2684 3236 1920
2716 3176 2892 3236 entwickelt

1765 3216 1975 3276 interessante
1996 3215 2166 3275 Gedanken
2198 3215 2274 3275 über
2301 3215 2357 3275 das
2384 3218 2532 3278 Schaffen
2569 3219 2615 3279 des
2641 3221 2811 3281 Dichters,
2827 3221 2888 3281 Ge¬

1763 3257 1905 3317 danken,
1922 3256 1971 3316 die
1994 3256 2021 3316 in
2055 3259 2104 3319 dem
2143 3259 2231 3319 Essay
2264 3259 2369 3319 „Von
2408 3264 2761 3324 schöpferischer
2789 3265 2888 3325 Ein¬

1758 3300 1941 3360 gebung
1980 3299 2065 3359 und
2098 3299 2455 3359 künstlerischer
2488 3304 2682 3364 Arbeit“
2715 3307 2784 3367 noch
2817 3307 2892 3367 um¬

1759 3343 1921 3403 fassender
1955 3343 2180 3403 ausgewertet
2209 3343 2333 3403 werden
2377 3346 2438 3406 und
2477 3349 2654 3409 beweisen,
2688 3350 2750 3410 von
2798 3349 2888 3409 welch

1764 3386 1854 3446 hoher
1886 3385 1997 3445 Warte
2024 3387 2198 3447 Wildgans
2236 3386 2283 3446 den
2321 3388 2432 3448 Beruf
2459 3388 2512 3448 des
2544 3393 2692 3453 Dichters
2724 3394 2793 3454 sah.
2820 3394 2888 3454 Mit

1765 3428 1885 3488 einigen
1931 3430 2192 3490 gedankentiefen
2233 3430 2298 3490 und
2355 3433 2576 3493 formschönen
2637 3436 2782 3496 lyrischen
2823 3436 2893 3496 Ge¬

1766 3471 1876 3531 dichten
1911 3471 1967 3531 aus
1998 3472 2047 3532 den
2078 3474 2179 3534 letzten
2214 3473 2451 3533 Lebensjahren
2482 3476 2578 3536 schloß
2609 3477 2683 3537 diese
2709 3477 2895 3537 eindrucks¬

1765 3513 1844 3573 dolle
1875 3516 2151 3576 Veranstaltung,
2172 3516 2221 3576 der
2252 3516 2282 3576 u.
2302 3517 2337 3577 a.
2358 3519 2458 3579 Bgm.
2478 3520 2604 3580 Seitz
2624 3519 2684 3579 und
2715 3520 2890 3580 Sektions¬

1765 3561 1824 3621 chef
1855 3561 1921 3621 Dr.
1946 3562 2150 3622 Pernter
2181 3563 2404 3623 beiwohnten.

2772 3564 2850 3624 tzl.
