3392 4320
1364 291 1485 351 box
1563 295 1746 355 43/2

105 292 182 352 2.
242 296 742 356 Schnitzler
804 300 841 360 s
911 299 1136 359 Deatl

885 1218 1086 1278 VER

364 1225 622 1285 OBS

458 1282 480 1342 I.
495 1283 617 1343 österr.
627 1281 777 1341 behördl.
787 1276 1087 1336 konzessioniertes

412 1324 644 1384 Unternehmen
674 1321 724 1381 für
753 1318 1134 1378 Zeitungs-Ausschnitte

464 1381 614 1441 WIEN,
643 1386 692 1446 I.,
715 1381 1001 1441 WOLLZEILE
1045 1378 1087 1438 11

562 1432 779 1492 TELEPHON
814 1431 986 1491 R-23-0-43

359 1580 582 1640 Ausschnitt
608 1578 697 1638 aus:

741 1618 903 1678 Fremden
923 1617 1052 1677 Presse,
1060 1623 1162 1683 Wien,

637 1791 663 1851 )
691 1785 708 1845 4
753 1779 861 1839 OKT
906 1771 1004 1831 1937

367 1805 478 1865 vom:

1054 1929 1250 1989 Schnitzlers
1280 1924 1413 1984 weilen,
1443 1921 1502 1981 der
1532 1921 1590 1981 sich
1630 1918 1689 1978 bei
1719 1917 1772 1977 der
1807 1913 1875 1973 Ab¬

1051 1978 1183 2038 fassung
1228 1974 1286 2034 des
1327 1972 1498 2032 Büchleins
1538 1967 1586 2027 als
1627 1963 1876 2023 wohlwollend¬

197 1985 953 2045 Feuilleton

1058 2027 1183 2087 gütiger
1209 2021 1344 2081 Berater
1375 2017 1496 2077 zeigte.
1522 2017 1667 2077 Niemals
1693 2013 1783 2073 hatte
1819 2010 1874 2070 der

1057 2076 1207 2136 Jüngling
1238 2072 1298 2132 das
1329 2067 1545 2127 Empfinden,
1571 2064 1661 2124 einem
1708 2061 1883 2121 Aelteren,

276 2100 425 2160 Stirb
479 2096 585 2156 und
648 2091 886 2151 werde!

1057 2124 1145 2184 einem
1192 2121 1321 2181 Großen
1359 2115 1731 2175 gegenüberzustehen.
1755 2109 1875 2169 Immer

1054 2172 1208 2232 überwog
1245 2168 1307 2228 das
1344 2167 1472 2227 Gefühl
1509 2163 1566 2223 der
1602 2159 1881 2219 Gleichberechti¬

235 2174 302 2234 Zum
344 2170 545 2230 Heimgange
576 2165 700 2225 Arthur
726 2163 943 2223 Schnitzlers.

1060 2221 1160 2281 gung,
1189 2219 1246 2279 der
1281 2214 1706 2274 Kameradschaftlichkeit.
1736 2207 1884 2267 Schnitz¬

214 2228 257 2288 Es
285 2229 351 2289 war
379 2228 401 2288 im
446 2227 544 2287 Jahré
578 2222 666 2282 1907.
689 2221 870 2281 Schmitzier
893 2218 992 2278 stand

1060 2270 1119 2330 ler,
1154 2266 1385 2326 Bahnbrecher
1431 2262 1489 2322 und
1540 2257 1761 2317 Vorkämpfer
1821 2255 1880 2315 der

178 2282 299 2342 bereits
337 2279 364 2339 im
416 2276 527 2336 Zenith
570 2271 681 2331 seines
719 2270 881 2330 Ruhmes.
909 2265 993 2325 Noch

1061 2318 1206 2378 Freiheit
1232 2316 1257 2376 in
1293 2313 1348 2373 der
1374 2312 1560 2372 Literatur,
1581 2308 1641 2368 war
1672 2305 1742 2365 auch
1778 2303 1883 2363 Bahn¬

178 2330 257 2390 aber
286 2329 369 2389 hatte
402 2326 463 2386 sich
496 2324 566 2384 kein
599 2321 757 2381 Biograph
796 2317 851 2377 des
879 2315 996 2375 großen

1062 2366 1195 2426 brecher
1234 2364 1296 2424 und
1339 2360 1559 2420 Vorkämpfer
1598 2354 1655 2414 des
1693 2354 1765 2414 erst
1799 2351 1874 2411 nach

182 2377 326 2437 Dichters
350 2373 537 2433 gefunden.
556 2371 672 2431 Selbst
696 2369 743 2429 die
762 2366 864 2426 Daten
893 2363 1000 2423 seines

1066 2414 1120 2474 dem
1177 2414 1353 2474 Umsturze
1399 2408 1600 2468 Gemeingut
1662 2403 1878 2463 gewordenen

181 2428 421 2488 Lebenslaufes
453 2423 552 2483 waren
589 2420 648 2480 nur
676 2417 811 2477 spärlich
848 2414 1010 2474 bekannt,

1066 2461 1268 2521 Leitsatzes:
1294 2461 1354 2521 Die
1390 2458 1511 2518 Jugend
1552 2455 1668 2515 voran!

180 2475 292 2535 zumal
329 2473 509 2533 Schnitzler
546 2468 573 2528 in
618 2467 726 2527 seiner
768 2461 998 2521 angeborenen

181 2521 461 2581 Boscheidenheit
485 2520 546 2580 und
579 2515 845 2575 Zurückhaltung
874 2510 925 2570 nie
954 2510 1009 2570 zu¬

1107 2530 1170 2590 Und
1218 2527 1291 2587 noch
1339 2526 1429 2586 eines
1466 2524 1677 2584 überraschte
1720 2517 1777 2577 den
1820 2515 1883 2575 Be¬

189 2574 286 2634 geben
319 2572 444 2632 wollte,
468 2569 523 2629 daß
561 2566 631 2626 man
664 2564 724 2624 sich
761 2563 817 2623 mit
845 2561 891 2621 ihm
938 2557 998 2617 und

1065 2580 1178 2640 sucher
1213 2578 1267 2638 bei
1292 2577 1444 2637 längerem
1494 2570 1695 2630 Verweilen:
1725 2566 1784 2626 der
1814 2565 1892 2625 son¬

186 2624 294 2684 seinem
349 2619 476 2679 Wirken
517 2616 635 2676 anders
671 2613 825 2673 befasse,
871 2608 921 2668 als
967 2608 993 2668 im

1072 2630 1136 2690 nige
1166 2626 1293 2686 Humor
1324 2623 1540 2683 Schnitzlers,
1566 2618 1625 2678 der
1650 2617 1792 2677 niemals
1822 2614 1891 2674 ver¬

192 2671 330 2731 Rahmen
360 2668 448 2728 einer
468 2661 724 2721 Zeitungskritik
754 2660 827 2720 nach
857 2657 916 2717 der
931 2652 1009 2712 Auf¬

1070 2676 1185 2736 letzte,
1208 2675 1308 2735 dabei
1330 2673 1380 2733 oft
1409 2673 1435 2733 in
1469 2669 1685 2729 Selbstironie
1719 2664 1896 2724 überging.

189 2721 328 2781 führung
376 2717 469 2777 eines
511 2711 786 2771 Theaterstückes
829 2705 913 2765 oder
955 2703 1010 2763 der

1102 2755 1151 2815 Ich
1191 2751 1338 2811 erinnere
1373 2750 1471 2810 mich,
1496 2748 1555 2808 daß
1590 2745 1717 2805 Arthur
1747 2743 1894 2803 Schnitz¬

187 2769 403 2829 Herausgabe
448 2763 541 2823 eines
576 2761 718 2821 Buches.
753 2756 821 2816 Mit
856 2754 1008 2814 knappen

1074 2806 1117 2866 ler
1146 2802 1275 2862 damals
1304 2801 1327 2861 in
1366 2798 1457 2858 einem
1505 2796 1797 2856 mustergültigen,
1826 2792 1888 2852 nur

186 2820 326 2880 zwanzig
364 2815 480 2875 Jahren
522 2811 568 2871 ist
602 2811 671 2871 man
714 2806 820 2866 kühn,
849 2802 1012 2862 tempera¬

1073 2853 1123 2913 von
1161 2849 1259 2909 Glück
1296 2846 1445 2906 erfülltem
1492 2843 1748 2903 Familienleben
1782 2840 1897 2900 stand,

191 2867 362 2927 mentvoll,
392 2861 654 2921 selbstbewußt.
679 2855 726 2915 Ich
765 2854 850 2914 war
885 2852 1013 2912 damals

1072 2901 1129 2961 das
1167 2898 1330 2958 durchaus
1364 2895 1565 2955 bürgerlich,
1595 2894 1623 2954 ja
1661 2891 1896 2951 spießbürger¬

190 2916 299 2976 knapp
333 2914 471 2974 zwanzig
510 2912 605 2972 Jahre
639 2906 701 2966 alt.
725 2903 796 2963 Und
835 2902 863 2962 so
902 2900 1007 2960 wurde

1072 2952 1125 3012 lich
1174 2947 1341 3007 anmutete
1381 2945 1443 3005 und
1488 2945 1611 3005 seltsam
1664 2942 1721 3002 zum
1779 2937 1889 2997 Geiste

189 2963 231 3023 ich
280 2963 404 3023 Arthur
448 2958 649 3018 Schnitzlers
693 2953 797 3013 erster
841 2948 1023 3008 Biograph.

1074 2999 1180 3059 seiner
1210 2996 1237 3056 in
1270 2996 1363 3056 jener
1392 2994 1466 3054 Zeit
1495 2993 1710 3053 populärsten
1743 2986 1902 3046 Dichtun-

197 3013 221 3073 Im
271 3011 384 3071 selben
424 3009 517 3069 Jahre
557 3006 631 3066 1907
666 3001 809 3061 erschien
844 2999 872 3059 in
913 2999 1001 3059 einem

1076 3053 1124 3113 gen
1169 3045 1425 3105 kontrastierte.
1461 3044 1492 3104 Im
1545 3041 1748 3101 Vorzimmer
1784 3038 1894 3098 seiner

197 3061 340 3121 Berliner
375 3058 513 3118 Verlage
548 3054 690 3114 „Arthur
720 3047 936 3107 Schnitzler",
951 3045 1012 3105 eine

1081 3097 1247 3157 Wohnung
1281 3095 1420 3155 spielten
1459 3090 1540 3150 zwei
1569 3088 1712 3148 Kinder,
1741 3085 1784 3145 ein
1822 3084 1889 3144 Bub

194 3111 348 3171 kritische
381 3106 493 3166 Studie
526 3106 607 3166 über
635 3103 726 3163 seine
758 3095 1021 3155 hervorragend¬

1081 3149 1138 3209 und
1177 3145 1224 3205 ein
1258 3142 1387 3202 Mädel.
1416 3142 1512 3202 Jeden
1551 3136 1747 3196 Augenblick
1786 3133 1895 3193 wurde

194 3158 262 3218 sten
297 3156 430 3216 Werke.
450 3156 509 3216 Die
539 3153 687 3213 „Wiener
717 3146 919 3206 Aligemeine
949 3141 1022 3201 Zei¬

1079 3195 1136 3255 der
1163 3195 1326 3255 Besucher
1353 3193 1437 3253 ganz
1464 3189 1547 3249 obne
1579 3186 1804 3246 Zeremoniell
1826 3181 1883 3241 zum

200 3209 295 3269 tung"
318 3207 449 3267 urteilte
477 3204 621 3264 damals,
635 3199 693 3259 daß
726 3196 784 3256 das
807 3193 884 3253 Buch
916 3190 1002 3250 einem

1077 3244 1268 3304 Mitspielen
1311 3240 1526 3300 eingeladen.
1580 3235 1651 3295 Und
1700 3233 1756 3293 der
1800 3232 1900 3292 Vater

199 3257 423 3317 literarischen
462 3250 681 3310 Bedürfnisse
720 3246 916 3306 entspreche
955 3241 1016 3301 und

1083 3294 1180 3354 lachte
1221 3289 1397 3349 vergnügt,
1433 3284 1583 3344 während
1624 3281 1658 3341 er
1699 3280 1756 3340 auf
1792 3279 1902 3339 seiner

200 3306 306 3366 seinen
349 3301 456 3361 Zweck
498 3298 637 3358 erfüllen
680 3294 805 3354 werde,
834 3291 889 3351 zum
945 3288 1024 3348 Ver¬

1086 3339 1302 3399 Bücherleiter
1335 3335 1606 3395 emporkletterte
1638 3330 1697 3390 und
1733 3329 1792 3389 das
1824 3327 1900 3387 Kin¬

203 3354 392 3414 ständnisse
431 3351 520 3411 eines
560 3346 619 3406 der
654 3343 898 3403 markantesten
946 3336 1027 3396 Wie¬

1081 3392 1240 3452 derpaar,
1268 3388 1326 3448 das
1363 3387 1422 3447 dem
1472 3386 1572 3446 Gaste
1609 3381 1795 3441 nachgeeilt
1832 3378 1908 3438 war,

201 3408 260 3468 ner
292 3403 423 3463 Dichter
455 3399 655 3459 mancheriei
683 3393 913 3453 beizutragen.

1085 3443 1142 3503 auf
1166 3443 1219 3503 ihn
1253 3440 1329 3500 Jagd
1364 3435 1488 3495 machte
1513 3435 1526 3495 .
1541 3435 1584 3495 ..

241 3464 374 3524 Damals
418 3460 531 3520 durfte
571 3458 615 3518 ich
660 3455 713 3515 oft
753 3452 782 3512 in
832 3452 885 3512 der
930 3447 1018 3507 Nähe

1972 1906 2098 1966 Seither
2126 1906 2194 1966 sind
2227 1900 2517 1960 fünfundzwanzig
2550 1893 2645 1953 Jahre
2682 1888 2750 1948 ver¬

1933 1958 2085 2018 strichen.
2106 1954 2155 2014 Sie
2185 1953 2283 2013 haben
2318 1946 2544 2006 Oesterreich,
2570 1942 2609 2002 sie
2639 1939 2742 1999 haben

1937 2005 2039 2065 Wien,
2060 2004 2107 2064 sie
2133 2002 2236 2062 haben
2267 1999 2391 2059 Arthur
2422 1993 2602 2053 Schnitzler
2629 1986 2752 2046 grund¬

1935 2054 2069 2114 legende
2100 2049 2323 2109 Wandlungen
2354 2043 2525 2103 gebracht.
2547 2039 2618 2099 Man
2650 2035 2753 2095 kann¬

1932 2105 1966 2165 te
2001 2103 2064 2163 sie,
2089 2100 2167 2160 aber
2202 2100 2270 2160 man
2310 2095 2452 2155 vermied
2492 2088 2545 2148 es,
2570 2087 2599 2147 in
2639 2087 2746 2147 seiner

1941 2151 2132 2211 Gegenwart
2152 2148 2250 2208 davon
2280 2146 2309 2206 zu
2339 2143 2515 2203 sprechen.
2535 2137 2628 2197 Seine
2648 2133 2741 2193 Scheu

1938 2203 1992 2263 vor
2018 2198 2073 2258 der
2094 2198 2371 2258 Oeffentlichkeit
2392 2190 2482 2250 hatte
2513 2186 2573 2246 mit
2594 2184 2648 2244 den
2679 2183 2759 2243 Jah¬

1938 2249 1989 2309 ren
2020 2246 2268 2306 zugenommen,
2295 2242 2341 2302 die
2372 2236 2615 2296 angedeuteten
2641 2231 2760 2291 Wand¬

1945 2300 2055 2360 lungen
2091 2294 2267 2354 steigerten
2308 2291 2398 2351 seine
2439 2285 2656 2345 Abneigung,
2681 2282 2756 2342 her¬

1945 2345 2161 2405 vorzutreten.
2191 2342 2256 2402 Der
2287 2339 2423 2399 Dichter
2459 2335 2513 2395 der
2554 2332 2760 2392 Einsamkeit

1947 2396 2006 2456 war
2042 2396 2148 2456 einsam
2199 2388 2390 2448 geworden.
2422 2383 2491 2443 Der
2527 2380 2664 2440 Dichter
2705 2378 2759 2438 der

1945 2444 2039 2504 Liebe
2067 2443 2150 2503 harte
2183 2438 2230 2498 die
2257 2437 2357 2497 Liebe
2384 2432 2553 2492 verloren.
2574 2429 2637 2489 Der
2664 2425 2759 2485 Dich¬

1947 2495 1990 2555 ter
2023 2491 2125 2551 Wiens
2158 2489 2244 2549 hatte
2277 2485 2347 2545 kein
2385 2482 2466 2542 Wien
2504 2479 2612 2539 mehr.
2634 2477 2752 2537 Uebrig

1947 2542 2026 2602 blieb
2064 2539 2122 2599 der
2149 2537 2281 2597 Dichter
2314 2533 2372 2593 des
2404 2531 2569 2591 Sterbens
2601 2528 2665 2588 und
2702 2527 2760 2587 des

1948 2589 2149 2649 Abschieds.

1990 2639 2178 2699 Schnitzler,
2195 2634 2421 2694 Oesterreichs
2444 2628 2760 2688 repräsentativster

1945 2687 2076 2747 Dichter
2103 2685 2161 2745 der
2182 2682 2356 2742 Letztzeit,
2378 2679 2430 2739 wie
2462 2678 2530 2738 man
2563 2675 2609 2735 ihn
2642 2673 2667 2733 in
2700 2673 2757 2733 den

1947 2736 2127 2796 Nachrufen
2164 2733 2303 2793 nannte,
2329 2728 2370 2788 ist
2402 2727 2458 2787 bei
2489 2723 2768 2783 Repräsentatio¬

1946 2787 2005 2847 nen
2041 2784 2182 2844 niemals
2213 2781 2248 2841 zu
2289 2778 2384 2838 sehen
2425 2775 2596 2835 gewesen.
2621 2771 2682 2831 Er,
2707 2769 2762 2829 der

1954 2832 2072 2892 Führer
2098 2832 2124 2892 im
2166 2828 2413 2888 Geistesleben,
2434 2825 2491 2885 hat
2517 2821 2656 2881 niemals
2683 2820 2770 2880 Titel

1950 2882 2011 2942 und
2048 2881 2182 2941 Würden
2214 2879 2239 2939 in
2276 2874 2332 2934 den
2369 2870 2762 2930 Geisteskorporationen

1953 2933 2060 2993 dieses
2089 2930 2232 2990 Landes,
2251 2923 2363 2983 dieser
2392 2920 2489 2980 Stadt
2517 2917 2773 2977 angenommen,

1955 2980 2044 3040 deren
2085 2980 2140 3040 sich
2180 2977 2210 3037 so
2246 2975 2325 3035 viele
2361 2971 2541 3031 vergebens
2577 2965 2772 3025 bemühten,

1952 3030 1999 3090 ihn
2038 3030 2085 3090 als
2119 3026 2358 3086 „Präsidenten
2411 3020 2448 3080 zu
2487 3017 2678 3077 gewinnen.
2726 3014 2764 3074 So

1954 3076 2007 3136 wie
2042 3077 2224 3137 Schnitzler
2254 3070 2391 3130 niemals
2426 3067 2469 3127 ein
2509 3064 2676 3124 Interview
2715 3060 2773 3120 ge¬

1957 3127 2077 3187 währte
2103 3126 2162 3186 und
2194 3122 2248 3182 wie
2274 3121 2309 3181 es
2335 3118 2395 3178 mir
2420 3115 2476 3175 vor
2501 3114 2592 3174 einem
2633 3111 2773 3171 Viertel¬

1961 3178 2192 3238 jahrhunderte
2233 3169 2324 3229 nicht
2365 3168 2500 3228 gelang,
2536 3165 2587 3225 ihn
2632 3162 2668 3222 zu
2719 3160 2773 3220 be¬

1956 3226 2083 3286 wegen,
2108 3224 2172 3284 mir
2202 3220 2275 3280 auch
2315 3216 2373 3276 nur
2408 3215 2457 3275 ein
2496 3214 2574 3274 paar
2610 3211 2766 3271 Angaben

1958 3273 2036 3333 über
2074 3271 2139 3331 sein
2181 3267 2287 3327 Leben
2330 3265 2362 3325 zu
2405 3261 2525 3321 sagen.
2558 3261 2665 3321 Sogar
2703 3258 2767 3318 sein

1966 3321 2237 3381 Geburtsdatum,
2258 3315 2378 3375 damals
2404 3312 2479 3372 noch
2510 3308 2595 3368 nicht
2621 3307 2650 3367 so
2681 3303 2776 3363 leicht

1959 3369 1992 3429 zu
2040 3372 2211 3432 erfahren,
2245 3365 2354 3425 mußte
2397 3359 2440 3419 ich
2493 3358 2602 3418 hinter
2645 3357 2754 3417 seinem

1962 3421 2087 3481 Rücken
2127 3420 2182 3480 bei
2213 3417 2318 3477 seiner
2354 3413 2434 3473 Frau
2475 3410 2665 3470 erkunden.

2848 1882 2919 1942 Man
2955 1882 3018 1942 hat
3054 1879 3170 1939 Arthur
3207 1876 3268 1936 Sch

2809 1933 2957 1993 feindet.
2971 1931 3029 1991 Die
3055 1927 3177 1987 Einen,
3197 1924 3268 1984 weil

2813 1981 3033 2041 unabhängig,
3056 1981 3099 2041 die
3127 1975 3256 2035 Andere

2811 2029 2862 2089 die
2888 2028 3042 2088 Dritten,
3062 2025 3132 2085 weil
3159 2024 3203 2084 sie
3230 2021 3242 2081 p

2812 2077 2881 2137 ten,
2905 2077 2962 2137 daß
2992 2074 3084 2134 einer
3108 2073 3229 2133 anders

2814 2127 2937 2187 selbst,
2956 2124 3002 2184 die
3033 2121 3250 2181 vermeinten,

2811 2175 2978 2235 stesleben
3015 2172 3068 2232 und
3105 2169 3255 2229 Geistesy

2811 2222 2935 2282 haben.
2958 2222 3026 2282 Das
3056 2220 3157 2280 waren
3192 2217 3259 2277 auch

2817 2273 2849 2333 es
2881 2270 3047 2330 unfaßbar
3074 2267 3176 2327 blieb,
3202 2267 3259 2327 das

2821 2320 2849 2380 es
2883 2319 3019 2379 vorzog,
3048 2318 3075 2378 in
3116 2315 3223 2375 seinen

2820 2369 2953 2429 tragen:
3006 2367 3069 2427 Dr.
3105 2364 3226 2424 Arthur

2820 2418 2931 2478 steller
2971 2415 3063 2475 (auch
3109 2414 3168 2474 den
3215 2412 3260 2472 De

2823 2467 2851 2527 er
2886 2467 2948 2527 nur
2977 2466 3005 2526 in
3040 2463 3210 2523 amtlichen

2862 2545 2894 2605 Im
2946 2542 3115 2602 Auslande
3156 2537 3246 2597 hatte

2822 2593 2912 2653 einen
2943 2592 3141 2652 glänzenden
3177 2587 3242 2647 Nam

2825 2642 2910 2702 seine
2944 2640 3085 2700 Bücher,
3102 2636 3158 2696 gab
3193 2634 3260 2694 man

2824 2691 2882 2751 bei
2906 2691 2992 2751 seine
3023 2684 3261 2744 Weltfremdhe

2826 2740 2949 2800 Dingen
2983 2739 3028 2799 ihm
3074 2736 3172 2796 meist
3199 2733 3243 2793 arg

2822 2787 2946 2847 ähnlich
2987 2784 3043 2844 wie
3078 2784 3112 2844 es
3141 2781 3191 2841 ihm

2828 2836 2887 2896 sich
2913 2835 2984 2895 nach
3016 2832 3161 2892 längerem
3204 2829 3270 2889 Wie

2830 2885 2860 2945 zu
2897 2885 3012 2945 nähern
3050 2879 3190 2939 begann.
3215 2875 3257 2935 De

2833 2933 3009 2993 „Reigen",
3041 2932 3097 2992 bei
3129 2927 3192 2987 uns
3224 2924 3254 2984 se

2832 2983 2990 3043 begraben
3025 2979 3087 3039 und
3122 2976 3167 3036 als
3196 2975 3258 3035 unv

2832 3032 2906 3092 den,
2937 3031 2982 3091 ist
3012 3029 3046 3089 da
3082 3027 3145 3087 und
3181 3022 3256 3082 dort

2832 3079 2930 3139 heute
2960 3077 3035 3137 noch
3070 3075 3197 3135 aktuell
3222 3071 3255 3131 ge

2832 3127 3014 3187 Remarque
3046 3121 3243 3181 dazwischen

2834 3178 2942 3238 hätten
2973 3175 3050 3235 noch
3082 3173 3195 3233 immer
3222 3169 3257 3229 So

2837 3225 3054 3285 literarisches
3085 3220 3157 3280 Ziel
3182 3217 3248 3277 ihre

2833 3276 2941 3336 delten
2984 3270 3250 3330 kulturschützen

2874 3350 2922 3410 An
2956 3350 3018 3410 der
3046 3348 3149 3408 Bahre
3184 3345 3259 3405 Artl

2841 3405 2870 3465 es
2893 3402 2983 3462 nicht
3006 3402 3164 3462 vergönnt
3187 3396 3246 3456 war
