3392 4320
231 293 312 353 2.

381 303 966 363 Schnitzler's
1034 306 1273 366 Death

282 461 394 521 Extrail
417 464 448 524 de
470 464 480 524 :

338 552 601 612 CARLE
637 554 654 614 E

336 610 491 670 4,R.de
526 614 572 674 la
613 613 855 673 Michodid.

1067 616 1287 676 NOVEMDNE

285 638 407 698 Dale:

1115 676 1227 736 1931

689 679 821 739 PARIS

286 706 369 766 Signé
382 707 395 767 :

296 788 332 848 L.e
359 789 481 849 Nizam,
500 789 717 849 tout-puissant
740 789 789 849 sur
817 789 857 849 les
880 790 1102 850 organisations
1125 789 1161 849 de
1188 790 1319 850 l'Islam,
1338 791 1351 851 a
1379 789 1432 849 fait

251 828 369 888 décider
393 826 423 886 en
455 827 588 887 principe
616 825 639 885 le
667 828 910 888 rétablissement
934 829 965 889 du
997 828 1130 888 khalifat
1150 828 1181 888 en
1213 828 1318 888 faveur
1342 828 1436 888 d'Ab-

255 867 458 927 dul-Medjid,
485 867 541 927 qui
564 867 782 927 transplantera
816 867 842 927 sa
877 867 956 927 tente
990 867 1001 927 à
1032 867 1219 927 Jérusalem,
1243 867 1306 927 bien
1341 869 1434 929 avant

254 906 265 966 «
292 907 413 967 l'annee
436 906 656 966 prochaine».
679 906 690 966 1
717 907 819 967 moina
842 908 895 968 que
922 908 963 968 les
982 909 1092 969 délices
1115 909 1149 969 de
1172 910 1281 970 Nice...

762 1001 824 1061 Le
866 1001 1003 1061 mort
1045 1000 1107 1060 de
1150 1004 1425 1064 Schnizler

298 1076 405 1136 Tandis
427 1075 483 1135 que
518 1075 646 1135 Vienne,
668 1076 745 1136 dont
767 1076 792 1136 il
814 1077 891 1137 était
913 1077 973 1137 une
1004 1078 1055 1138 des
1081 1077 1192 1137 idoles,
1214 1079 1369 1139 préparait
1391 1075 1433 1135 les

257 1115 327 1175 fètes
355 1115 390 1175 du
422 1115 564 1175 prochain
599 1115 878 1175 soixante-divième
911 1115 1115 1175 unniversaire
1144 1116 1179 1176 de
1208 1115 1235 1175 sa
1264 1118 1437 1178 nuissance,

264 1156 371 1216 Arthur
401 1154 583 1214 Schnitzler,
604 1154 737 1214 l'auteur
763 1154 795 1214 de
825 1154 862 1214 La
891 1154 995 1214 londe
1024 1155 1182 1215 (Reigen),
1203 1156 1236 1216 de
1265 1155 1331 1215 Mlle
1357 1157 1439 1217 Else.

258 1197 285 1257 et
310 1194 342 1254 du
379 1193 448 1253 Wey
481 1193 525 1253 ins
550 1193 651 1253 Freie,
672 1191 716 1251 est
741 1193 826 1253 mort
851 1193 1041 1253 subitement

316 1228 319 1288 —
352 1230 389 1290 Ni
411 1231 565 1291 diseours,
587 1231 619 1291 ni
642 1234 828 1294 couronnes,
851 1233 887 1293 ni
910 1234 1078 1294 vêtements
1104 1233 1137 1293 de
1163 1233 1261 1293 deuil,
1280 1234 1364 1294 uvait
1386 1232 1437 1292 sli-

260 1271 322 1331 pulé
346 1272 533 1332 Schnitzler,
545 1272 596 1332 dès
620 1272 710 1332 1pi».
726 1272 756 1332 Je
780 1272 854 1332 veux
878 1272 936 1332 être
960 1272 1073 1332 enterré
1101 1271 1128 1331 en
1156 1273 1233 1333 toute
1261 1276 1437 1336 simplieité,

254 1312 285 1372 el
305 1312 395 1372 qu'on
432 1311 533 1371 donne
557 1310 616 1370 aux
640 1312 789 1372 hôpilaux
817 1312 951 1372 l'argent
975 1312 1057 1372 ainsi
1078 1312 1211 1372 épargné

290 1348 339 1408 Ses
362 1349 502 1409 volontés
521 1350 574 1410 ont
594 1350 635 1410 été
662 1350 840 1410 respetées.
864 1350 935 1410 Mais
954 1351 1022 1411 tout
1042 1351 1072 1411 ce
1095 1351 1151 1411 que
1179 1352 1292 1412 Vienne
1315 1353 1432 1413 comple

254 1390 439 1450 d'écrivains
462 1390 492 1450 et
511 1390 659 1450 d'acteurs
682 1390 814 1450 illustres
837 1388 935 1448 s'était
958 1390 1052 1450 massé
1075 1390 1204 1450 derrière
1231 1390 1275 1450 son
1306 1390 1438 1450 cercueil

251 1428 282 1488 et
306 1428 540 1488 l'accompagna
572 1428 712 1488 jusqu'au
747 1428 755 1488 «
790 1431 1052 1491 Centraffriedhof
1080 1428 1114 1488 »,
1134 1430 1169 1490 où
1205 1431 1435 1491 l'enterrement

255 1467 280 1527 «e
306 1467 357 1527 fil,
376 1467 453 1527 dans
476 1467 535 1527 une
561 1467 734 1527 silenclense
764 1464 911 1524 tristesse.

294 1505 330 1565 Et
358 1504 382 1564 le
415 1506 508 1566 grand
541 1506 641 1566 drame
674 1505 722 1565 sur
756 1506 946 1566 l'Empereur
975 1506 1083 1566 Joseph
1120 1508 1132 1568 I

1229 1509 1312 1569 colui
1337 1509 1374 1569 de
1404 1509 1428 1569 la

259 1545 353 1605 vieille
384 1545 524 1605 Autriche
552 1545 567 1605 
615 1546 673 1606 que
701 1548 869 1608 Schnitzler
893 1549 974 1609 avait
1002 1548 1068 1608 tant
1092 1548 1228 1608 souhaité
1256 1550 1365 1610 éerire,
1388 1551 1435 1611 fut

251 1586 368 1646 évoqué
401 1584 451 1644 par
479 1584 525 1644 ses
550 1584 675 1644 intines

344 1624 379 1684 Je
403 1623 477 1683 sais.
493 1624 566 1684 Mais
586 1625 613 1685 je
637 1625 668 1685 ne
692 1625 770 1685 peux
794 1625 875 1685 plus.
895 1625 934 1685 ln
962 1625 1067 1685 autre,
1083 1625 1164 1685 avail
1184 1627 1371 1687 récemment
1391 1628 1434 1688 dit

254 1663 441 1723 Schnitzler,
465 1662 652 1722 découragé,
672 1661 683 1721 à
719 1661 754 1721 un
785 1663 852 1723 ami
876 1664 934 1724 qui
958 1664 981 1724 le
1012 1662 1141 1722 pressait
1165 1662 1196 1722 de
1227 1663 1254 1723 se
1286 1665 1391 1725 mettre
1419 1667 1430 1727 à

255 1703 398 1763 l'auvre,
417 1703 504 1763 devra
531 1700 621 1760 écrire
648 1701 674 1761 ce
697 1703 821 1763 drame,
841 1703 875 1763 un
902 1703 1007 1763 autre,
1023 1703 1079 1763 qui
1098 1703 1166 1763 aura
1193 1703 1260 1763 plus
1283 1703 1317 1763 de
1344 1706 1434 1766 talent

255 1744 310 1804 que
341 1742 422 1802 moi.
444 1742 516 1802 Mais
543 1739 568 1799 il
585 1742 710 1802 pensait
732 1742 740 1802 ;
762 1742 774 1802 à
801 1742 860 1802 qui
882 1742 907 1802 il
929 1743 1006 1803 reste
1032 1745 1105 1805 plus
1127 1742 1161 1802 de
1187 1744 1285 1804 temps
1312 1745 1324 1805 à
1355 1748 1436 1808 vivre

255 1785 323 1845 qu'à
352 1784 416 1844 moi
437 1781 457 1841 â
502 1781 550 1841 car
575 1781 595 1841 il
619 1783 688 1843 s'est
713 1781 745 1841 vu
777 1782 915 1842 mourir,

561 1876 641 1936 De
672 1876 924 1936 Snowden
976 1876 997 1936 à
1039 1879 1169 1939 Mac
1201 1879 1402 1939 Donald

1181 1964 1335 2024 e

643 2033 754 2093 Extrait
773 2031 801 2091 de
820 2031 834 2091 :

1133 2037 1176 2097 LE
1220 2051 1351 2111 MOIS,

881 2076 979 2136 144,
1016 2092 1096 2152 Rue
1135 2102 1179 2162 de
1207 2118 1377 2178 Rivoli

638 2101 761 2161 Adresse
784 2101 792 2161 :

1144 2170 1284 2230 PARIS
1318 2186 1371 2246 1.

640 2210 717 2270 Date
736 2211 743 2271 :

237 2266 470 2326 Mort
498 2279 643 2339 d'Arthur
666 2285 849 2345 Schnitzler.

912 2288 951 2348 Au
985 2291 1103 2351 moment
1126 2296 1204 2356 même
1234 2297 1261 2357 où
1290 2301 1470 2361 l'Allemagne
1499 2304 1526 2364 et

272 2324 430 2384 l'Autriche
444 2330 638 2390 s'appr'taient
653 2333 662 2393 à
685 2335 750 2395 fêter
764 2336 806 2396 son
825 2336 852 2396 70
890 2340 1089 2400 anniversaire,
1099 2345 1117 2405 le
1136 2347 1214 2407 grand
1234 2348 1344 2408 écrivain
1368 2352 1511 2412 autrichien

201 2478 311 2538 Arthur
338 2482 496 2542 Schnitzler
523 2485 558 2545 est
580 2488 641 2548 nort
664 2489 826 2549 subitement
849 2494 857 2554 à
889 2496 1007 2556 Vienne.
1030 2500 1122 2560 Grand
1149 2504 1210 2564 ami
1228 2506 1258 2566 de
1285 2506 1360 2566 Hugo
1387 2511 1435 2571 von

205 2529 440 2589 Hofmannsthal,
455 2533 476 2593 il
494 2536 559 2596 était
577 2536 598 2596 «u
625 2538 713 2598 centre
735 2540 761 2600 de
783 2542 853 2602 toute
875 2546 1006 2606 l'activité
1029 2551 1159 2611 littéraire
1182 2553 1203 2613 en
1230 2558 1374 2618 Autriche.
1392 2560 1440 2620 Ses

197 2577 306 2637 œuvres
328 2580 367 2640 les
385 2582 446 2642 plus
468 2585 634 2645 importentes
661 2587 717 2647 sont
744 2589 862 2649 Thérèse
893 2596 1020 2656 (traduit
1042 2600 1064 2660 en
1090 2605 1230 2665 français)
1253 2607 1278 2667 et
1301 2609 1427 2669 Fraülein

196 2628 283 2688 Llae,
296 2631 367 2691 sorte
392 2632 421 2692 de
443 2634 584 2694 monologie
610 2637 739 2697 intérieur
760 2640 835 2700 d'une
860 2644 919 2704 rare
940 2646 1094 2706 puissance.

232 2706 238 2766 —
302 2707 344 2767 Un
373 2709 493 2769 écrivain
522 2712 591 2772 russe
606 2716 620 2776 à
643 2717 670 2777 la
692 2719 839 2779 recherche
869 2722 897 2782 de
919 2728 1123 2788 l'optimisme.
1145 2730 1158 2790 —
1195 2734 1229 2794 Le
1251 2736 1357 2796 dernier
1379 2739 1449 2799 livre

198 2754 209 2814 d

394 3297 805 3357 .

406 3520 439 3580 D

410 3582 487 3642 Signé
508 3573 520 3633 i

415 3665 467 3725 fous
494 3668 649 3728 apprenons
671 3666 702 3726 de
729 3664 830 3724 Viehne
857 3659 1016 3719 (Autriche)
1038 3660 1060 3720 la
1087 3659 1166 3719 mort

300 3695 395 3755 n
418 3697 517 3757 caldie
544 3694 657 3754 mbein
680 3692 775 3752 nemo
828 3688 928 3748 dr
951 3685 1112 3745 Relr.

314 3727 393 3787 avait
422 3727 517 3787 publié
552 3727 580 3787 de
612 3722 768 3782 nombreux
803 3721 930 3781 romaus,
959 3715 1035 3775 entro
1071 3715 1165 3775 autres

934 3726 968 3786 Lo
996 3744 1161 3804 lontenant

334 3754 448 3814 Antole
469 3752 495 3812 ».
516 3752 526 3812 «
539 3754 573 3814 La
603 3753 704 3813 femme
728 3751 761 3811 du
792 3748 859 3808 juge

310 3784 391 3844 Oust
464 3781 474 3841 «
491 3781 597 3841 Mourir
615 3779 652 3839 «.
666 3778 772 3838 Arthur
803 3774 957 3834 Sohuitzior
984 3772 1080 3832 avait,
1098 3769 1166 3829 l'été

843 3809 928 3869 gres
956 3805 1168 3865 internatonat

351 3815 433 3875 er
469 3811 559 3871 st
642 3810 725 3870 Pare

359 3837 369 3897 «
541 3835 570 3895 de
597 3835 674 3895 dione
697 3832 730 3892 de

1488 310 1615 370 box
1692 315 1925 375 43/18

1612 2211 1725 2271 1091

2118 607 2375 667 DOBS

2531 626 2837 686 RVER

2202 661 2228 721 I.
2242 666 2361 726 österr.
2375 673 2521 733 behördl.
2535 679 2832 739 konzessioniertes

2153 707 2389 767 Unternehmen
2417 714 2467 774 für
2490 723 2877 783 Zeitungs-Ausschnitte

2203 765 2352 825 WIEN,
2380 773 2428 833 I.,
2449 781 2736 841 WOLLZEILE
2784 788 2824 848 11

2302 821 2515 881 TELEPHON
2554 831 2724 891 R-23-0-43

2090 955 2316 1015 Ausschnitt
2340 964 2430 1024 aus:

1953 1202 2009 1262 rait
2028 1204 2055 1264 de
2079 1204 2087 1264 :

1955 1276 2007 1336 E
2048 1282 2205 1342 CARNET
2241 1291 2339 1351 DEL

2017 1350 2182 1410 d.R.de
2221 1356 2265 1416 la
2304 1360 2578 1420 Michediere

2750 1366 2972 1426 NOEMBRE

2372 1419 2504 1479 PARIS
2542 1426 2593 1486 2.

2805 1428 2913 1488 1931

2381 1524 2437 1584 Le
2480 1525 2623 1585 mort
2659 1527 2715 1587 de
2759 1530 3036 1590 Schnizler

1912 1591 2022 1651 Tandis
2045 1594 2098 1654 que
2134 1598 2261 1658 Vienne,
2284 1599 2359 1659 dont
2386 1599 2407 1659 il
2430 1600 2505 1660 était
2528 1604 2585 1664 une
2616 1602 2665 1662 des
2692 1604 2806 1664 idoles,
2829 1606 2983 1666 préparait
3006 1606 3045 1666 les

1875 1629 1945 1689 fétes
1969 1632 2004 1692 du
2039 1634 2180 1694 prochain
2215 1637 2492 1697 soixante-divième
2520 1640 2726 1700 anniversaire
2754 1641 2789 1701 de
2821 1640 2848 1700 sa
2880 1645 3051 1705 naissance,

1880 1669 1987 1729 Arthur
2015 1673 2200 1733 Schnitzler,
2218 1676 2349 1736 l'auteur
2377 1676 2408 1736 de
2440 1676 2475 1736 La
2503 1678 2602 1738 londe
2634 1682 2792 1742 (Reigen),
2810 1683 2846 1743 de
2874 1684 2941 1744 Mlle
2964 1685 3045 1745 Else,

1872 1709 1903 1769 el
1923 1709 1958 1769 du
1994 1712 2064 1772 Weg
2096 1713 2143 1773 ins
2167 1713 2268 1773 Freie,
2288 1714 2331 1774 est
2359 1716 2441 1776 mort
2461 1718 2665 1778 subitement.

1909 1748 1913 1808 —
1963 1748 1975 1808 N
2018 1751 2176 1811 disours,
2194 1752 2231 1812 ni
2252 1754 2440 1814 couronne»,
2462 1755 2494 1815 ni
2520 1760 2687 1820 vêtaments
2713 1760 2746 1820 de
2771 1762 2872 1822 deuil,
2893 1763 2976 1823 uvait
2997 1763 3047 1823 sli-

1873 1788 1939 1848 pulé
1960 1789 2147 1849 Schnitzler,
2160 1791 2210 1851 dès
2235 1792 2326 1852 1p1».
2339 1793 2371 1853 Je
2393 1794 2467 1854 veux
2489 1795 2547 1855 être
2572 1796 2688 1856 enterré
2713 1797 2742 1857 en
2768 1801 2846 1861 toute
2872 1805 3050 1865 simplicité,

1866 1825 1897 1885 el
1917 1825 2011 1885 qu'on
2043 1828 2144 1888 donne
2168 1830 2227 1890 aux
2255 1834 2399 1894 hôpilaux
2427 1834 2556 1894 l'argent
2580 1835 2662 1895 ninsi
2686 1837 2835 1897 épargné.

1904 1864 1951 1924 Ses
1975 1867 2108 1927 volontés
2133 1867 2187 1927 ont
2203 1870 2246 1930 été
2274 1870 2451 1930 respetée-.
2475 1873 2545 1933 Mais
2565 1873 2632 1933 tout
2652 1873 2683 1933 ce
2707 1875 2762 1935 que
2790 1879 2900 1939 Vienne
2927 1881 3041 1941 comple

1869 1903 2050 1963 d'éerivains
2073 1906 2103 1966 et
2122 1909 2273 1969 d'acteurs
2296 1909 2428 1969 illustres
2447 1910 2545 1970 s'était
2568 1913 2658 1973 massé
2685 1914 2813 1974 derrière
2840 1917 2885 1977 son
2915 1918 3047 1978 cercueil

1863 1942 1890 2002 et
1915 1946 2146 2006 l'accompagna
2179 1948 2316 2008 jusqu'au
2353 1948 2365 2008 «
2398 1951 2657 2011 Centralfriedhof
2686 1955 2721 2015 »,
2742 1956 2778 2016 où
2811 1960 3042 2020 l'enterrement

1862 1981 1884 2041 se
1911 1981 1959 2041 lil,
1978 1984 2056 2044 dans
2083 1986 2138 2046 une
2169 1987 2344 2047 silencieuse
2374 1987 2519 2047 trislesse.

1970 2021 1996 2081 le
2026 2025 2116 2085 grand
2151 2025 2254 2085 drame
2284 2025 2335 2085 sur
2366 2028 2554 2088 l'Empereur
2585 2030 2692 2090 Joseph
2727 2034 2756 2094 Il

2838 2034 2925 2094 celui
2948 2037 2980 2097 de
3014 2037 3035 2097 la

1870 2059 1964 2119 vieille
1994 2064 2139 2124 Autriche
2165 2064 2186 2124 â
2225 2066 2285 2126 que
2311 2066 2478 2126 Schnitzler
2504 2070 2585 2130 uvait
2611 2073 2675 2133 lant
2701 2076 2837 2136 souhaité
2863 2077 2974 2137 éerire,
2996 2076 3043 2136 fut

1860 2100 1979 2160 évoqué
2007 2102 2061 2162 par
2084 2103 2130 2163 ses
2154 2103 2281 2163 intimes
2309 2103 2320 2163 :

1953 2139 1993 2199 Je
2016 2141 2088 2201 sais.
2107 2143 2179 2203 Mais
2198 2145 2224 2205 je
2247 2145 2283 2205 ne
2302 2145 2378 2205 peux
2401 2145 2487 2205 plu,
2506 2146 2514 2206 l
2533 2147 2546 2207 n
2569 2148 2673 2208 autre,
2691 2151 2772 2211 avail
2791 2153 2976 2213 récemment
2995 2156 3039 2216 dit

1866 2179 2043 2239 Schnitzler,
2067 2182 2255 2242 découragé,
2279 2184 2290 2244 à
2322 2184 2357 2244 un
2389 2186 2456 2246 ami
2480 2187 2539 2247 qui
2563 2188 2586 2248 le
2618 2190 2743 2250 pressait
2767 2190 2802 2250 de
2830 2191 2857 2251 se
2889 2193 2995 2253 mettre
3027 2195 3038 2255 à

1866 2218 2009 2278 l'ouvre,
2025 2220 2112 2280 devra
2138 2221 2229 2281 écrire
2256 2222 2286 2282 ce
2309 2222 2429 2282 drame,
2449 2222 2482 2282 un
2509 2226 2611 2286 autre,
2627 2228 2687 2288 qui
2706 2229 2774 2289 aura
2797 2231 2864 2291 plus
2888 2231 2921 2291 de
2948 2233 3042 2293 talent

1865 2258 1922 2318 que
1949 2258 2028 2318 moi.
2050 2258 2125 2318 Mais
2152 2260 2173 2320 il
2196 2261 2314 2321 pensait
2337 2262 2349 2322 :
2367 2263 2380 2323 à
2407 2263 2464 2323 qui
2486 2265 2512 2325 il
2535 2267 2605 2327 reste
2636 2270 2706 2330 plus
2729 2270 2763 2330 de
2790 2273 2887 2333 temps
2914 2273 2926 2333 à
2958 2276 3036 2336 vivre

1864 2300 1932 2360 qu'à
1961 2299 2025 2359 moi
2046 2300 2066 2360 â
2107 2303 2155 2363 car
2184 2303 2204 2363 il
2224 2303 2297 2363 s'est
2322 2303 2354 2363 vu
2387 2304 2520 2364 mourir.

1919 2480 2061 2540 Extrait
2087 2485 2122 2545 du
2159 2489 2337 2549 Journal:

2274 2577 2469 2637 LLLUSIRE
2491 2559 2520 2619 L.

1918 2586 2108 2646 Adresse:

2449 2669 2456 2729 5
2505 2655 2770 2715 NOVEMBRE

1910 2687 2007 2747 Date
2025 2692 2036 2752 :

2350 3635 2606 3695 Schnitaler.

2098 3645 2128 3705 t.
2140 3641 2241 3701 Arthur

1894 3681 2066 3741 L'Autriche
2094 3681 2172 3741 vient
2195 3679 2222 3739 de
2245 3677 2350 3737 perdre
2373 3677 2400 3737 en
2423 3675 2533 3735 Arthur
2556 3673 2715 3733 Schnitzler

1899 3721 1955 3781 l'un
1984 3721 2016 3781 de
2041 3721 2081 3781 ses
2106 3718 2170 3778 plus
2191 3718 2251 3778 fins
2276 3717 2475 3777 dramaturges
2500 3713 2523 3773 et
2548 3712 2722 3772 romanciers

1902 3761 2064 3821 modernes.
2094 3757 2256 3817 Schnitzler
2281 3754 2327 3814 fut
2348 3755 2410 3815 tout
2436 3754 2548 3814 d'abord
2581 3751 2723 3811 médecin,

1902 3799 1962 3859 puis
1988 3799 2007 3859 il
2028 3799 2057 3859 se
2086 3798 2155 3858 voua
2184 3796 2414 3856 complètement
2439 3793 2450 3853 à
2480 3793 2500 3853 la
2529 3792 2652 3852 carrière
2681 3792 2725 3852 des

1899 3841 2014 3901 tettres,
2028 3838 2057 3898 où
2084 3838 2100 3898 il
2118 3838 2148 3898 ne
2170 3838 2246 3898 tarda
2268 3835 2315 3895 pas
2333 3835 2341 3895 à
2367 3833 2478 3893 devenir
2500 3832 2551 3892 l'un
2577 3831 2624 3891 des
2642 3830 2719 3890 prin-

1905 3881 2002 3941 cipaux
2029 3879 2170 3939 écrivains
2193 3876 2352 3936 européens
2375 3876 2405 3936 de
2428 3873 2525 3933 langue
2552 3873 2729 3933 allemande.
