3392 4320
144 279 258 339 12.
317 290 915 350 Schuitzler's
984 285 1205 345 Deatl

198 479 434 539 AUSSCHNITT
454 480 538 540 VOM.

612 522 662 582 24
713 518 804 578 OKI.
822 518 897 578 1931

208 716 503 776 Mainzer
552 718 897 778 Anzeiger,
946 715 1183 775 Mainz

431 772 487 832 Die
514 772 679 832 Beisetzung
711 775 824 835 Arthur
851 772 1042 832 Schnitzlers.

311 828 369 888 Auf
397 828 442 888 dem
483 828 601 888 Wiener
628 831 886 891 Zentralfriedhof
910 830 1009 890 wurde
1036 831 1068 891 am
1109 831 1226 891 Freitag

233 867 335 927 mittag
364 869 410 929 der
434 866 642 926 Schkiftsteller
671 867 782 927 Arthur
806 868 977 928 Schnitzler,
997 870 1043 930 der
1066 870 1224 930 vorgestern

234 906 317 966 durch
352 907 430 967 eihen
465 907 686 967 Schlaganfall
697 908 834 968 piötzlich
869 906 922 966 aus
962 907 1012 967 dem
1056 906 1149 966 Leben
1184 907 1237 967 ge¬

232 945 314 1005 rissen
348 945 460 1005 worden
495 945 572 1005 war,
590 946 641 1006 zur
672 946 762 1006 letzten
792 945 878 1005 Ruhe
909 946 1042 1006 geleitet.
1064 947 1119 1007 Die
1146 945 1240 1005 israe¬

233 984 338 1044 litische
374 984 643 1044 Kultusgemeinde
692 985 771 1045 hatte
812 984 864 1044 dem
926 984 1138 1044 Verstorbenen
1187 984 1226 1044 ein

232 1020 404 1080 Ehrengrab
437 1022 581 1082 gestiftet.
600 1020 641 1080 An
679 1021 725 1081 der
754 1023 1135 1083 Bisetzungsfeierlichkeit
1159 1021 1233 1081 nah¬

239 1061 291 1121 men
329 1061 365 1121 die
392 1061 709 1121 Familienmitglieder
736 1064 794 1124 un)
821 1064 889 1124 viele
916 1064 1053 1124 Freunde
1080 1063 1132 1123 und
1160 1061 1233 1121 Ver¬

235 1099 317 1159 ehrer
346 1098 390 1158 des
419 1100 555 1160 Dichters
579 1100 646 1160 teil.

313 1148 372 1208 Der
403 1147 483 1207 Sohn
518 1148 633 1208 Arthur
669 1149 845 1209 Schnitzlers
890 1150 960 1210 teilt
996 1149 1035 1209 die
1076 1149 1221 1209 folgenden

226 1187 525 1247 letztwilligen
565 1188 878 1248 Verfügungen
928 1188 996 1248 mit,
1031 1187 1075 1247 die
1110 1187 1153 1247 sich
1193 1187 1217 1247 im

232 1225 352 1285 Nachlaß
386 1225 585 1285 vorgefunden
623 1226 730 1286 haben,
758 1227 814 1287 und
847 1227 935 1287 bittet
963 1225 991 1285 im
1033 1226 1144 1286 Namen
1182 1224 1228 1284 der

231 1264 512 1324 Hinterbliebenen,
537 1265 608 1325 diese
637 1264 775 1324 Wünsche
810 1266 838 1326 zu
872 1264 986 1324 achten.
1010 1264 1062 1324 Sie
1096 1264 1153 1324 sind
1183 1263 1215 1323 am

231 1303 283 1363 29.
302 1304 384 1364 April
408 1303 474 1363 1912
504 1304 777 1364 niedergeschrieben
811 1304 921 1364 worden
950 1304 1007 1364 und
1032 1303 1127 1363 lauten
1152 1303 1237 1363 wört¬

232 1344 301 1404 lich:
330 1345 610 1405 „Bestimmungen,
634 1344 676 1404 die
709 1342 741 1402 ich
779 1343 839 1403 nach
877 1343 989 1403 meinem
1036 1342 1162 1402 Ableben
1200 1342 1227 1402 zu

232 1384 358 1444 erfüllen
391 1383 480 1443 bitte.
504 1384 663 1444 Herzstich!
692 1382 786 1442 Keine
814 1383 955 1443 Kränze!
983 1381 1076 1441 Keine
1106 1381 1241 1441 Trauer¬

227 1422 367 1482 anzeige.
391 1423 563 1483 Begräbnis
591 1422 684 1482 letzter
717 1421 829 1481 Klasse!
852 1420 922 1480 Das
955 1421 1034 1481 durch
1062 1419 1230 1479 Befolgung

232 1461 326 1521 dieser
358 1461 598 1521 Bestimmungen
639 1461 789 1521 erübrigte
826 1459 902 1519 Geld
939 1458 975 1518 ist
1007 1459 1224 1519 Spitalzwecken

231 1500 434 1560 zuzuführen.
465 1500 553 1560 Keine
589 1500 712 1560 Reden!
739 1497 942 1557 Vermeidung
982 1499 1052 1559 allen
1092 1497 1224 1557 rituellen

233 1540 396 1600 Beiwerks.
415 1539 509 1599 Keine
533 1539 649 1599 Trauer
678 1539 770 1599 tragen
804 1539 869 1599 nach
898 1539 1004 1599 meinem
1043 1539 1135 1599 Tode,
1155 1538 1233 1598 abso¬

228 1578 275 1638 lut
302 1581 396 1641 keine!
417 1580 532 1640 Arthur
554 1578 732 1638 Schnitzler.

452 1852 1093 1912 VORARLBERGERTAGBL

619 1996 712 2056 24.
732 2001 854 2061 0KT.
874 2005 967 2065 1931

257 2058 373 2118 Wien,
394 2061 452 2121 23.
468 2060 637 2120 Oktober.
675 2060 749 2120 Auf
776 2063 828 2123 dem
871 2064 1177 2124 Zentralfriedhof
1220 2062 1341 2122 wurde

169 2103 267 2163 heute
296 2105 434 2165 mittags
473 2103 528 2163 der
556 2103 794 2163 Schriftsteller
823 2106 954 2166 Arthur
983 2108 1265 2168 Schnitzler,
1288 2106 1343 2166 der

171 2149 355 2209 vorgestern
393 2147 485 2207 durch
518 2148 610 2208 einen
643 2148 887 2208 Schlaganfall
914 2149 1054 2209 plötzlich
1088 2151 1152 2211 aus
1186 2149 1239 2209 dem
1283 2149 1342 2209 Le¬

168 2190 219 2250 ben
256 2191 396 2251 gerissen
433 2193 567 2253 wurde,
589 2191 645 2251 zur
671 2192 780 2252 letzten
817 2193 915 2253 Ruhe
941 2193 1097 2253 geleitet.
1118 2193 1180 2253 Die
1207 2193 1346 2253 israeli¬

167 2234 260 2294 tische
295 2236 599 2296 Kulturgemeinde
629 2234 692 2294 hat
718 2234 772 2294 dem
821 2234 1067 2294 Verstorbenen
1126 2237 1175 2297 ein
1210 2236 1346 2296 Ehren¬

169 2279 246 2339 grab
280 2281 440 2341 gestiftet.
480 2279 529 2339 An
563 2279 618 2339 der
646 2279 1090 2339 Beisetzungsfeierlichkeit
1113 2282 1257 2342 nahmen
1290 2280 1340 2340 die

178 2324 550 2384 Familienmitglieder
580 2324 640 2384 und
676 2326 761 2386 viele
792 2325 952 2385 Freunde
988 2324 1053 2384 und
1084 2326 1255 2386 Verehrer
1285 2323 1335 2383 des

183 2364 329 2424 Dichters
361 2368 437 2428 teil.

702 2484 931 2544 Vorarlberger
953 2467 1103 2527 Velksbla

749 2608 816 2668 24
868 2595 995 2655 OWT.
1013 2590 1113 2650 1937

300 2667 489 2727 Beisetzung
529 2673 750 2733 Schnitzlers.
790 2678 908 2738 Wien,
933 2682 994 2742 23.
1019 2684 1105 2744 Okt.
1146 2687 1224 2747 Auf
1272 2685 1326 2745 dem

206 2718 497 2778 Zentralfriedhof
525 2720 638 2780 wurde
665 2724 762 2784 heute
817 2730 957 2790 mittags
1017 2733 1070 2793 der
1104 2733 1341 2793 Schriftsteller

202 2764 331 2824 Arthur
359 2768 559 2828 Schnitzler,
576 2771 629 2831 der
657 2775 835 2835 vorgestern
869 2778 960 2838 durch
988 2781 1080 2841 einen
1113 2784 1351 2844 Schlaganfall

195 2814 337 2874 plötzlich
369 2814 432 2874 aus
464 2817 516 2877 dem
565 2820 664 2880 Leben
703 2825 834 2885 gerissen
866 2828 997 2888 worden
1036 2830 1125 2890 war,
1146 2832 1204 2892 zur
1231 2833 1336 2893 letzten

204 2860 296 2920 Ruhe
324 2864 471 2924 geleitet.
515 2866 585 2926 Die
613 2872 831 2932 isrealitische
859 2879 1163 2939 Kultusgemeinde
1191 2879 1250 2939 hat
1278 2881 1332 2941 dem

193 2911 427 2971 Verstorbenen
461 2915 503 2975 ein
531 2919 727 2979 Ehrengrab
755 2924 912 2984 gestiftet.
951 2927 999 2987 An
1033 2927 1087 2987 der
1109 2929 1343 2989 Beisetzungs¬

196 2961 403 3021 feierlichkeit
436 2966 574 3026 nahmen
618 2967 665 3027 die
698 2973 1076 3033 Familienmitglieder
1136 2979 1200 3039 und
1264 2981 1349 3041 viele

195 3011 354 3071 Freunde
381 3014 444 3074 und
476 3017 640 3077 Verehrer
668 3019 720 3079 des
752 3023 906 3083 Dichters
933 3025 1007 3085 teil.

544 3169 686 3229 Grazer
717 3157 942 3217 Volksolatt

247 3366 333 3426 Das
365 3367 674 3427 Leichenbegängnis
712 3366 835 3426 Arthur
867 3368 1077 3428 Schnitzlers.

270 3416 380 3476 Wien,
406 3417 461 3477 23.
487 3417 641 3477 Okkober.
667 3414 797 3474 (K.=B.)
828 3414 934 3474 Heute
965 3414 1094 3474 mittags

230 3464 300 3524 fand
333 3464 360 3524 in
398 3463 550 3523 schlichter
578 3463 680 3523 Weise
707 3462 756 3522 die
783 3464 994 3524 Leichenfeier
1044 3461 1097 3521 für

231 3512 355 3572 Arthur
390 3512 640 3572 Schnitzler
676 3512 766 3572 statt.
813 3514 857 3574 Im
910 3512 1012 3572 Laufe
1047 3510 1097 3570 des

228 3561 439 3621 Vormittags
468 3560 581 3620 fanden
611 3560 661 3620 sich
691 3560 719 3620 im
777 3560 885 3620 Hause
914 3558 1102 3618 Schnitzlers

230 3608 310 3668 Karl
332 3608 538 3668 Schönherr,
555 3607 662 3667 Franz
684 3607 825 3667 Werfel,
836 3608 971 3668 Richard
998 3605 1100 3665 Beer¬

229 3657 391 3717 Hofmann
430 3656 489 3716 und
524 3656 636 3716 andere
666 3658 818 3718 Freunde
873 3656 926 3716 der
956 3656 1098 3716 Familie

227 3703 296 3763 ein.
312 3703 453 3763 Hierauf
480 3703 585 3763 wurde
611 3703 661 3763 der
682 3706 772 3766 Sarg
798 3706 859 3766 auf
880 3704 929 3764 den
960 3703 1101 3763 Leichen¬

233 3751 361 3811 fourgon
393 3751 527 3811 gestellt,
564 3754 750 3814 geschmückt
771 3752 832 3812 mit
874 3752 930 3812 dem
972 3753 1096 3813 Kranze

231 3798 278 3858 des
310 3799 565 3859 Burgtheaters.
598 3800 645 3860 Es
678 3801 794 3861 folgten
832 3800 879 3860 die
907 3799 1097 3859 Mitglieder

236 3847 278 3907 der
305 3847 448 3907 Familie
475 3848 538 3908 und
587 3849 634 3909 die
661 3849 815 3909 Freunde
858 3848 910 3908 des
943 3849 1107 3909 Dichters.

235 3894 286 3954 Der
318 3895 470 3955 Kondukt
496 3896 637 3956 bewegte
670 3897 716 3957 sich
753 3897 842 3957 durch
900 3896 952 3956 die
984 3897 1104 3957 Stern¬

236 3945 431 4005 vartestraße
459 3945 511 4005 zum
549 3948 845 4008 Zentralfriedhof,
861 3946 903 4006 wo
935 3945 982 4005 der
1010 3945 1094 4005 Sarg

234 3990 254 4050 n
308 3993 360 4053 der
387 3996 688 4056 Zeremonienhalle
737 3996 937 4056 aufgebahrt
981 3996 1107 4056 wurde.

245 4041 308 4101 lach
335 4042 388 4102 den
420 4044 749 4104 Trauerzeremonien
781 4044 913 4104 erfolgte
940 4044 1019 4104 dann
1051 4042 1098 4102 die

248 4088 405 4148 Zeisetzung
444 4089 470 4149 in
526 4090 584 4150 dem
651 4091 709 4151 von
770 4090 824 4150 der
874 4090 1096 4150 israelitischen

254 4136 515 4196 ultusgemeinde
548 4139 759 4199 gewidmeten
809 4142 1107 4202 Ehrenarab.

1425 274 1557 334 box
1635 276 1861 336 43/25

2225 145 2249 205 I.
2263 145 2383 205 österr.
2392 144 2543 204 behördl.
2556 138 2853 198 konzessioniertes

2181 186 2414 246 Unternehmen
2444 182 2492 242 für
2518 178 2902 238 Zeitungs-Ausschnitte

2233 244 2376 304 WIEN,
2403 246 2454 306 I.,
2481 240 2762 300 WOLLZEILE
2808 237 2847 297 11

2335 294 2548 354 TELEPHON
2580 289 2756 349 R-23-0-43

2144 438 2356 498 Ausschnit
2391 451 2512 511 ausa,
2544 474 2726 534 AASOAEE
2743 487 2804 547 INE
2836 500 3019 560 AEIREN,

2460 601 2557 661 24.
2578 613 2704 673 OKT.
2725 624 2822 684 1931

2147 659 2253 719 vom:

1928 921 2393 981 Korches

2834 930 3145 990 o

2471 1046 2601 1106 Die
2667 1055 3150 1115 Aufbahrung
3218 1058 3281 1118 in

1936 1127 2006 1187 Der
2031 1128 2167 1188 Wunsch
2198 1129 2328 1189 Arthur
2352 1130 2577 1190 Schnitzlers,
2595 1129 2625 1189 so
2655 1129 2719 1189 still

2759 1132 2835 1192 oder
2860 1135 2992 1195 weichen
3024 1136 3257 1196 Landschaften

1847 1178 1910 1238 und
1943 1178 2038 1238 ruhig
2070 1180 2134 1240 wie
2161 1181 2192 1241 er
2220 1181 2330 1241 gelebt
2353 1178 2426 1238 hat,
2443 1179 2517 1239 auch
2544 1181 2708 1241 begraben

2760 1184 2884 1244 gebung
2917 1184 3055 1244 Wiens;
3074 1187 3130 1247 vor
3149 1188 3230 1248 allem
3275 1186 3287 1246 B

1848 1230 1879 1290 zu
1922 1228 2070 1288 werden,
2097 1227 2171 1287 kann
2208 1226 2293 1286 nicht
2320 1226 2436 1286 erfüllt
2463 1228 2617 1288 werden.
2665 1229 2706 1289 Zu

2762 1231 2822 1291 aus
2852 1233 3126 1293 Pötzleinsdorf.

1849 1279 1926 1339 groß
1966 1274 2037 1334 war
2071 1274 2126 1334 die
2155 1276 2359 1336 Bedeutung
2399 1276 2504 1336 dieses
2544 1278 2715 1338 Mannes,

2848 1279 2909 1339 Die
2938 1282 3061 1342 Menge
3091 1282 3145 1342 der
3173 1284 3304 1344 Trauer

1852 1329 1885 1389 zu
1914 1324 1992 1384 groß
2027 1322 2066 1382 ist
2090 1322 2140 1382 die
2169 1324 2361 1384 Verehrung
2395 1325 2474 1385 über
2504 1324 2604 1384 seinen
2639 1327 2706 1387 Tod

2764 1330 2893 1390 größert
2920 1330 3005 1390 durch
3032 1330 3083 1390 die
3104 1330 3293 1390 ungeheure

1850 1372 1996 1432 hinaus.
2012 1372 2060 1432 Im
2104 1373 2326 1433 Trauerhaus
2360 1375 2413 1435 hat
2441 1375 2489 1435 sich
2522 1375 2614 1435 heute
2642 1371 2717 1431 vor¬

2762 1378 2927 1438 gierigen;
2953 1380 3038 1440 ganz
3064 1379 3229 1439 Währing
3267 1379 3303 1439 ist

1846 1420 1990 1480 mittags
2021 1422 2078 1482 das
2113 1422 2218 1482 ganze
2265 1422 2404 1482 geistige
2451 1420 2549 1480 Wien
2602 1421 2717 1481 einge¬

2760 1425 2808 1485 die
2840 1425 2932 1485 Villa
2963 1425 3012 1485 des
3044 1425 3216 1485 Dichters,
3242 1426 3296 1486 sein

1849 1469 1992 1529 funden.
2021 1469 2126 1529 Unter
2154 1469 2209 1529 den
2243 1470 2488 1530 Trauergästen
2527 1470 2610 1530 sieht
2638 1470 2704 1530 man

2768 1473 2842 1533 seine
2868 1476 3023 1536 Freunde
3043 1476 3074 1536 zu
3106 1476 3193 1536 sehen
3218 1476 3280 1536 und

1849 1518 1964 1578 Franz
1994 1518 2138 1578 Werfel,
2168 1520 2254 1580 Karl
2284 1518 2492 1578 Schönherr,
2516 1521 2584 1581 Dr.
2608 1518 2717 1578 Beer¬

2760 1523 2944 1583 begängnis
2976 1524 3241 1584 teilzunehmen.
3267 1524 3284 1584 D

1846 1568 2035 1628 Hofmann,
2098 1567 2153 1627 den
2204 1567 2427 1627 Präsidenten
2478 1569 2533 1629 der
2578 1568 2718 1628 Aerzte¬

2762 1573 2935 1633 bahnen
2972 1575 3118 1635 haben
3169 1575 3313 1635 besol

1846 1613 1990 1673 kammer
2019 1616 2089 1676 Dr.
2113 1616 2268 1676 Thenen,
2293 1616 2419 1676 Hofrat
2449 1618 2570 1678 Heine,
2617 1618 2714 1678 Felix

1849 1664 1985 1724 Salten,
2025 1663 2212 1723 Professor
2253 1664 2519 1724 Weingartner,
2583 1667 2713 1727 Hofrat

2775 1673 2813 1733 In
2853 1673 3179 1733 Anwesenheit
3211 1672 3278 1732 des

1849 1712 2007 1772 Thimig,
2032 1712 2154 1772 Hofrat
2185 1715 2420 1775 Frankfurter,
2444 1716 2555 1776 Jakob
2609 1717 2708 1777 Feld¬

1853 1763 2003 1823 hammer
2028 1763 2087 1823 und
2119 1760 2203 1820 viele
2233 1761 2372 1821 andere.

2943 1785 3055 1845 Die
3085 1784 3296 1844 Bestat

1963 1820 2009 1880 Im
2056 1821 2324 1881 Sterbezimmer
2354 1822 2406 1882 des
2442 1822 2593 1882 Dichters

2842 1852 2953 1912 Lange
2982 1852 3045 1912 vor
3073 1852 3115 1912 12
3143 1855 3233 1915 Uhr,
3255 1855 3310 1915 der

1844 1875 1886 1935 ist
1911 1875 1941 1935 er
1974 1878 2004 1938 in
2041 1876 2134 1936 einer
2177 1879 2418 1939 einfachen
2475 1882 2709 1942 Holzkiste

2767 1900 3042 1960 gräbnisstunde,
3063 1903 3147 1963 hatte
3174 1903 3233 1963 sich
3260 1903 3298 1963 vo

1848 1927 2069 1987 aufgebahrt,
2091 1926 2182 1986 deren
2221 1928 2328 1988 Deckel
2356 1929 2426 1989 noch
2459 1928 2545 1988 nicht
2594 1929 2712 1989 aufge¬

2767 1951 3073 2011 Zeremonienhalle
3102 1950 3159 2010 auf
3183 1953 3234 2013 dem

1849 1975 1997 2035 schraubt
2027 1974 2080 2034 ist.
2110 1975 2311 2035 Schnitzlers
2347 1978 2483 2038 gütiges
2519 1978 2649 2038 Gesicht
2680 1977 2714 2037 ist

2759 1997 2828 2057 eine
2860 1999 3005 2059 große
3038 2002 3308 2062 Menschenn

1843 2022 1904 2082 von
1939 2022 2068 2082 weißer
2114 2025 2300 2085 Leinwand
2357 2026 2593 2086 eingerahmt;
2639 2025 2706 2085 eine

2765 2046 2904 2106 funden,
2916 2046 3014 2106 unter
3039 2046 3090 2106 der
3114 2048 3183 2108 man
3212 2051 3264 2111 die
3282 2049 3293 2109 b

1848 2073 1939 2133 Decke
1966 2073 2111 2133 verhüllt
2128 2073 2181 2133 den
2214 2073 2338 2133 Körper
2366 2073 2419 2133 des
2447 2073 2710 2133 Verstorbenen:

2761 2094 2909 2154 Köpfe
2937 2095 3017 2155 des
3051 2097 3280 2157 geistigen

1848 2121 1944 2181 neben
1978 2121 2028 2181 dem
2068 2122 2159 2182 Sarg
2187 2122 2266 2182 steht
2283 2122 2339 2182 das
2362 2121 2447 2181 Bett
2470 2123 2520 2183 des
2549 2124 2717 2184 Dichters.

2775 2145 2985 2205 lerischen
3015 2144 3139 2204 Wien
3169 2148 3312 2208 bemerkt

1848 2167 1912 2227 Die
1939 2170 2168 2230 Einrichtung
2208 2172 2260 2232 des
2301 2172 2451 2232 Raumes
2491 2172 2529 2232 ist
2556 2172 2706 2232 überaus

1851 2215 1996 2275 einfach.

2811 2220 2924 2280 Einige
2953 2221 3109 2281 Minnten
3146 2222 3216 2282 nach
3246 2225 3280 2285 12

1933 2264 1984 2324 Am
2029 2264 2193 2324 Fußende
2221 2266 2272 2326 des
2325 2267 2464 2327 Sarges
2517 2269 2603 2329 liegt
2648 2267 2708 2327 der

2809 2279 2866 2339 das
2891 2279 3129 2339 Leichenauto,
3146 2285 3268 2345 gefolgt

1850 2312 2023 2372 mächtige,
2048 2315 2108 2375 von
2139 2314 2264 2374 Hofrat
2290 2319 2555 2379 Wildgans
2585 2319 2705 2379 gestern

2801 2338 2888 2398 losen
2917 2339 3066 2399 Kolonne
3087 2342 3141 2402 von
3169 2342 3277 2402 Autos

1846 2363 2055 2423 abgegebene
2083 2363 2202 2423 Kranz
2248 2365 2315 2425 mit
2361 2368 2485 2428 großer
2537 2366 2712 2426 rot=weiß¬

2808 2396 2879 2456 Tor
2908 2397 2952 2457 des
2990 2402 3299 2462 Zentralfriedhofe

1844 2411 1933 2471 roter
1958 2411 2108 2471 Schleife
2157 2412 2223 2472 und
2272 2413 2331 2473 der
2374 2414 2566 2474 Aufschrift
2609 2417 2705 2477 „Das

2804 2458 2909 2518 gange
2943 2458 2999 2518 des
3033 2458 3302 2518 Friedhofese

1840 2459 2076 2519 Burgtheater
2148 2461 2253 2521 seinem
2343 2464 2466 2524 großen
2544 2464 2714 2524 Dichter".

1847 2507 1999 2567 Daneben
2038 2509 2081 2569 ein
2136 2509 2458 2569 Blumengewinde
2502 2511 2573 2571 mit
2622 2512 2714 2572 einer

2801 2515 2969 2575 Vorstand
2999 2517 3047 2577 der
3076 2518 3315 2578 Kultusgemei

1842 2557 2052 2617 blau=gelben
2092 2558 2257 2618 Schleife,
2280 2560 2342 2620 aus
2377 2562 2705 2622 Kopenhagen

2804 2575 2875 2635 stein
2905 2575 2970 2635 mit
2999 2576 3049 2636 dem
3094 2578 3310 2638 Präsidenten

1838 2606 2073 2666 telegraphisch
2128 2608 2267 2668 bestellt,
2304 2608 2371 2668 mit
2414 2609 2473 2669 der
2541 2611 2716 2671 Inschrift

2806 2632 2934 2692 Spitze,
2960 2634 3006 2694 die
3032 2634 3136 2694 Leiche
3168 2635 3232 2695 und

1858 2652 1942 2712 „Alte
1965 2655 2123 2715 Freunde
2152 2655 2208 2715 aus
2237 2657 2508 2717 Kopenhagen“.
2526 2658 2706 2718 Anonyme

2802 2691 2912 2751 Sarg,
2935 2694 2987 2754 dem
3033 2694 3165 2754 Arthur
3203 2694 3313 2754 Schni

1840 2703 2133 2763 Blumenspenden
2173 2704 2275 2764 liegen
2332 2707 2393 2767 da,
2434 2709 2602 2769 darunter
2654 2709 2698 2769 ein

2804 2751 2968 2811 Heinrich,
2992 2753 3171 2813 Schnitzler
3203 2754 3262 2814 und

1845 2751 1952 2811 Kranz
1981 2753 2043 2813 aus
2078 2754 2332 2814 wundervollen
2367 2755 2457 2815 roten
2491 2757 2621 2817 Rosen.
2645 2758 2706 2818 Die

1837 2800 2063 2860 Trauergäste
2092 2801 2228 2861 bringen
2280 2805 2347 2865 nur
2393 2804 2495 2864 kleine
2541 2806 2710 2866 Blumen¬

2798 2809 2856 2869 als
2880 2811 2960 2871 erste
2983 2812 3130 2872 folgten,
3168 2812 3196 2872 in
3227 2814 3277 2874 die

1840 2846 1969 2906 sträuße
2016 2849 2083 2909 und
2129 2851 2236 2911 achten
2287 2852 2343 2912 den
2401 2853 2508 2913 letzten
2583 2855 2700 2915 Willen

3147 2871 3240 2931 halle.

1837 2894 2063 2954 Schnitzlers,
2087 2893 2138 2953 der
2168 2899 2219 2959 sich
2254 2900 2341 2960 jeden
2377 2900 2498 2960 Prunk
2522 2902 2585 2962 und
2620 2902 2712 2962 sicht¬

2806 2933 2902 2993 Das
2941 2939 3318 2999 Leichenbegäng

1839 2940 1900 3000 bar
1952 2945 2008 3005 zur
2054 2945 2167 3005 Schau
2219 2951 2400 3011 getragene
2452 2951 2587 3011 Trauer
2634 2953 2712 3013 ver¬

2755 2984 2903 3044 streng
2933 2987 3033 3047 nach
3064 2990 3140 3050 dem
3188 2990 3289 3050 Wun

1846 2988 1928 3048 beten
1960 2993 2036 3053 hat.

2762 3032 2852 3092 lers
2888 3035 2929 3095 so
2959 3038 3155 3098 einfach,
3191 3038 3303 3098 jafa

1926 3041 2030 3101 Neben
2086 3043 2147 3103 dem
2198 3046 2487 3106 Sterbezimmer,
2531 3049 2697 3109 ebenfalls

2754 3078 2832 3138 als
2866 3080 3062 3140 möglich
3109 3085 3317 3145 abgehal

1837 3088 1864 3148 im
1914 3090 2007 3150 ersten
2047 3091 2157 3151 Stock,
2197 3094 2284 3154 liegt
2313 3094 2512 3154 Schnitzlers
2545 3097 2705 3157 Arbeits¬

2759 3129 3073 3189 Zeremonienhalle
3130 3133 3234 3193 sprach

1842 3139 2000 3199 zimmer;
2018 3139 2108 3199 durch
2137 3139 2187 3199 die
2205 3140 2341 3200 Fenster
2364 3141 2415 3201 des
2443 3145 2597 3205 Balkons
2625 3145 2704 3205 sieht

2757 3178 2940 3238 Fischer
2973 3184 3125 3244 lediglich
3158 3181 3209 3241 die
3263 3184 3315 3244 rit

1838 3187 1909 3247 man
1948 3190 2042 3250 gegen
2082 3188 2197 3248 Süden
2237 3191 2264 3251 zu
2303 3192 2364 3252 auf
2392 3192 2447 3252 den
2486 3193 2613 3253 Garten
2647 3193 2701 3253 der

2762 3224 2819 3284 Der
2846 3227 2942 3287 Sarg
2975 3232 3091 3292 wurde
3118 3231 3253 3291 hierauf
3279 3233 3311 3293 so

1839 3235 1951 3295 Villa,
1991 3236 2053 3296 auf
2076 3237 2138 3297 das
2189 3239 2297 3299 ganze
2326 3241 2528 3301 Währinger
2557 3244 2698 3304 Cottage

2759 3275 2932 3335 getragen,
2996 3279 3059 3339 das
3111 3279 3313 3339 unmittelba

1839 3284 1903 3344 und
1952 3285 2016 3345 auf
2038 3284 2086 3344 die
2135 3284 2194 3344 von
2227 3288 2404 3348 Schnitzler
2448 3292 2479 3352 so
2528 3291 2689 3351 geliebten

2755 3327 3074 3387 Zeremonienhalle
3094 3328 3191 3388 liegt.
3218 3329 3301 3389 Esi

1838 3332 1941 3392 Hügel
1969 3333 2023 3393 der
2051 3333 2268 3393 Umgebung.
2290 3336 2361 3396 Auf
2383 3336 2437 3396 dem
2481 3337 2606 3397 großen
2639 3336 2704 3396 Ar¬

2759 3372 2807 3432 der
2863 3375 3016 3435 Familie
3048 3376 3244 3436 Schnitzler.

1835 3381 2127 3441 beitsschreibtisch
2176 3384 2284 3444 liegen
2344 3384 2414 3444 noch
2453 3386 2582 3446 Bücher
2632 3387 2696 3447 und

2754 3422 2955 3482 Schnitzlers
2989 3426 3231 3486 Verfügungen
3272 3427 3305 3487 ge

1836 3430 2161 3490 Nachschlagwerke;
2184 3431 2221 3491 an
2260 3431 2313 3491 der
2341 3435 2449 3495 Wand
2482 3434 2525 3494 ist
2548 3438 2607 3498 kein
2645 3434 2677 3494 an

2751 3470 2879 3530 halten.
2912 3472 2985 3532 Nur
3022 3474 3078 3534 die
3109 3476 3312 3536 allernächste

1835 3478 1926 3538 derer
1950 3479 2107 3539 Schmuck
2135 3479 2183 3539 als
2217 3481 2287 3541 eine
2315 3481 2418 3541 Fülle
2446 3481 2500 3541 von
2539 3484 2707 3544 Büchern,

2751 3518 2812 3578 und
2850 3521 3005 3581 Freunde
3042 3524 3166 3584 warfen
3204 3524 3253 3584 dem

1835 3524 1887 3584 die
1914 3526 1940 3586 in
1994 3527 2115 3587 großen
2153 3530 2311 3590 Gestellen
2370 3529 2454 3589 zwei
2481 3531 2613 3591 Wände
2640 3529 2692 3589 des

2758 3566 2812 3626 von
2847 3569 2935 3629 einem
2998 3572 3113 3632 Gebet
3156 3575 3319 3635 begleitet

1838 3575 2007 3635 Zimmers
2057 3575 2110 3635 bis
2144 3575 2204 3635 zur
2226 3577 2324 3637 Decke
2368 3578 2591 3638 einnehmen.

2755 3620 2845 3680 sank,
2865 3620 3067 3680 Erdschollen
3107 3623 3204 3683 nach.

1830 3622 1922 3682 roter
1948 3625 2113 3685 Vorhang
2160 3626 2279 3686 trennt
2326 3627 2387 3687 das
2439 3628 2496 3688 rot
2517 3629 2697 3689 tapezierte

1836 3670 2115 3730 Arbeitszimmer
2148 3671 2199 3731 des
2236 3672 2319 3732 toten
2350 3676 2501 3736 Dichters
2532 3676 2594 3736 von
2626 3676 2682 3736 dem

2835 3673 2939 3733 Wohl
2968 3676 3059 3736 selten
3102 3677 3158 3737 hat
3187 3680 3249 3740 das
3278 3679 3291 3739 B

1833 3721 1936 3781 hellen
1967 3720 2085 3780 großen
2117 3721 2395 3781 Schlafzimmer.
2416 3723 2607 3783 Vornehme
2633 3721 2700 3781 Be¬

2752 3723 2925 3783 bekannten
2966 3727 3099 3787 Wiener
3133 3727 3320 3787 Persönlidh

1830 3769 2025 3829 haglichkeit
2047 3769 2274 3829 kennzeichnet
2301 3771 2349 3831 die
2376 3772 2507 3832 Räume
2540 3772 2603 3832 und
2635 3772 2693 3832 das

2747 3775 3049 3835 bedeutende
3100 3775 3192 3835 und
3267 3777 3310 3837 in

1833 3817 2088 3877 Stiegenhaus.
2131 3819 2205 3879 Von
2242 3818 2301 3878 der
2349 3823 2471 3883 großen
2509 3823 2609 3883 Liebe
2637 3823 2694 3883 des

2753 3823 2883 3883 Schar
2938 3823 3021 3883 von
3099 3826 3318 3886 Trauerg

1826 3865 1983 3925 Dichters
2016 3865 2075 3925 für
2103 3865 2194 3925 Wien
2238 3867 2373 3927 rechen
2417 3869 2465 3929 die
2499 3870 2699 3930 Radierun¬

2743 3872 2925 3932 einigt.
2965 3871 3030 3931 Die
3064 3873 3302 3933 Zeremonienh

1828 3915 1882 3975 gen
1918 3912 1943 3972 im
1989 3915 2246 3975 Stiegenhaus,
2283 3916 2338 3976 die
2384 3917 2448 3977 alle
2495 3916 2615 3976 irgend
2646 3918 2686 3978 ein

2756 3918 2865 3978 weitem
2912 3920 2997 3980 nicht
3027 3921 3072 3981 die
3108 3921 3228 3981 Menge
3258 3921 3314 3981 der

1829 3963 2016 4023 Wiener
2061 3965 2222 4025 Motiv
2267 3966 2472 4026 darstellen:
2505 3966 2693 4026 malertsche

2754 3969 2849 4029 fassen
2886 3969 2952 4029 und
3013 3972 3061 4032 ein
3116 3971 3242 4031 klemnes

1832 4009 1958 4069 Winkel
1982 4011 2040 4071 der
2064 4012 2190 4072 Stadt,
2214 4013 2278 4073 alte
2307 4014 2451 4074 Häuser,
2469 4013 2694 4073 stimmungs¬

2753 4017 2862 4077 mußte
2891 4017 2960 4077 auch
2995 4019 3052 4079 vor
3082 4017 3133 4077 dem
3180 4020 3271 4080 Grab

1829 4059 1916 4119 volle
1950 4062 2299 4122 Ueberschneidungen
2356 4065 2421 4125 von
2460 4065 2681 4125 Steinbauten

2753 4068 2887 4128 sorgen.
2903 4068 2969 4128 Vor
2992 4068 3044 4128 dem
3082 4071 3298 4131 Eingangsto
