3344 4384
1448 348 1573 408 box
1645 348 1825 408 44/4

155 372 269 432 12.
329 372 927 432 Schnitzler's
986 366 1217 426 Death

891 816 1093 876 VER

366 831 719 891 DOBSE

463 887 485 947 I.
500 882 622 942 österr.
632 879 782 939 behördl.
792 871 1092 931 konzessioniertes

1907 887 2625 947 OBSERVER

415 924 655 984 Unternehmen
684 918 731 978 für
760 912 1147 972 Zeitungs-Ausschnitte

2003 936 2030 996 I.
2040 936 2158 996 österr.
2172 939 2318 999 behördl.
2332 942 2633 1002 konzessioniertes

471 984 618 1044 WIEN,
647 984 695 1044 I.,
724 976 1012 1036 WOLLZEILE
1062 971 1103 1031 11

1953 978 2191 1038 Unternehmen
2219 980 2265 1040 für
2294 984 2677 1044 Zeitungs-Ausschnitte

565 1033 785 1093 TELEPHON
819 1029 995 1089 R-23-0-43

2003 1036 2154 1096 WIEN,
2182 1039 2229 1099 I.,
2251 1044 2539 1104 WOLLZEILE
2581 1050 2628 1110 11

2104 1088 2319 1148 TELEPHON
2355 1094 2531 1154 R-23-0-43

365 1182 593 1242 Ausschnitt
622 1176 685 1236 aus
697 1175 707 1235 :

1896 1229 2121 1289 Ausschnitt
2147 1232 2234 1292 aus:

681 1247 815 1307 Linzer
854 1243 1093 1303 Volksblatt.

891 1320 983 1380 NOV

384 1407 490 1467 vom:

2278 1417 2378 1477 2.
2405 1412 2518 1472 NOV.
2544 1400 2645 1460 1837

1904 1453 2011 1513 vom:

627 1524 883 1584 Kadiokritik

1812 1567 1949 1627 Wegen
1996 1572 2052 1632 des
2076 1572 2201 1632 Todes
2226 1580 2442 1640 Schnitzlers
2478 1584 2855 1644 lebensüberdrüfsig.

274 1584 370 1644 Unter
404 1586 500 1646 dieser
535 1589 749 1649 Ueberschrift
778 1590 869 1650 sollen
909 1590 936 1650 in
977 1593 1027 1653 der
1062 1596 1231 1656 Folgezeit
1266 1598 1344 1658 nicht

183 1627 244 1687 nur
276 1629 321 1689 die
353 1631 601 1691 Dorbietungen
637 1633 745 1693 selbst,
767 1635 900 1695 sondern
937 1637 1009 1697 auch
1040 1637 1086 1697 die
1117 1641 1349 1701 Programm¬

1796 1630 2064 1690 Telegramm
2116 1635 2180 1695 des
2212 1635 2360 1695 Neuen
2392 1640 2572 1700 Wiener
2598 1644 2867 1704 Tagblatts.

181 1671 317 1731 bildung
350 1671 407 1731 und
439 1674 629 1734 Einteilung
667 1677 756 1737 einer
783 1677 935 1737 kritischen
973 1680 1194 1740 Beleuchtung
1232 1684 1342 1744 unter¬

1836 1689 2019 1749 Budapest,
2037 1692 2066 1752 2.
2084 1692 2172 1752 Nov.
2191 1694 2238 1754 En
2268 1696 2415 1756 Mädchen
2451 1701 2587 1761 namens
2611 1704 2710 1764 Irma
2741 1710 2929 1770 Nagler,

183 1714 272 1774 zogen
304 1713 452 1773 werden.
474 1715 564 1775 Diese
586 1718 691 1778 Kritik
718 1720 792 1780 kann
830 1721 877 1781 sich
904 1721 994 1781 wohl
1021 1723 1100 1783 nicht
1121 1724 1180 1784 auf
1207 1724 1264 1784 das
1291 1725 1344 1785 ge¬

1738 1733 1783 1793 die
1812 1736 1941 1796 Tochter
1976 1740 2060 1800 eines
2095 1744 2298 1804 Professors,
2321 1746 2394 1806 hat,
2423 1748 2485 1808 wie
2525 1751 2598 1811 jetzt
2644 1754 2779 1814 bekannt
2825 1758 2926 1818 wird,

181 1755 281 1815 samte
308 1758 498 1818 Programm
540 1760 725 1820 erstrecken,
747 1763 878 1823 sondern
911 1766 984 1826 muß
1017 1766 1063 1826 sich
1096 1766 1154 1826 auf
1175 1767 1228 1827 die
1255 1768 1344 1828 wich¬

1738 1781 1839 1841 einige
1867 1784 1953 1844 Tage
1980 1786 2050 1846 nach
2077 1787 2126 1847 dem
2170 1790 2250 1850 Tode
2277 1796 2547 1856 Schnitzlers
2585 1798 2671 1858 einen
2704 1801 2919 1861 Selbstmord¬

177 1799 287 1859 tigsten
325 1803 573 1863 Darbietungen
610 1805 842 1865 beschränken.
864 1806 911 1866 Es
943 1806 984 1866 ist
1012 1806 1037 1866 im
1085 1810 1254 1870 Interesse
1286 1813 1338 1873 der

1735 1826 1861 1886 versuch
1893 1832 2056 1892 begangen
2093 1835 2156 1895 und
2188 1837 2266 1897 wird
2304 1838 2330 1898 in
2373 1840 2457 1900 einem
2505 1844 2715 1904 Sanatorium
2768 1850 2920 1910 gepflegt.

178 1841 389 1901 Radiohörer
422 1847 569 1907 gelegen,
596 1850 654 1910 daß
692 1850 781 1910 durch
818 1850 887 1910 eine
914 1853 1146 1913 systematische
1178 1854 1241 1914 und
1274 1855 1342 1915 ein¬

1732 1875 1803 1935 Ihr
1837 1875 1936 1935 Vater
1970 1880 2098 1940 stammt
2131 1883 2192 1943 aus
2226 1887 2503 1947 Groß=Kanisza,
2531 1890 2586 1950 aus
2625 1892 2775 1952 derselben
2820 1895 2924 1955 Stadt

178 1886 321 1946 heitliche
348 1886 455 1946 Kritik
487 1890 532 1950 die
569 1895 918 1955 Programmbildung
955 1895 1006 1955 der
1042 1896 1155 1956 Ravag
1191 1899 1340 1959 entspre¬

1738 1920 1793 1980 wie
1826 1920 1875 1980 der
1909 1925 2008 1985 Vater
2036 1925 2146 1985 Artur
2174 1930 2383 1990 Schnitzlers.
2406 1933 2477 1993 Das
2511 1935 2660 1995 Mädchen
2699 1939 2831 1999 äußerte
2865 1942 2908 2002 sich

179 1931 270 1991 chend
303 1931 486 1991 beeinflußt
519 1933 599 1993 wird
637 1933 696 1993 und
729 1933 836 1993 hiebei
864 1934 912 1994 die
945 1936 1106 1996 Ansichten
1144 1939 1198 1999 der
1231 1941 1333 2001 Hörer

1740 1966 1795 2026 auf
1823 1967 1872 2027 dem
1917 1971 2149 2031 Krankenbette
2177 1976 2232 2036 auf
2260 1977 2303 2037 die
2332 1981 2453 2041 Frage,
2476 1981 2586 2041 warum
2631 1984 2663 2044 sie
2691 1985 2718 2045 so
2753 1987 2923 2047 gehandelt

177 1973 252 2033 auch
280 1972 306 2032 in
339 1972 393 2032 der
420 1975 588 2035 Provinz,
599 1978 690 2038 mehr
718 1978 767 2038 als
800 1978 907 2038 bisher
935 1981 1167 2041 berücksichtigt
1195 1984 1345 2044 werden.

260 2017 323 2077 Die
355 2018 477 2078 Ravag
509 2020 593 2080 hielt
621 2020 657 2080 es
689 2020 747 2080 für
779 2023 991 2083 notwendig,
1018 2024 1070 2084 für
1102 2026 1160 2086 den
1203 2026 1340 2086 verstor¬

1740 2012 1828 2072 habe,
1868 2016 1906 2076 sie
1945 2020 2027 2080 habe
2067 2020 2122 2080 das
2167 2022 2293 2082 Gefühl
2333 2026 2465 2086 gehabt,
2493 2029 2548 2089 daß
2588 2031 2648 2091 mit
2682 2030 2731 2090 dem
2781 2035 2914 2095 Abgang

182 2060 273 2120 benen
309 2059 441 2119 Wiener
471 2062 632 2122 Literaten
667 2065 724 2125 und
753 2066 834 2126 Arzt
858 2069 961 2129 Artur
985 2069 1244 2129 Schnitzler
1268 2071 1337 2131 eine

1739 2062 1928 2122 Schnitzlers
1963 2066 2037 2126 alles
2073 2069 2193 2129 Schöne
2228 2071 2291 2131 und
2320 2074 2504 2134 Wertvolle
2539 2079 2602 2139 aus
2654 2080 2740 2140 ihrem
2804 2083 2901 2143 Leben

178 2104 284 2164 eigene
320 2104 532 2164 Trauerfeier
562 2110 769 2170 anzusetzen,
793 2109 840 2169 die
876 2109 899 2169 in
941 2111 1005 2171 sehr
1041 2113 1236 2173 gediegener
1272 2113 1330 2173 und

1747 2108 1934 2168 enticnlinde.

178 2149 386 2209 kostspieliger
421 2151 653 2211 Aufmachung
687 2152 726 2212 am
772 2153 935 2213 Sonntag
981 2154 1117 2214 mittags
1168 2159 1196 2219 zu
1236 2157 1331 2217 hören

178 2190 267 2250 war.
315 2189 356 2249 Es
394 2191 467 2251 mag
505 2194 536 2254 ja
573 2193 625 2253 der
663 2196 778 2256 Ravag
816 2198 1058 2258 unbenommen
1100 2199 1247 2259 bleiben,
1274 2202 1331 2262 das

179 2234 411 2294 Kunstschaffen
445 2236 521 2296 aller
544 2238 743 2298 Richtungen
777 2241 837 2301 und
865 2241 1086 2301 Kulturkreise
1109 2244 1330 2304 entsprechend

177 2277 203 2337 zu
241 2279 436 2339 würdigen,
463 2280 538 2340 aber
566 2282 604 2342 es
637 2286 711 2346 geht
739 2286 820 2346 denn
859 2286 928 2346 doch
962 2286 1047 2346 nicht
1075 2287 1134 2347 an,
1162 2289 1215 2349 daß
1259 2289 1329 2349 man

170 2319 228 2379 bei
249 2321 328 2381 aller
350 2325 497 2385 Achtung
524 2325 582 2385 vor
609 2327 661 2387 dem
704 2331 941 2391 künstlerischen
974 2331 1105 2391 Können
1138 2334 1332 2394 Schnitzlers

177 2364 273 2424 diesen
312 2369 365 2429 als
398 2370 538 2430 Vorbild
577 2370 635 2430 des
674 2372 878 2432 eigentlichen
922 2375 1154 2435 Österreichers
1192 2377 1337 2437 hinstellt

180 2411 238 2471 und
274 2411 498 2471 verherrlicht,
522 2414 580 2474 wie
610 2415 674 2475 dies
705 2417 810 2477 Ernst
834 2417 957 2477 Lothar
987 2420 1016 2480 in
1052 2420 1152 2480 seiner
1182 2420 1334 2480 Gedenk¬

2161 2447 2968 2507 OBSERVERG

175 2455 252 2515 rede
279 2456 330 2516 sich
357 2459 524 2519 erlaubte.

2257 2510 2279 2570 I.
2296 2511 2412 2571 österr.
2424 2507 2573 2567 behördl.
2585 2504 2879 2564 konzessioniertes

2209 2552 2445 2612 Unternehmen
2474 2549 2518 2609 für
2547 2546 2930 2606 Zeitungs-Ausschnitte

2265 2612 2410 2672 WIEN,
2435 2611 2491 2671 I.,
2516 2608 2791 2668 WOLLZEILE
2841 2606 2880 2666 11

2361 2662 2577 2722 TELEPHON
2608 2661 2783 2721 R-23-0-43

2161 2808 2386 2868 Ausschnitt
2411 2806 2499 2866 aus:

291 2868 1004 2928 OBSERVER

386 2934 407 2994 I.
424 2931 542 2991 österr.
548 2925 700 2985 behördl.
711 2916 1009 2976 konzessioniertes

2458 2923 2776 2983 Arbeiterzeiung,
2800 2938 2878 2998 Kien

336 2973 574 3033 Unternehmen
601 2967 653 3027 für
680 2958 1062 3018 Zeitungs-Ausschnitte

390 3032 541 3092 WIEN,
566 3031 621 3091 I.,
646 3024 926 3084 WOLLZEILE
975 3016 1014 3076 11

2167 3032 2272 3092 vom:

2448 3042 2511 3102 2.
2534 3044 2650 3104 NOV.
2673 3043 2768 3103 1937

484 3082 704 3142 TELEPHON
741 3072 919 3132 R-23-0-43

302 3231 519 3291 Ausschnitt
537 3224 631 3284 aus:

2112 3248 2178 3308 Aus
2212 3248 2299 3308 Gram
2348 3248 2421 3308 über
2448 3248 2501 3308 den
2536 3246 2603 3306 Tod
2637 3245 2737 3305 Artur
2766 3243 2973 3303 Schnitzlers.

2177 3309 2249 3369 Aus
2272 3311 2514 3371 Budanest
2544 3307 2625 3367 wird
2662 3307 2838 3367 gemeldet:
2890 3304 2963 3364 Aus

486 3340 591 3400 WR.
612 3331 1054 3391 MITTAGSZEITUNG

2111 3355 2197 3415 Gran
2255 3355 2330 3415 über
2360 3353 2411 3413 den
2452 3352 2520 3412 Tod
2557 3352 2660 3412 Arkur
2689 3350 2879 3410 Schnitzlers
2915 3349 2972 3409 hat

2109 3400 2152 3460 ein
2208 3400 2329 3460 junges
2379 3397 2533 3457 Mädchen
2589 3394 2649 3454 aus
2700 3394 2976 3454 Nagy=Kenisza,

2107 3444 2205 3504 Irma
2234 3445 2399 3505 Nagel,
2416 3442 2504 3502 einen
2532 3439 2819 3499 Selbstmord
2847 3438 2968 3498 durch

669 3459 766 3519 Z.
787 3457 914 3517 NOV.
935 3456 1003 3516 123

313 3461 414 3521 vom:

2112 3488 2361 3548 Vergiften
2401 3484 2628 3544 versucht.
2673 3481 2739 3541 Sie
2773 3481 2889 3541 konnte
2923 3481 2978 3541 ge¬

2112 3531 2206 3591 rettet
2239 3528 2381 3588 werden.
2409 3528 2424 3588 —
2478 3527 2636 3587 Fräulein
2679 3528 2784 3588 Nagel
2817 3525 2901 3585 stand
2939 3524 2965 3584 in

2114 3575 2419 3635 freundschaftlichen
2462 3570 2687 3630 Beziehungen
2725 3570 2756 3630 zu
2799 3570 2851 3630 dem
2899 3567 2972 3627 ver¬

2109 3619 2274 3679 storbenen
2314 3618 2457 3678 Dichter.
2508 3615 2568 3675 Sie
2602 3614 2740 3674 besuchte
2774 3613 2818 3673 ihn
2857 3612 2967 3672 häufig

309 3625 724 3685 elbstmord,
772 3619 940 3679 weil
988 3615 1282 3675 Arthur
1346 3615 1714 3675 Schnitzler
1778 3609 1961 3669 starb

2113 3663 2174 3723 und
2226 3663 2313 3723 stand
2376 3660 2443 3720 auch
2485 3658 2547 3718 mit
2573 3658 2624 3718 ihm
2671 3658 2696 3718 in
2733 3660 2825 3720 reger
2857 3657 2975 3717 Korre¬

395 3708 473 3768 Die
513 3705 759 3765 mysteriöse
800 3703 1223 3763 Verzweiflungstat
1264 3701 1381 3761 einer
1422 3700 1579 3760 jungen
1620 3695 1806 3755 Ungarin

2114 3707 2288 3767 spondenz.
2315 3705 2383 3765 Der
2421 3704 2489 3764 Tod
2521 3701 2605 3761 ihres
2643 3702 2759 3762 großen
2802 3701 2965 3761 Freundes

2112 3751 2167 3811 hat
2195 3750 2233 3810 sie
2267 3749 2383 3809 seelisch
2411 3747 2438 3807 so
2472 3747 2671 3807 erschüttert,
2710 3746 2765 3806 daß
2821 3747 2865 3807 sie
2915 3743 2970 3803 das

1132 3764 1294 3824 Fräulein
1329 3763 1444 3823 Nagel
1465 3761 1553 3821 stand
1587 3761 1613 3821 in
1649 3758 1994 3818 freundschaft¬

304 3773 493 3833 Budapest,
521 3772 558 3832 2.
591 3768 803 3828 November.
836 3767 1085 3827 (Tel.=Comp.)

2101 3798 2207 3858 Leben
2245 3797 2320 3857 nicht
2346 3797 2433 3857 mehr
2459 3797 2603 3857 ertragen
2628 3798 2659 3858 zu
2685 3794 2804 3854 können
2830 3793 2973 3853 glaubte.

1126 3814 1269 3874 lichen
1302 3811 1645 3871 Beziehungen
1701 3810 1733 3870 zu
1789 3806 1844 3866 dem
1916 3806 1993 3866 ver¬

221 3824 310 3884 Aus
347 3827 468 3887 Gram
517 3824 631 3884 über
662 3822 739 3882 den
770 3821 866 3881 Tod
897 3818 1078 3878 Arthur

1129 3865 1301 3925 storbenen
1334 3860 1469 3920 Wiener
1497 3857 1642 3917 Dichter.

216 3873 505 3933 Schnitzlers
576 3869 665 3929 hat
730 3870 800 3930 ein
848 3866 1072 3926 —junge=

1222 3909 1285 3969 Sie
1311 3910 1452 3970 desuchte
1479 3907 1530 3967 ihn
1563 3907 1671 3967 häufig
1704 3906 1768 3966 uno
1795 3905 1884 3965 stand
1917 3905 1993 3965 auch

216 3918 599 3978 Marcenns
682 3913 1088 3973 Nagy=Kanicsa,

1131 3961 1193 4021 mit
1222 3961 1273 4021 ihm
1319 3958 1346 4018 in
1382 3957 1477 4017 reger
1507 3955 1796 4015 Korrespondenz.
1819 3952 1887 4012 Der
1916 3955 1989 4015 Tod

223 3970 457 4030 Fräulein
530 3966 674 4026 Irme
747 3965 921 4025 Nagel,
982 3961 1084 4021 vor¬

1133 4009 1222 4069 ihres
1253 4008 1379 4068 großen
1416 4005 1590 4065 Freundes
1621 4001 1705 4061 habe
1730 4000 1771 4060 sie
1796 4001 1922 4061 seelish
1953 4004 1983 4064 so

217 4018 392 4078 gestern
449 4015 556 4075 hier
607 4013 896 4073 Selbstmord
953 4009 1078 4069 durch

1133 4057 1339 4117 erschüttert,
1359 4057 1415 4117 daß
1447 4056 1484 4116 sie
1509 4054 1565 4114 das
1591 4051 1690 4111 Leben
1723 4051 1803 4111 nicht
1823 4051 1916 4111 mehr
1942 4048 1991 4108 er¬

226 4068 481 4128 Vergisten
513 4063 742 4123 versucht.

311 4122 377 4182 Sie
407 4120 521 4180 konnte
570 4120 684 4180 jedoch
743 4116 885 4176 gerettet
934 4114 1088 4174 werden,
1127 4111 1250 4171 ragen
1280 4111 1318 4171 zu
1347 4110 1471 4170 können
1501 4105 1653 4165 glaubte.
