3392 4384
236 584 658 644 sene

1773 591 2265 651 Eitung

1042 587 1477 647 ircher

318 745 499 805 Hemmung
541 745 666 805 wirken,
695 745 764 805 gute
797 745 907 805 Arbeit
940 747 1037 807 leisten
1080 746 1135 806 und
1168 745 1247 805 aus¬
1284 745 1339 805 den
1377 746 1465 806 darf,
1489 748 1544 808 daß
1582 747 1627 807 sich
1661 746 1711 806 die
1744 745 2018 805 Parlamentarier
2051 745 2106 805 von
2143 745 2189 805 ihm

320 787 506 847 gezeichnete
553 787 735 847 Ratschläge
782 788 907 848 erteilen
959 788 1107 848 würden.
1160 786 1243 846 Aber
1285 786 1355 846 noch
1383 787 1504 847 allerlei
1528 787 1639 847 bittere
1663 789 1798 849 Tropfen
1831 787 1985 847 einflößen
2018 789 2129 849 lassen,
2148 790 2213 850 ent¬

321 831 413 891 dieses
446 831 581 891 Kapital
605 832 707 892 bleibt
731 832 912 892 ungenützt,
936 832 1010 892 weil
1038 832 1122 892 Wien
1160 831 1243 891 zwar
1276 829 1421 889 schlossen
1472 829 1625 889 schienen,
1663 832 1714 892 dem
1775 831 2064 891 „Finanzminister
2111 831 2208 891 wider

1282 870 1410 930 Wille,“
1438 870 1487 930 den
1520 870 1679 930 erbetenen
1712 870 1849 930 Gefallen
1881 872 1908 932 zu
1941 870 2013 930 tun,
2032 870 2082 930 kam

325 874 401 934 viele
447 873 610 933 Freunde,
647 874 801 934 Verehrer
842 873 900 933 und
946 873 1136 933 Liebhaber,
1172 873 1244 933 aber

149 879 282 939 Brücken

325 918 422 978 wenig
451 915 613 975 Patrioten
646 916 710 976 hat.
743 915 798 975 Die
827 918 989 978 Autorität
1013 918 1096 978 eines
1129 916 1342 976 Oester¬der
1375 915 1588 975 grußdeutsche
1621 914 1867 974 Justizminister
1914 913 1974 973 und
2016 914 2150 974 schleude
2188 919 2215 979 e,

143 930 272 990 hrenfest

323 958 452 1018 reichers
485 959 508 1019 im
555 960 680 1020 Inland
713 960 801 1020 steigt
830 960 922 1020 daher
951 960 974 1020 in
1007 960 1094 1020 jenem
1141 961 1253 1021 Maße,
1286 957 1387 1017 erbost
1416 957 1471 1017 von
1509 956 1560 1016 den
1602 954 1718 1014 ewigen
1765 955 1946 1015 Sticheleien
1993 955 2043 1015 des
2086 956 2099 1016 S

144 999 254 1059 mber.

1285 999 1407 1059 kreises,
1426 999 1485 1059 das
1513 999 1649 1059 gesamte
1673 999 1923 1059 Aktenmaterial
1951 999 2046 1059 seines
2079 999 2210 1059 Staats¬

321 1002 365 1062 als
397 1002 463 1062 eine
490 1003 707 1063 ausländische
734 1002 841 1062 Macht
863 1005 969 1065 hinter
997 1005 1041 1065 ihm
1090 1006 1116 1066 zu
1148 1005 1241 1065 stehen

1280 1043 1417 1103 anwalts
1460 1041 1521 1101 und
1569 1044 1668 1104 seiner
1702 1044 2027 1104 Wirtschaftspolizei
2066 1042 2127 1102 auf
2166 1041 2212 1101 die

322 1044 450 1104 scheint.
490 1045 569 1105 Auch
618 1047 670 1107 der
711 1047 909 1107 Völkerbund
953 1047 988 1107 ist
1024 1047 1103 1107 etwa
1147 1047 1231 1107 einem

144 1078 163 1138 n
196 1076 280 1136 Wien

1287 1085 1540 1145 Ministerbank.

326 1087 448 1147 Korsett
475 1088 702 1148 vergleichbar,
730 1088 788 1148 das
830 1088 875 1148 sich
912 1088 961 1148 die
994 1090 1243 1150 österreichischen

142 1122 190 1182 daß
239 1121 286 1181 sich

328 1130 472 1190 Politiker
511 1130 549 1190 um
603 1130 655 1190 den
704 1130 771 1190 Leib
811 1133 921 1193 legen,
950 1132 1037 1192 wenn
1081 1132 1119 1192 sie
1158 1133 1244 1193 ihren

1341 1136 1471 1196 Werden
1505 1133 1548 1193 die
1577 1133 1750 1193 Advokaten
1779 1133 1832 1193 des
1866 1133 2024 1193 Direktors
2054 1134 2217 1194 Ehrenfest

137 1166 279 1226 paren

325 1174 536 1234 Landsleuten
599 1173 842 1233 unangenehme
900 1175 1002 1235 Dinge
1064 1174 1240 1234 beibringen

1287 1181 1365 1241 nicht
1394 1181 1575 1241 schleunigst
1604 1179 1674 1239 nach
1707 1179 1790 1239 jenen
1828 1178 2033 1238 Hintertüren
2071 1178 2220 1238 forschen,

140 1207 292 1267 samkeit

325 1216 451 1276 wollen.
488 1217 563 1277 War
596 1217 642 1277 die
675 1217 792 1277 Türkei
820 1217 895 1277 einst
923 1217 974 1277 der
1007 1217 1109 1277 kranke
1143 1217 1240 1277 Mann

1286 1223 1372 1283 durch
1409 1223 1454 1283 die
1486 1223 1531 1283 ihr
1563 1223 1672 1283 Klient
1695 1223 1877 1283 entweichen
1909 1223 2008 1283 kann?
2041 1223 2104 1283 Das
2141 1222 2217 1282 Volk

138 1252 278 1312 blkerung

323 1259 491 1319 Euronas,
509 1261 536 1321 so
568 1260 604 1320 ist
627 1262 718 1322 heute
746 1262 922 1322 Oesterreich
955 1261 999 1321 die
1027 1259 1131 1319 kranke
1159 1262 1240 1322 Frau

1287 1268 1422 1328 begreift
1445 1268 1517 1328 eben
1554 1268 1649 1328 nicht,
1672 1268 1726 1328 daß
1763 1267 1808 1327 die
1840 1265 1953 1325 kleinen
1990 1265 2093 1325 Leute,
2121 1265 2207 1325 wenn

139 1295 210 1355 sien,
236 1292 292 1352 be¬

321 1302 367 1362 des
401 1300 621 1360 Kontinents,
640 1303 705 1363 die,
729 1304 818 1364 allein
851 1303 1001 1363 gelassen,
1025 1304 1052 1364 in
1086 1303 1240 1363 Trübsinn

1285 1309 1323 1369 sie
1347 1310 1390 1370 sich
1424 1309 1462 1369 ein
1496 1311 1596 1371 Delikt
1621 1309 1793 1369 zuschulden
1827 1309 1956 1369 kommen
1990 1309 2100 1369 lassen,
2120 1309 2220 1369 sofort

141 1337 288 1397 semokra-

327 1342 463 1402 versällt,
487 1345 636 1405 während
664 1345 701 1405 sie
735 1347 832 1407 sofort
857 1348 935 1408 neue
964 1348 1071 1408 Kräfte
1100 1347 1254 1407 gewinnt,

1282 1354 1334 1414 die
1373 1354 1502 1414 schwere
1531 1354 1641 1414 Wucht
1680 1353 1732 1413 der
1766 1354 1881 1414 Gesetze
1930 1354 2035 1414 fühlen
2088 1354 2222 1414 müssen,

161 1381 290 1441 Lamm,

326 1387 426 1447 sobald
460 1387 493 1447 sie
522 1387 570 1447 sich
599 1387 780 1447 umworben
815 1387 915 1447 fühlt.

1285 1396 1434 1456 während
1471 1397 1516 1457 die
1548 1399 1657 1459 großen
1699 1399 1817 1459 Hechte,
1844 1399 1889 1459 die
1922 1397 1967 1457 ein
2004 1396 2213 1456 angesehenes

148 1424 292 1484 stellien,

378 1432 437 1492 Die
472 1432 614 1492 elegische
644 1432 836 1492 Stimmung
871 1432 944 1492 fand
979 1432 1047 1492 ihre
1082 1432 1229 1492 historisch

1286 1441 1496 1501 Geldinstitut
1520 1442 1674 1502 schädigen
1707 1441 1767 1501 und
1796 1441 1870 1501 allen
1903 1441 2066 1501 möglichen
2104 1438 2206 1498 Leuten

140 1466 288 1526 seamion¬

323 1471 486 1531 Betonung
525 1474 611 1534 durch
645 1474 697 1534 den
736 1473 798 1533 Tod
842 1473 894 1533 des
938 1475 1081 1535 Dichters
1125 1474 1244 1534 Arthat

1285 1484 1350 1544 ihre
1378 1486 1776 1546 Spekulationsmillionen
1809 1486 1935 1546 schuldig
1968 1483 2108 1543 bleiben,
2132 1483 2215 1543 durch

170 1509 289 1569 Mittel

319 1515 572 1575 Schnitzler,
594 1518 692 1578 dieser
719 1517 884 1577 klassischen
921 1515 1129 1575 Erscheinung
1165 1518 1248 1578 einer

1285 1529 1332 1589 die
1367 1527 1510 1587 Maschen
1544 1530 1596 1590 der
1631 1530 1855 1590 Paragraphen
1889 1527 2114 1587 entschlüpfen.
2158 1527 2215 1587 Die

321 1557 448 1617 Wiener
478 1560 674 1620 Gelstigkeit,
699 1560 748 1620 die
783 1560 870 1620 heute
905 1560 959 1620 der
989 1562 1253 1622 Vergangenheit

1289 1572 1415 1632 Wähler
1443 1573 1597 1633 begreifen
1630 1572 1699 1632 eben
1732 1572 1825 1632 nicht,
1845 1572 1900 1632 daß
1933 1569 1984 1629 die
2013 1572 2124 1632 kleinen
2157 1566 2217 1626 Be¬

143 1599 162 1659 si
182 1599 289 1659 enger.

319 1602 491 1662 angehört.
520 1602 587 1662 Das
621 1602 726 1662 frohe,
751 1602 908 1662 harmlose
943 1604 1052 1664 Lachen
1091 1604 1129 1664 ist
1154 1603 1244 1663 selten

1287 1616 1384 1676 amten
1431 1617 1492 1677 und
1529 1617 1753 1677 Angestellten,
1782 1616 1828 1676 die
1861 1614 1907 1674 sich
1950 1615 2075 1675 mühsam
2132 1612 2215 1672 durch

128 1641 287 1701 Peneral=

318 1644 500 1704 geworden,
527 1644 576 1704 die
607 1644 896 1704 Sentimentalität
937 1646 1096 1706 wandelte
1137 1646 1185 1706 sich
1221 1645 1243 1705 in

1287 1659 1334 1719 ihr
1369 1659 1464 1719 Leben
1513 1662 1652 1722 kämpfen
1701 1659 1835 1719 müssen,
1869 1657 2023 1717 Abstriche
2057 1656 2090 1716 an
2129 1659 2215 1719 ihren

144 1686 288 1746 rischaft,

326 1686 530 1746 Melancholie
558 1686 612 1746 und
645 1686 690 1746 die
714 1689 836 1749 Skepsis
864 1688 914 1748 der
942 1689 1055 1749 älteren
1083 1689 1233 1749 Geschlech

1287 1704 1458 1764 Gehältern
1495 1704 1626 1764 dulden,
1649 1704 1726 1764 neue
1758 1701 1984 1761 Krisensteuern
2016 1702 2116 1762 leisten
2152 1701 2211 1761 und

142 1730 220 1790 sen,
249 1727 281 1787 da

318 1730 359 1790 ter
391 1729 536 1789 mündete
564 1730 590 1790 in
623 1730 709 1790 einer
737 1731 1004 1791 Vereinsamung.
1028 1730 1191 1790 Vielleicht
1219 1732 1241 1792 in

1287 1745 1342 1805 für
1371 1747 1426 1807 das
1459 1748 1575 1808 Kraut,
1600 1747 1655 1807 mit
1683 1745 1734 1805 dem
1782 1746 1827 1806 die
1861 1745 2047 1805 Tabakregie
2080 1746 2126 1806 die
2155 1744 2205 1804 ver

142 1772 287 1832 steigert

320 1772 419 1832 keinem
470 1772 587 1832 Staat,
620 1773 710 1833 selbst
751 1772 828 1832 nicht
869 1772 896 1832 in
947 1772 1060 1832 andern
1101 1774 1241 1834 besiegten

1296 1793 1459 1853 zweiselten
1502 1791 1646 1851 Raucher
1679 1790 1829 1850 beglückt,
1858 1790 1922 1850 noch
1961 1790 2072 1850 höhere
2110 1790 2217 1850 Preise

210 1814 278 1874 Das

318 1814 478 1874 Ländern,
497 1817 610 1877 besteht
634 1814 699 1874 eine
723 1817 818 1877 solche
842 1817 931 1877 Kluft
955 1817 1091 1877 zwischen
1125 1817 1171 1877 alt
1191 1814 1246 1874 und

1287 1835 1394 1895 zahlen
1446 1836 1558 1896 sollen,
1596 1835 1745 1895 während
1783 1833 1829 1893 die
1863 1833 2040 1893 Direktoren
2082 1835 2138 1895 der
2171 1834 2222 1894 zu¬

144 1859 292 1919 herstitelt

323 1859 390 1919 jung
424 1859 481 1919 wie
510 1859 534 1919 in
568 1859 769 1919 Oesterreich.
789 1861 832 1921 Im
875 1860 1019 1920 täglichen
1053 1859 1148 1919 Leben
1183 1859 1249 1919 fällt

1291 1880 1637 1940 sammengebrochenen
1683 1880 1829 1940 Banken,
1866 1878 2047 1938 vermutlich
2084 1878 2139 1938 für
2175 1878 2220 1938 die

143 1901 157 1961 n
187 1902 272 1962 Ecken
316 1901 388 1961 dies
427 1901 499 1961 kaum
547 1903 624 1963 auf;
648 1901 725 1961 denn
774 1901 802 1961 in
836 1904 922 1964 Wien
971 1901 1148 1961 dominiert
1187 1901 1254 1961 noch

1286 1925 1468 1985 glanzvolle
1496 1925 1668 1985 Führung,
1693 1922 1748 1982 mit
1777 1922 1823 1982 der
1852 1923 1888 1983 sie
1917 1922 1963 1982 die
1987 1922 2075 1982 ihnen
2109 1922 2220 1982 anver¬

321 1942 435 2002 immer
469 1943 521 2003 die
556 1943 617 2003 alte
661 1945 857 2005 Generation
905 1945 962 2005 der
1005 1946 1254 2006 Vorkriegszeit,

144 1945 281 2005 heinung

1287 1969 1405 2029 trauten
1447 1969 1565 2029 Schiffe
1597 1967 1651 2027 zum
1702 1966 1857 2026 Scheitern
1894 1966 2053 2026 brachten,
2076 1966 2213 2026 dauernd

323 1987 467 2047 während
496 1987 523 2047 in
557 1987 603 2047 den
637 1987 893 2047 Alpenländern,
912 1987 1006 2047 leider
1030 1987 1057 2047 im
1095 1988 1160 2048 Haß
1194 1987 1249 2047 und

173 1988 289 2048 bleibt,

1287 2011 1508 2071 phantastische
1541 2011 1695 2071 Summen
1736 2011 1786 2071 als
1823 2010 2077 2070 standesgemäße
2114 2008 2218 2068 Ruhe¬

326 2029 456 2089 Poykott
480 2032 574 2092 gegen
607 2029 658 2089 die
687 2032 878 2092 Hauptstadt
903 2031 1052 2091 erzogen,
1077 2029 1118 2089 ein
1156 2029 1249 2089 neues

144 2033 292 2093 sermehrt

1289 2056 1429 2116 gehälter
1457 2054 1592 2114 beziehen
1625 2053 1751 2113 dürfen.
1770 2053 1825 2113 Die
1854 2053 2026 2113 politischen
2055 2053 2222 2113 Partelen,

323 2074 492 2134 Geschlecht
531 2073 723 2133 heranreift,
767 2074 824 2134 das
868 2074 921 2134 für
965 2074 1013 2134 die
1061 2073 1244 2133 zweifelnde

147 2078 292 2138 mnöglich¬

1282 2098 1372 2158 denen
1409 2098 1432 2158 in
1464 2098 1546 2158 jeder
1574 2098 1820 2158 Versammlung
1848 2096 1893 2156 die
1921 2095 2021 2155 Causa
2053 2096 2217 2156 Ehrenfest

325 2116 466 2176 tronische
512 2116 573 2176 und
622 2116 866 2176 kontemplative
906 2116 1052 2176 Haltung
1097 2116 1150 2176 der
1195 2116 1243 2176 alt

163 2122 284 2182 gewisse

1287 2143 1484 2203 vorgehalten
1517 2143 1615 2203 wird,
1635 2143 1742 2203 fühlen
1776 2143 1823 2203 sich
1856 2141 1884 2201 in
1917 2140 2001 2200 ihrer
2030 2140 2114 2200 Haut
2143 2140 2222 2200 nicht

325 2157 574 2217 österreichischen
611 2157 787 2217 Aestheten,
810 2158 859 2218 die
892 2157 1063 2217 anderseits
1100 2157 1141 2217 ein
1182 2157 1254 2217 wei¬

141 2163 269 2223 schafts

1294 2186 1393 2246 wohl.
1411 2184 1492 2244 Aber
1520 2184 1569 2244 der
1592 2185 1787 2245 Gesetzgeber
1815 2184 1851 2244 ist
1874 2184 1941 2244 kaum
1987 2184 2122 2244 verlegen
2159 2184 2213 2244 und

149 2206 385 2266 brochenches
416 2202 542 2262 Gemüt
568 2200 593 2260 in
629 2200 674 2260 die
700 2202 916 2262 Waagschalen
948 2201 1033 2261 ihres
1064 2200 1250 2260 Charakters

1291 2229 1368 2289 baut
1400 2229 1477 2289 über
1509 2228 1604 2288 Nacht
1632 2229 1718 2289 einen
1755 2227 1850 2287 neuen
1887 2229 2113 2289 Paragraphen
2150 2229 2204 2289 zum

323 2244 437 2304 wersen
490 2244 643 2304 konnten,
687 2244 835 2304 keinerlei
883 2244 1094 2304 Verständnis
1147 2244 1247 2304 besitzt

147 2250 297 2310 nöglichst

1287 2274 1566 2334 Strafgesetzbuch,
1590 2274 1641 2334 der
1674 2272 1720 2332 die
1754 2273 1889 2333 Untreue
1922 2271 1973 2331 bei
2001 2271 2220 2331 Vermögens¬

323 2288 508 2348 Schnitzlers
541 2286 767 2346 Lebensabend
800 2286 868 2346 war
900 2286 986 2346 durch
1018 2286 1072 2346 das
1109 2286 1249 2346 tragische

169 2294 279 2354 Boden

1291 2319 1491 2379 verwaltung
1520 2319 1607 2379 sogar
1636 2318 1691 2378 mit
1715 2316 1952 2376 rückwirkender
1981 2316 2073 2376 Kraft
2097 2316 2222 2376 ahndet.

325 2331 456 2391 Geschick
484 2333 584 2393 seiner
616 2331 742 2391 Tochter
784 2330 843 2390 und
884 2328 974 2388 durch
1016 2328 1066 2388 den
1107 2329 1252 2389 Umstand

166 2338 213 2398 sich
245 2339 292 2399 die

1294 2361 1431 2421 Aehnlich
1482 2361 1541 2421 wie
1574 2361 1620 2421 die
1657 2361 1910 2421 internationale
1942 2361 2227 2421 Vertrauenskrise

326 2375 513 2435 verdustert,
537 2375 594 2435 daß
628 2372 680 2432 die
710 2372 834 2432 heutige
868 2372 997 2432 Jugend
1036 2372 1089 2432 den
1123 2372 1247 2432 Schrift

143 2381 179 2441 sch
205 2380 296 2440 selbst

1292 2405 1531 2465 psychologische
1565 2405 1813 2465 Erscheinungen
1857 2403 2129 2463 absonderlichster
2163 2402 2225 2462 Art

321 2417 429 2477 steller,
453 2417 504 2477 der
538 2417 688 2477 innerlich
731 2416 806 2476 jung
849 2415 934 2475 blieb
977 2417 1037 2477 und
1085 2414 1136 2474 dem
1193 2416 1249 2476 das

144 2423 165 2483 n
202 2425 265 2485 Gen

1292 2453 1483 2513 begünstigt,
1517 2449 1555 2509 ist
1584 2447 1650 2507 auch
1689 2449 1741 2509 der
1780 2449 1894 2509 Reigen
1933 2447 1971 2507 um
2019 2448 2215 2508 Rothschilds

331 2462 455 2522 Altern,
484 2459 541 2519 wie
575 2459 651 2519 allen
694 2459 852 2519 Männern
891 2459 952 2519 aus
991 2458 1039 2518 der
1073 2459 1259 2519 Kaiserzeit,

154 2470 279 2530 ihren

1292 2491 1394 2551 Bank,
1413 2495 1436 2555 in
1470 2492 1521 2552 dem
1559 2492 1610 2552 arm
1657 2492 1713 2552 und
1742 2492 1811 2552 reich
1840 2492 2022 2552 verflochten
2052 2492 2130 2552 sind,
2150 2492 2224 2552 weil

326 2504 484 2564 unendlich
517 2504 629 2564 schwer
658 2504 727 2564 fiel,
760 2501 877 2561 einfach
919 2501 947 2561 in
989 2501 1091 2561 seinen
1129 2501 1250 2561 Werken

168 2513 279 2573 Oester

1295 2539 1348 2599 das
1388 2537 1670 2597 Schuldenmachen
1719 2536 1789 2596 eben
1846 2537 1925 2597 keine
1965 2537 2221 2597 Standesunter¬

323 2549 395 2609 nicht
429 2549 515 2609 mehr
545 2549 679 2609 begriff.
718 2546 863 2606 Dennoch
907 2544 978 2604 muß
1022 2546 1056 2606 es
1090 2546 1157 2606 hier
1191 2543 1253 2603 eine

150 2558 292 2618 neingut

1289 2582 1394 2642 schiede
1422 2582 1527 2642 kennt,
1550 2581 1737 2641 nachgerade
1765 2579 1806 2639 ein
1843 2579 2030 2639 Kuriosum,
2053 2582 2085 2642 zu
2122 2582 2213 2642 dessen

584 2590 684 2650 Sonst
708 2588 789 2648 wäre
814 2588 861 2648 der
886 2588 1072 2648 Bucherfolg
1096 2588 1149 2648 von
1183 2588 1254 2648 zwei

327 2588 440 2648 Brücke
467 2593 515 2653 ger

1292 2626 1546 2686 Ueberwindung
1583 2625 1629 2685 sich
1666 2623 1707 2683 ein
1744 2622 1822 2682 alter
1854 2623 1983 2683 Wiener
2015 2626 2217 2686 Wahrspruch

338 2634 473 2694 ngeren
510 2632 751 2692 Orsterreichern
787 2630 864 2690 kaum
924 2631 950 2691 zu
992 2632 1164 2692 verstehen,
1201 2631 1250 2691 den

143 2658 204 2718 lle,
227 2659 277 2719 ver

1295 2671 1481 2731 empfiehlt:
1507 2673 1567 2733 „Da
1598 2668 1673 2728 kann
1709 2668 1774 2728 man
1810 2668 1875 2728 halt
1901 2670 1951 2730 nix
1982 2670 2138 2730 machen!"

328 2677 445 2737 Robert
473 2676 642 2736 Hohlbaum
690 2674 751 2734 mit
779 2674 877 2734 seinem
935 2674 1056 2734 Roman
1104 2674 1164 2734 aus
1207 2673 1258 2733 der

149 2704 288 2764 wischen

333 2721 539 2781 französischen
578 2716 866 2776 Revolutionszeit
895 2719 1035 2779 „König,
1064 2713 1251 2773 Volsund

166 2749 294 2809 geistige

333 2764 429 2824 Mirko
462 2764 602 2824 Jelusich
636 2764 694 2824 mit
733 2762 830 2822 seinem
879 2761 1019 2821 „Julius
1052 2761 1171 2821 Cäsar"
1215 2758 1263 2818 er¬

173 2792 225 2852 die
257 2791 294 2851 sie

327 2807 434 2867 ringen
470 2806 617 2866 konnten.

149 2832 204 2892 der
244 2835 293 2895 die

387 2850 448 2910 Das
483 2849 624 2909 Thema,
647 2847 703 2907 das
738 2846 856 2906 derzeit
879 2844 941 2904 alle
964 2844 1111 2904 privaten
1146 2845 1258 2905 Unter¬

155 2877 284 2937 zehnten

333 2892 495 2952 haltngen
533 2891 561 2951 in
599 2889 687 2949 Wien
734 2890 794 2950 und
837 2888 1009 2948 sämtlichen
1048 2889 1159 2949 Gauen
1206 2889 1257 2949 der

171 2924 198 2984 in
236 2922 286 2982 den

333 2937 543 2997 Alpenländer
577 2933 764 2993 beherrscht,
797 2931 914 2991 immer
952 2931 1050 2991 neuen
1088 2931 1186 2991 Stoff
1220 2931 1252 2991 zu

181 2964 299 3024 Ernte

327 2982 540 3042 unentwegtem
585 2976 704 3036 Aerger
731 2976 793 3036 und
820 2974 1082 3034 verdammenden
1118 2975 1250 3035 Urteilen

184 3009 284 3069 letzten

331 3024 434 3084 bietet,
454 3023 488 3083 ist
508 3021 562 3081 der
587 3021 690 3081 Fall
720 3018 970 3078 Ehrensest.
991 3018 1256 3078 Finanzminister

136 3053 182 3113 er
207 3053 282 3113 alten

335 3065 579 3125 Weidenhoffer,
603 3064 649 3124 ein
692 3062 823 3122 Mährer
857 3062 913 3122 von
956 3059 1007 3119 der
1041 3062 1266 3122 deutschetsche¬

182 3095 287 3155 neuen

331 3108 450 3168 chischen
484 3107 623 3167 Grenze,
647 3107 738 3167 dessen
777 3104 916 3164 Sprache
950 3103 987 3163 an
1032 3103 1088 3163 den
1132 3102 1256 3162 Tonsal

152 3143 204 3203 on,
242 3143 294 3203 der

328 3155 382 3215 des
412 3152 569 3212 Brünner
600 3149 756 3209 Dialektes
792 3149 949 3209 erinnert,
984 3146 1038 3206 hat
1078 3149 1166 3209 zwar
1206 3146 1260 3206 vor

147 3185 162 3245 se
194 3185 301 3245 Wiri¬

326 3197 444 3257 einigen
489 3194 617 3254 Tagen,
653 3192 706 3252 s
751 3191 780 3251 er
821 3191 874 3251 die
914 3191 1176 3251 Pressevertreter
1216 3188 1245 3248 im

145 3230 209 3290 1s,
240 3230 292 3290 des

331 3239 531 3299 prachtvollen
560 3236 674 3296 Palais
698 3234 745 3294 des
774 3233 1132 3293 Finanzministeriums
1156 3233 1179 3293 in
1209 3233 1256 3293 der

147 3274 295 3334 pegsegte,
327 3281 646 3341 Himelpfortgasse
667 3277 827 3337 empfing,
848 3275 919 3335 allen
956 3276 1172 3336 Journalisten
1209 3274 1265 3334 mit

155 3316 288 3376 foletari

333 3325 501 3385 Nachdruck
522 3322 580 3382 ans
601 3320 680 3380 Herz
700 3322 819 3382 gelegt,
834 3319 884 3379 der
909 3319 1018 3379 guten,
1033 3319 1112 3379 alten
1142 3316 1265 3376 Credit=

154 3360 206 3420 stes
243 3361 295 3421 zur

338 3370 471 3430 Anstalt,
495 3367 590 3427 diesem
634 3364 844 3424 Pumpwerk,
869 3362 925 3422 mit
950 3362 1002 3422 dem
1051 3361 1098 3421 die
1122 3361 1255 3421 passiven

168 3403 284 3463 Völker

335 3409 645 3469 Zahlungsbilanzen
706 3406 828 3466 etlicher
884 3406 1122 3466 Donanländer
1172 3403 1259 3463 durch

155 3448 217 3508 sche
240 3447 297 3507 Be=

332 3454 601 3514 westeuropäische
632 3449 760 3509 Nredite
796 3449 910 3509 gedeckt
955 3448 1105 3508 wurden,
1141 3445 1264 3505 einmal

335 3497 399 3557 eine
424 3495 635 3555 Gnadenfrist
655 3492 708 3552 des
734 3490 940 3550 Schweigens
970 3489 999 3549 zu
1029 3489 1181 3549 schenken.
1201 3486 1265 3546 Sei

156 3492 193 3552 dig
226 3492 306 3552 sind,

332 3542 366 3602 es
402 3540 459 3600 mit
486 3539 539 3599 den
579 3536 698 3596 Panken
739 3530 818 3590 nicht
849 3528 968 3588 ahnlich
1013 3528 1074 3588 wie
1114 3527 1176 3587 mit
1207 3525 1255 3585 den

153 3533 276 3593 slande

150 3576 186 3636 hie
222 3575 280 3635 aus

333 3582 477 3642 Frazen?
502 3581 565 3641 Den
594 3578 685 3638 besten
715 3576 782 3636 Ruf
802 3574 865 3634 und
889 3573 942 3633 den
971 3571 1097 3631 reinsten
1126 3567 1266 3627 Charak¬

154 3618 209 3678 sere
246 3615 301 3675 Be=

333 3621 375 3681 ter
406 3624 493 3684 laben
532 3624 619 3684 jene,
641 3622 696 3682 von
736 3618 865 3678 welchen
905 3615 970 3675 man
1010 3615 1044 3675 am
1096 3612 1260 3672 wentasten

158 3657 301 3717 sichischen

342 3667 454 3727 spricht.
478 3668 548 3728 Wer
576 3666 636 3726 also
665 3662 716 3722 den
754 3660 997 3720 Wiederaufbau
1030 3656 1081 3716 der
1109 3654 1198 3714 Bank
1222 3652 1268 3712 so¬

153 3699 211 3759 tte
241 3700 304 3760 ein¬

343 3707 400 3767 wie
424 3710 467 3770 die
496 3709 678 3769 Reparatur
707 3704 788 3764 ihrer
818 3701 899 3761 Ehre
928 3700 985 3760 und
1019 3698 1182 3758 Solidität
1206 3695 1273 3755 för=

150 3742 227 3802 ber
253 3745 303 3805 das

342 3750 412 3810 dern
436 3752 538 3812 wolle,
562 3751 645 3811 möge
669 3749 734 3809 doch
763 3746 888 3806 einmal
912 3743 958 3803 dem
1001 3743 1145 3803 Institut
1169 3740 1266 3800 einige

155 3785 226 3845 pllie
261 3789 316 3849 es,

345 3793 430 3853 Rube
455 3794 598 3854 gönnen,
622 3791 727 3851 damit
751 3790 798 3850 die
833 3788 1033 3848 Regierung,
1058 3782 1115 3842 das
1149 3782 1244 3842 Rekon

154 3831 210 3891 ing
247 3831 303 3891 und

344 3836 640 3896 struktonskomitee
667 3836 724 3896 und
757 3833 836 3893 nicht
863 3830 968 3890 zuletzt
995 3827 1048 3887 der
1075 3827 1270 3887 ausgezeich¬

348 3879 412 3939 nete
433 3879 709 3939 Veneroldirektor
735 3873 955 3933 Spitzmüller,
981 3871 1036 3931 der
1067 3867 1252 3927 amnsanter

155 3875 316 3935 ngekehrt

347 3919 432 3979 weise
460 3922 525 3982 auch
558 3921 828 3981 Ehrenpräsident
856 3913 909 3973 der
942 3913 1066 3973 Wiener
1099 3909 1272 3969 Freiwilli¬

155 3916 312 3976 perhaupt

345 3964 394 4024 gen
438 3964 797 4024 Rettungsgesellschaft
833 3958 886 4018 ist,
916 3958 1048 4018 langsam
1108 3952 1265 4012 Ordnung

154 3961 191 4021 st,
219 3961 316 4021 besitzt

349 4006 458 4066 machtn
490 4006 554 4066 und
587 4003 641 4063 den
678 4003 846 4063 Patienten
893 4000 983 4060 durch
1025 3997 1093 4057 eine
1135 3994 1271 4054 zärtliche

148 4003 317 4063 ammen=

354 4050 560 4110 2pitelpflege
595 4048 647 4108 dem
696 4045 854 4105 Frühling
893 4042 979 4102 eines
1014 4039 1109 4099 neuen
1153 4036 1268 4096 Lebens

182 4045 292 4105 Krisen

347 4093 602 4153 entgegenführen
640 4090 770 4150 können.
799 4084 952 4144 Während
975 4084 1017 4144 die
1036 4081 1273 4141 Journalisten,

154 4087 173 4147 se
199 4090 316 4150 begab=

349 4134 512 4194 gewonnen
549 4134 635 4194 durch
668 4131 717 4191 die
750 4128 968 4188 sympathische
1000 4125 1191 4185 Wesensart
1219 4122 1268 4182 des

155 4131 178 4191 n
226 4131 317 4191 einer

352 4177 444 4237 neuen
474 4176 658 4236 Ministers,
676 4173 768 4233 dessen
803 4173 977 4233 Biederkeit
1000 4167 1173 4227 zugetraut
1197 4164 1254 4224 wer

156 4176 237 4236 sicht
264 4176 312 4236 als

2508 506 2666 566 Zweite
2694 497 3107 557 Sonntagausgabe

2702 587 2778 647 Nr.
2794 584 2916 644 2119
