3248 4384
841 891 1022 951 Arthur
1053 894 1320 954 Schnitzler
1345 893 1363 953 1

789 945 945 1005 goboren
981 942 1036 1002 15.
1062 942 1138 1002 Mai
1163 942 1244 1002 1862
1280 945 1304 1005 in
1340 945 1431 1005 Wien

590 1014 837 1074 österreichischen
884 1011 1039 1071 Literatur
1081 1014 1360 1074 dahingegangen.
1407 1014 1453 1074 So
1495 1015 1551 1075 wie
1573 1023 1619 1083 1in

589 1058 737 1118 Sommer
766 1058 840 1118 1920
882 1056 956 1116 rasch
999 1057 1059 1117 und
1097 1058 1315 1118 unvermittelt
1349 1056 1399 1116 der
1428 1057 1492 1117 Tod
1535 1057 1628 1117 seiner

596 1103 713 1163 Iugend
743 1102 998 1162 Kampfgenossen
1028 1100 1111 1160 Hugo
1137 1101 1190 1161 von
1215 1103 1470 1163 Hofmannsthal
1490 1103 1637 1163 abberief,

594 1146 657 1206 war
687 1146 755 1206 auch
785 1148 966 1208 Schnitzlers
996 1145 1059 1205 Tod
1084 1147 1158 1207 rasch
1183 1145 1241 1205 und
1266 1148 1496 1208 unvermittelt.
1517 1148 1624 1208 Mitten

596 1210 678 1270 aus
724 1211 1014 1271 rastloser
1065 1212 1354 1272 Tätigkeit

596 1266 816 1326 erfüllt
862 1268 946 1328 von
998 1265 1145 1325 neuen
1196 1268 1382 1328 Ideen,

599 1325 672 1385 von
732 1324 875 1384 einem
923 1324 1386 1384 Morgenspazier-

599 1381 712 1441 gang
763 1381 847 1441 zur
893 1381 1080 1441 Arbeit
1132 1381 1176 1441 am
1233 1381 1487 1441 Schreib-

605 1437 714 1497 pult
761 1438 1149 1498 heimkehrend,
1161 1437 1352 1497 erlitt
1399 1435 1444 1495 er

599 1494 746 1554 einen
798 1493 1183 1553 Schlaganfall
1229 1494 1308 1554 und
1365 1492 1551 1552 starb,

599 1551 702 1611 ohne
760 1551 843 1611 das
890 1548 1244 1608 Bewusstsein
1296 1551 1416 1611 mehr
1468 1548 1551 1608 er-

604 1608 742 1668 langt
792 1607 839 1667 zu
895 1607 1082 1667 haben,
1125 1608 1173 1668 um
1234 1608 1312 1668 1/4
1362 1606 1385 1666 7
1428 1605 1513 1665 Uhr

597 1664 813 1724 abands.
831 1663 909 1723 Wie
959 1662 1149 1722 Arthur
1194 1662 1550 1722 Schnitzlers

603 1719 807 1779 Dichten
859 1717 949 1777 mit
995 1717 1074 1777 der
1132 1718 1313 1778 Wiener
1366 1718 1552 1778 Atmos-

603 1776 745 1836 späre
797 1774 875 1834 eng
927 1775 1217 1835 verhaftet
1264 1773 1388 1833 ist,
1400 1775 1513 1835 sein

609 1829 852 1889 liebster
900 1830 1249 1890 Spaziergang
1298 1830 1385 1890 war
1434 1832 1587 1892 nicht

606 1889 817 1949 umsonst
867 1889 950 1949 der
1001 1889 1489 1949 Sommerhaidoweg,
1501 1889 1550 1949 so

605 1946 681 2006 ist
732 1943 848 2003 sein
899 1945 1048 2005 Leben
1098 1945 1215 2005 auch
1265 1945 1348 2005 ein
1399 1943 1581 2003 stetes

603 2002 805 2062 Kreisen
859 2002 906 2062 um
961 2002 1115 2062 Wien,
1163 2001 1239 2061 die
1294 2000 1484 2060 Stadt,
1497 2002 1543 2062 in

605 2059 753 2119 deren
793 2059 986 2119 Mauern
1031 2059 1153 2119 sich
1203 2059 1320 2119 fast
1364 2056 1480 2116 alle

603 2119 750 2179 seine
802 2116 955 2176 Werke
1001 2118 1325 2178 abspielen.
1337 2116 1381 2176 Am
1439 2117 1518 2177 15.

1599 2122 1627 2182 te
1657 2122 1674 2182 3

596 2177 686 2237 Mai
738 2173 846 2233 1862
898 2175 1057 2235 wurde
1103 2175 1148 2235 er
1200 2175 1290 2235 als
1336 2172 1455 2232 Sohn
1501 2171 1592 2231 des

645 3609 846 3669 dichterischen
890 3605 1038 3665 Versuche
1077 3606 1139 3666 und
1178 3604 1235 3664 sein
1274 3603 1365 3663 erster
1399 3604 1682 3664 durchschlagender

649 3654 768 3714 Erfolg,
793 3651 951 3711 „Anatol"
977 3649 1106 3709 (1892),
1121 3648 1175 3708 mit
1200 3646 1324 3706 welchem
1365 3648 1453 3708 Werk
1479 3648 1508 3708 er
1533 3648 1632 3708 sofort
1657 3648 1681 3708 in

650 3695 692 3755 die
722 3695 816 3755 Reihe
841 3694 893 3754 der
928 3692 1027 3752 scharf
1057 3691 1243 3751 profilierten
1287 3692 1434 3752 Gestalten
1478 3689 1530 3749 des
1564 3692 1674 3752 jungen

651 3740 750 3800 Wiens
778 3737 860 3797 trat,
883 3737 964 3797 jener
1001 3734 1315 3794 Literaturrichtung,
1347 3734 1452 3794 welche
1489 3734 1543 3794 den
1584 3734 1679 3794 nord¬

646 3782 792 3842 deutschen
830 3779 1073 3839 Naturalismus
1106 3780 1160 3840 mit
1184 3779 1234 3839 dem
1276 3779 1533 3839 melancholischen
1561 3779 1689 3839 Grund¬

645 3831 700 3891 zug
738 3827 788 3887 des
826 3824 1134 3884 Oesterreichertums
1172 3824 1199 3884 zu
1242 3821 1405 3881 verbinden
1452 3823 1568 3883 wußte.
1597 3821 1675 3881 Sein

650 3872 774 3932 nächstes
801 3872 909 3932 Stück,
936 3869 1101 3929 „Liebelei"
1133 3869 1258 3929 (1895),
1279 3869 1325 3929 kam
1373 3869 1481 3929 bereits
1513 3869 1533 3929 im
1581 3871 1684 3931 Burg¬

1694 1058 1733 1118 suy
1770 1058 1828 1118 susi
1849 1056 1908 1116 une
1936 1058 2015 1118 seine
2039 1058 2138 1118 Werte
2158 1058 2213 1118 an-

1693 1103 1823 1163 spielen.
1854 1098 1899 1158 Ym
1951 1100 2006 1160 15.
2027 1102 2102 1162 Mai
2123 1103 2198 1163 1862

1687 1145 1791 1205 wurde
1836 1145 1867 1205 er
1914 1145 1963 1205 als
2009 1145 2099 1205 Sohn
2154 1151 2203 1211 des

2234 1990 2293 2050 Von
2328 1993 2411 2053 links
2446 1995 2514 2055 nach
2554 1996 2677 2056 rechts:
2707 1993 2840 2053 Gerhart
2870 2001 3160 2061 Hauptmann,
3186 2003 3229 2063 Fi

2622 2035 2727 2095 Frau
2753 2038 3046 2098 Hauptmann,
3067 2041 3147 2101 Emil
3163 2041 3238 2101 Lu-

2235 2091 2430 2151 Berühmte
2472 2089 2719 2149 deutsche
2756 2095 3152 2155 Schriftsteller
3194 2097 3222 2157 in

2836 2143 2905 2203 Wide
2927 2143 3009 2203 World
3036 2146 3130 2206 Photo.

2187 2228 2357 2288 bekannten

2454 2229 2693 2289 Laryngologen

2752 2232 2868 2292 theater
2895 2233 2948 2293 zur
2975 2238 3192 2298 Aufführung.

2192 2271 2347 2331 Professor
2378 2271 2507 2331 Johann
2539 2276 2699 2336 Schnitzler

2750 2279 2795 2339 der
2821 2280 3071 2340 Schriftstellerei
3092 2283 3234 2343 widmete

2184 2316 2313 2376 geboren
2347 2316 2405 2376 und
2439 2318 2563 2378 wandte
2588 2319 2630 2379 sich
2664 2319 2688 2379 im

2812 2322 2857 2382 ein
2883 2322 2958 2382 Arzt
2979 2322 3025 2382 der
3046 2325 3172 2385 Seelen.
3198 2328 3208 2388 M

2188 2361 2354 2421 Verlauf

2395 2361 2486 2421 seiner
2555 2364 2684 2424 Studien

2754 2367 2889 2427 logischen
2922 2370 3210 2430 Zusammenhänge

2185 2404 2252 2464 auch
2294 2405 2346 2465 der
2383 2405 2523 2465 Medizin
2565 2408 2622 2468 zu,
2649 2411 2695 2471 ja,

2749 2408 2795 2468 des
2827 2411 3004 2471 Menschen,
3026 2414 3072 2474 die
3099 2414 3145 2474 ihm
3188 2416 3234 2476 zei

2181 2445 2246 2505 war
2284 2450 2368 2510 durch
2407 2450 2505 2510 Jahre
2534 2450 2581 2510 als
2609 2450 2693 2510 prak¬

2746 2453 2859 2513 Soviel
2896 2456 3015 2516 Werke,
3057 2456 3155 2516 soviel
3192 2459 3238 2519 Pr

2182 2494 2277 2554 tischer
2316 2493 2396 2553 Arzt
2429 2495 2525 2555 tätig.
2547 2497 2584 2557 In
2617 2498 2691 2558 diese

2742 2501 2853 2561 gestellt
2878 2498 3024 2558 wurden,
3053 2501 3092 2561 ob
3127 2504 3184 2564 nun

2182 2540 2249 2600 Zeit
2306 2540 2399 2600 fallen
2461 2540 2544 2600 seine
2596 2543 2683 2603 ersten

2749 2546 2855 2606 Form,
2872 2547 2955 2607 gleich
2983 2549 3179 2609 erfolgreich.
3196 2546 3246 2606 M.
