3392 4352
201 297 258 357 12

417 306 809 366 chnitzle

933 305 961 365 s
1032 296 1269 356 Death

1494 291 1616 351 box
1696 294 1881 354 42/7

2124 145 2335 205 Ausschnitt
2360 145 2430 205 aus

2089 332 2359 392 ——-...-..—

2820 365 2973 425 NUNU:

2073 433 2326 493 "AUSSCHNITT
2345 435 2405 495 VOM

2486 467 2557 527 22.
2575 472 2672 532 0K.
2689 483 2801 543 1931

2131 625 2265 685 Berlin
2306 625 2354 685 am
2403 626 2616 686 morgen,
2657 628 2792 688 Berlin
2823 630 2870 690 SU
2920 628 2967 688 40

2111 777 2404 837 Keihur
2489 775 2918 835 Schnhler

2161 903 2710 963 gestorben

2147 968 2275 1028 Arthur
2315 968 2517 1028 Schnitzler,
2552 968 2611 1028 der
2651 967 2814 1027 bekannte
2859 967 2956 1027 öster¬

2086 1012 2239 1072 reichische
2294 1012 2515 1072 Dramatiker
2576 1010 2639 1070 und
2694 1010 2872 1070 Novellist,
2917 1010 2955 1070 ist

2083 1055 2199 1115 gestern
2234 1055 2330 1115 abend
2360 1055 2456 1115 gegen
2491 1055 2505 1115 7
2535 1055 2602 1115 Uhr
2632 1055 2655 1115 in
2691 1055 2792 1115 seiner
2822 1055 2952 1115 Wiener

2092 1099 2260 1159 Wohnung
2294 1099 2387 1159 einem
2430 1100 2664 1160 Schlaganfall
2688 1098 2838 1158 erlegen.
2876 1097 2946 1157 Von

2088 1142 2172 1202 einem
2215 1142 2322 1202 kurzen
2355 1142 2801 1202 Nachmittagsspaziergang
2830 1141 2951 1201 zurück¬

2086 1184 2227 1244 gekehrt,
2252 1183 2322 1243 sank
2351 1184 2383 1244 er
2412 1186 2549 1246 plötzlich
2582 1183 2762 1243 zusammen
2795 1183 2856 1243 und
2890 1182 2960 1242 ver¬

2088 1228 2192 1288 schied,
2222 1228 2301 1288 ohne
2341 1228 2395 1288 das
2435 1228 2647 1288 Bewußtsein
2698 1228 2954 1288 wiedererlangt

2081 1273 2110 1333 zu
2147 1273 2280 1333 haben.

2142 1326 2269 1386 Arthur
2310 1327 2580 1387 Schnitzler,
2615 1327 2668 1387 der
2699 1324 2786 1384 einer
2816 1324 2949 1384 Wiener

2089 1368 2337 1428 Aerztesamilie
2366 1368 2590 1428 entstammte,
2614 1368 2698 1428 wäre
2727 1368 2759 1428 am
2806 1368 2857 1428 15.
2881 1368 2955 1428 Mai

2089 1410 2140 1470 des
2173 1412 2378 1472 kommenden
2416 1413 2542 1473 Jahres
2580 1410 2617 1470 70
2650 1410 2794 1470 Jahre
2827 1411 2878 1471 alt
2902 1411 2952 1471 ge¬

2086 1456 2236 1516 worden.
2262 1458 2326 1518 Zur
2352 1458 2452 1518 Feier
2478 1456 2578 1516 dieses
2609 1455 2804 1515 Jubiläums
2840 1455 2940 1515 waren

2361 2430 2473 2490 Arthur
2500 2429 2697 2489 Schnitzler

2088 2515 2408 2575 Festaufführungen
2458 2514 2561 2574 seiner
2597 2515 2709 2575 Stücke
2745 2515 2783 2575 an
2818 2515 2951 2575 Wiener

2091 2554 2148 2614 und
2182 2556 2282 2616 vielen
2321 2556 2480 2616 deutschen
2518 2556 2652 2616 Bühnen
2691 2559 2840 2619 geplant.
2879 2557 2955 2617 Erst

2085 2598 2142 2658 vor
2178 2598 2227 2658 ein
2272 2598 2352 2658 paar
2383 2598 2512 2658 Wochen
2548 2598 2584 2658 ist
2611 2598 2655 2658 ein
2691 2599 2793 2659 neuer
2820 2600 2949 2660 Roman

2088 2641 2135 2701 des
2169 2640 2222 2700 bis
2251 2642 2279 2702 in
2319 2643 2375 2703 sein
2414 2640 2509 2700 hohes
2544 2643 2639 2703 Alter
2669 2643 2946 2703 außerordentlich

2086 2685 2296 2745 produktiven
2347 2684 2501 2744 Dichters
2540 2686 2736 2746 erschienen.
2774 2688 2951 2748 Schnitzler

2091 2727 2153 2787 war
2178 2729 2404 2789 ursprünglich
2434 2728 2530 2788 Arzt.
2545 2729 2651 2789 Durch
2680 2729 2781 2789 seinen
2815 2729 2955 2789 „Leut¬

2086 2771 2196 2831 nant
2221 2770 2379 2830 Gustl“,
2404 2771 2476 2831 eine
2505 2771 2600 2831 scharf
2630 2771 2947 2831 antimilitaristische

2085 2813 2262 2873 Komödie,
2299 2813 2430 2873 erregte
2472 2811 2503 2871 er
2549 2813 2639 2873 Ende
2676 2813 2730 2873 der
2771 2814 2948 2874 neunziger

2089 2858 2189 2918 Jahre
2224 2856 2271 2916 die
2301 2858 2498 2918 Empörung
2537 2857 2594 2917 der
2633 2858 2945 2918 altösterreichischen

2091 2902 2301 2962 Bürokratie.
2350 2900 2455 2960 Seine
2489 2902 2604 2962 frühen
2639 2900 2792 2960 Arbeiten
2831 2901 2941 2961 tragen

2081 2942 2143 3002 alle
2191 2944 2282 3004 einen
2326 2944 2538 3004 ausgeprägt
2572 2944 2946 3004 gesellschaftskritischen

2081 2986 2169 3046 Zug,
2193 2986 2290 3046 jedoch
2318 2986 2402 3046 ohne
2430 2986 2621 3046 irgendeine
2645 2986 2854 3046 Konsequenz
2882 2988 2942 3048 und

2081 3028 2143 3088 mit
2182 3028 2273 3088 jenem
2321 3031 2556 3091 spielerischen,
2586 3028 2735 3088 leichten,
2759 3028 2951 3088 österreichi¬

2086 3073 2158 3133 schen
2192 3070 2311 3130 Hauch,
2331 3073 2402 3133 der,
2422 3073 2451 3133 je
2475 3073 2594 3133 länger
2624 3073 2797 3133 Schnitzler
2826 3073 2955 3133 schrieb,

2083 3115 2179 3175 seinen
2218 3115 2352 3175 Werken
2401 3115 2569 3175 schließlich
2613 3115 2661 3175 die
2695 3115 2791 3175 trübe
2825 3116 2945 3176 Patina

2079 3158 2130 3218 der
2183 3157 2319 3217 Wiener
2371 3159 2550 3219 Dekadenz
2602 3159 2818 3219 ansprögten.
2861 3159 2941 3219 Sein

2085 3201 2169 3261 Ruhm
2216 3201 2338 3261 begann
2381 3201 2442 3261 mit
2466 3201 2522 3261 den
2555 3201 2719 3261 Bücherr,
2739 3202 2950 3262 „Anatol“

2081 3243 2138 3303 und
2168 3243 2278 3303 „Der
2303 3246 2404 3306 Weg
2433 3244 2505 3304 ins
2540 3245 2713 3305 Freie“.
2747 3245 2814 3305 Die
2839 3246 2949 3306 Revo¬

2089 3285 2367 3345 lutionskomödie
2410 3288 2516 3348 „Der
2559 3288 2707 3348 grüne
2737 3288 2957 3348 Kakadu",

2086 3329 2170 3389 eines
2217 3331 2319 3391 seiner
2371 3330 2510 3390 stärksten
2571 3329 2701 3389 Würfe,
2734 3330 2846 3390 wurde
2893 3332 2930 3392 am

2083 3372 2241 3432 seltensten
2280 3374 2428 3434 gespielt.
2462 3374 2529 3434 Die
2558 3374 2778 3434 Szenenfolge
2822 3374 2946 3434 „Rei¬

2083 3416 2178 3476 gen“
2206 3416 2328 3476 erregte
2360 3416 2428 3476 noch
2460 3416 2487 3476 in
2520 3416 2569 3476 den
2606 3416 2706 3476 letzten
2738 3416 2865 3476 Jahren
2897 3416 2947 3476 die

2076 3458 2280 3518 Entrüstung
2319 3458 2494 3518 völkischer
2524 3458 2689 3518 Spießer.
2723 3458 2786 3518 Die
2815 3459 2951 3519 Aerzte¬

2081 3503 2229 3563 tragödie
2278 3503 2552 3563 „Prosessor
2591 3503 2850 3563 Bernardi“
2899 3502 2951 3562 er¬

2083 3544 2181 3604 weckte
2212 3544 2263 3604 den
2294 3544 2397 3604 Groll
2420 3544 2471 3604 der
2501 3544 2799 3604 Ultramontanen,

2135 3589 2312 3649 Schnitzler
2345 3588 2394 3648 kam
2440 3587 2499 3647 aus
2532 3586 2586 3646 dem
2628 3586 2856 3646 Gesichtskreis
2888 3589 2942 3649 des

2084 3631 2235 3691 liberalen
2289 3631 2573 3691 weltmännischen
2623 3631 2756 3691 Wiener
2796 3631 2947 3691 Bürger¬

2076 3676 2160 3736 tums
2199 3673 2283 3733 nicht
2307 3676 2452 3736 heraus.
2495 3676 2603 3736 „Der
2636 3676 2838 3736 Schleier
2872 3673 2942 3733 der

2081 3718 2333 3778 Beatrice“,
2374 3718 2424 3778 die
2471 3718 2539 3778 sehr
2577 3715 2719 3775 bekannt
2751 3715 2944 3775 gewordene

2085 3759 2141 3819 und
2184 3762 2258 3822 auch
2306 3759 2475 3819 versilmte
2513 3759 2649 3819 Novelle
2692 3759 2941 3819 „Fräulein

2076 3804 2210 3864 Else“,
2240 3804 2503 3864 „Sterben".
2529 3804 2617 3864 „Der
2648 3804 2742 3864 Sohn
2777 3801 2831 3861 des
2866 3803 2945 3863 Me¬

2076 3846 2235 3906 dardus".
2269 3846 2372 3906 „Fink
2406 3846 2466 3906 und
2500 3846 2758 3906 Fliederbusch“,
2782 3846 2843 3906 und
2886 3846 2946 3906 wie

2076 3891 2134 3951 alle
2158 3891 2240 3951 seine
2270 3888 2380 3948 Werke
2410 3889 2540 3949 heißen,
2560 3888 2598 3948 sie
2623 3889 2685 3949 sind
2715 3888 2772 3948 alle
2797 3888 2849 3948 für
2879 3890 2936 3950 uns

2080 3932 2288 3992 weltensern.
2342 3932 2408 3992 Die
2467 3930 2645 3990 blendende
2694 3931 2854 3991 Sprache,
2894 3932 2943 3992 die

2078 3977 2295 4037 künstlerische
2322 3975 2410 4035 Form
2455 3974 2575 4034 können
2606 3974 2686 4034 nicht
2713 3974 2850 4034 darüber
2881 3973 2952 4033 hin¬

2076 4019 2308 4079 wegtäuschen,
2341 4019 2399 4079 daß
2441 4019 2509 4079 dies
2555 4019 2632 4079 alles
2674 4018 2738 4078 uns
2784 4019 2847 4079 nur
2880 4019 2948 4079 sehr

2083 4063 2182 4123 wenig
2210 4064 2341 4124 angeht.
2379 4062 2560 4122 Schnitzler
2583 4061 2651 4121 war
2679 4061 2724 4121 ein
2752 4061 2874 4121 Literat
2897 4060 2924 4120 im

2082 4106 2175 4166 besten
2208 4106 2320 4166 Sinne
2349 4106 2400 4166 des
2434 4106 2582 4166 Wortes.
2626 4105 2672 4165 Er
2696 4103 2751 4163 hat
2775 4103 2850 4163 stets
2878 4102 2948 4162 Re¬

2085 4149 2178 4209 klame
2207 4150 2263 4210 und
2292 4150 2404 4210 Mache
2428 4150 2616 4210 abgelehnt.
2650 4150 2720 4210 Der
2744 4149 2866 4209 Olzmp
2890 4147 2941 4207 der
