3436 4320
193 303 263 363 12

1479 300 1606 360 box
1686 297 1877 357 44/1

381 312 865 372 Schnitzler
934 313 962 373 s
1032 313 1273 373 Death

680 1071 1901 1131 Schhitzler-Feier
2029 1073 2252 1133 des

963 1201 1966 1261 Burgtheaters

638 1273 650 1333 *
677 1276 716 1336 Es
739 1280 800 1340 war
823 1282 888 1342 eine
915 1284 1069 1344 würdige.
1091 1285 1343 1345 eindrucksvolle
1370 1285 1488 1345 Feier.1
1506 1285 1682 1345 Abendröte
1713 1285 1762 1345 des
1793 1290 2070 1350 österreichischen
2106 1291 2251 1351 Reiches.

593 1321 657 1381 von
700 1323 756 1383 der
782 1324 958 1384 Stimmung
997 1322 1053 1382 der
1083 1323 1203 1383 Trauer
1243 1324 1298 1384 und
1333 1324 1384 1384 des
1419 1322 1457 1382 Ge

1536 1324 1674 1384 Fontana
1704 1325 1778 1385 wies
1804 1328 1881 1388 dann
1912 1328 2006 1388 nach,
2028 1327 2079 1387 wie
2110 1328 2201 1388 schon
2231 1330 2313 1390 ganz
2339 1325 2360 1385 in

596 1361 741 1421 denkens
773 1360 941 1420 getragen.
990 1360 1047 1420 Das
1087 1362 1166 1422 Wien
1207 1365 1304 1425 Artur
1336 1364 1472 1424 Schnitz¬

1493 1364 1680 1424 Schnitzlers
1707 1364 1823 1424 Beginn
1855 1366 1903 1426 die
1930 1366 2122 1426 Erkenntnis
2150 1366 2185 1426 da
2217 1366 2292 1426 war,
2315 1365 2359 1425 die

590 1397 660 1457 lers
713 1399 899 1459 vollständig
962 1400 1160 1460 orschienen.
1205 1401 1262 1461 Die
1316 1402 1466 1462 geistiger

1496 1401 1612 1461 Dinge.
1630 1402 1677 1462 die
1703 1404 1758 1464 mit
1781 1404 1836 1464 uns
1863 1403 2056 1463 geschehen,
2074 1404 2160 1464 nicht
2182 1404 2298 1464 ändern
2328 1402 2358 1462 zu

593 1437 759 1497 Menschen
794 1436 896 1496 dieser
926 1437 1033 1497 Stadt,
1063 1438 1118 1498 aus
1153 1439 1285 1499 welchen
1320 1440 1460 1500 Bezirken
1499 1439 1644 1499 können.
1666 1440 1704 1500 Es
1738 1442 1798 1502 war
1828 1442 1875 1502 die
1910 1443 2097 1503 Erkenntnis
2127 1441 2212 1501 einos
2243 1440 2370 1500 Arztes,

591 1474 653 1534 der
711 1476 815 1536 Kunst
870 1476 928 1536 und
991 1478 1203 1538 Gesollschaft
1262 1479 1303 1539 sie
1366 1479 1453 1539 imme

1492 1476 1552 1536 der
1582 1478 1659 1538 viele
1690 1479 1810 1539 sterben
1845 1479 1973 1539 gesehen
2008 1479 2072 1539 hat,
2099 1479 2145 1539 die
2176 1481 2364 1541 Erkenntnis

592 1515 758 1575 stammen,
800 1512 897 1572 waren
946 1515 1121 1575 vertreten.
1163 1518 1260 1578 Artur
1293 1518 1448 1578 Schnitzle

1497 1515 1582 1575 eines
1617 1518 1896 1578 Naturforschers,
1927 1519 1978 1579 der
2012 1517 2068 1577 den
2107 1517 2360 1577 gesetzmäßigen

591 1551 628 1611 zu
658 1552 770 1612 ehren.
792 1554 883 1614 Koine
913 1554 1025 1614 andere
1055 1554 1151 1614 Musik
1176 1557 1288 1617 eignet
1314 1557 1372 1617 sich
1402 1557 1456 1617 zum

1497 1554 1613 1614 Ablauf
1635 1557 1712 1617 alles
1734 1557 1854 1617 Lebens
1876 1557 2027 1617 erschaut
2049 1557 2100 1617 und
2131 1557 2191 1617 sich
2222 1557 2333 1617 beugt.

591 1593 783 1653 Gedächtnis
834 1592 922 1652 eines
973 1593 1085 1653 großen
1132 1593 1228 1653 Toten
1275 1593 1383 1653 besser
1426 1595 1467 1655 al¬

1524 1592 1625 1652 Schon
1657 1593 1728 1653 1903
1768 1594 1919 1654 begrüßte
1960 1595 1990 1655 er
2026 1594 2075 1654 die
2116 1596 2195 1656 neue
2231 1597 2351 1657 Jugend

596 1628 767 1688 Schuberts
803 1630 1090 1690 „Unvollendete“,
1122 1632 1143 1692 in
1188 1631 1240 1691 der
1281 1632 1329 1692 die
1360 1632 1470 1692 Todes¬

1497 1633 1527 1693 (im
1579 1634 1755 1694 „einsamen
1803 1631 1918 1691 Wog“)
1949 1633 1992 1693 als
2031 1631 2078 1691 oin
2117 1634 2259 1694 besseres
2302 1633 2362 1693 Ge¬

595 1667 685 1727 klage
711 1667 766 1727 den
796 1667 954 1727 Ausdruck
989 1670 1133 1730 höchster
1164 1671 1334 1731 Intensität
1356 1672 1467 1732 erhält.
1493 1670 1651 1730 schlecht,
1681 1672 1749 1732 weil
1771 1673 1805 1733 es
1835 1673 1941 1733 „mehr
1968 1673 2100 1733 Haltung
2134 1672 2189 1732 und
2224 1672 2356 1732 weniger

592 1706 619 1766 in
655 1706 709 1766 der
741 1708 999 1768 österreichische
1031 1708 1135 1768 Elegie
1172 1710 1225 1770 und
1262 1709 1320 1769 der
1348 1711 1465 1771 Zauber
1498 1709 1602 1769 Geist“
1634 1710 1737 1770 zeige.
1783 1714 1864 1774 Aber
1896 1712 2072 1772 Schnitzler
2104 1710 2181 1770 blieb
2218 1711 2262 1771 bis
2290 1712 2344 1772 zum

594 1745 681 1805 einer
713 1747 850 1807 genialen
890 1748 987 1808 Musik
1023 1747 1076 1807 ist.
1112 1747 1164 1807 Die
1200 1751 1452 1811 Philharmonike

1490 1750 1598 1810 Schluß
1645 1750 1700 1810 der
1738 1751 1985 1811 Naturforscher
2024 1749 2057 1809 am
2117 1751 2259 1811 Brunnen
2306 1751 2360 1811 des

592 1784 715 1844 spielten
747 1784 790 1844 sie
817 1786 875 1846 mit
902 1786 1051 1846 höchster
1078 1788 1295 1848 Vollendung.
1317 1789 1459 1849 Clomens
1490 1788 1632 1848 Lebens,
1668 1788 1711 1848 wo
1751 1789 1799 1849 die
1844 1790 1950 1850 Eimer
1991 1788 2109 1848 steigen
2159 1789 2216 1849 und
2265 1791 2357 1851 fallen

595 1822 736 1882 Krauß
771 1824 924 1884 dirigierte
954 1825 997 1885 sie
1027 1825 1083 1885 mit
1109 1826 1194 1886 einem
1241 1827 1459 1887 wunderbaren
1494 1827 1635 1887 müssen.
1682 1827 1720 1887 Er
1746 1827 1857 1887 rannte
1888 1828 1977 1888 nicht
2008 1828 2059 1888 dem
2106 1828 2165 1888 Tag
2200 1828 2294 1888 nach,
2320 1830 2354 1890 da

591 1861 711 1921 Gefühl
750 1861 797 1921 für
840 1861 887 1921 die
930 1864 1106 1924 raumlosen
1145 1864 1380 1924 Schwebungen
1415 1865 1466 1925 der

1494 1864 1695 1924 vorstummte
1724 1867 1752 1927 er
1776 1867 1885 1927 lieber.
1906 1864 1934 1924 er
1959 1865 2035 1925 blieb
2068 1866 2124 1926 sich
2153 1866 2253 1926 selber
2278 1866 2362 1926 treu.

591 1898 668 1958 Töne
716 1900 814 1960 dieser
857 1897 913 1957 von
970 1902 1047 1962 aller
1103 1905 1245 1965 Realität
1280 1904 1451 1964 entfernten
1486 1906 1666 1966 Schnitzler
1693 1906 1886 1966 unterschied
1921 1904 1989 1964 Tat-
2011 1906 2067 1966 und
2093 1904 2346 1964 Wortmenschen

592 1942 768 2002 Innigkeit.
799 1939 861 1999 Wie
896 1942 949 2002 aus
985 1942 1037 2002 dom
1086 1942 1223 2002 Jenseite
1259 1943 1333 2003 aller
1365 1945 1461 2005 Dinge

1492 1942 1529 2002 Er
1559 1942 1659 2002 selber
1693 1944 1751 2004 war
1789 1945 1830 2005 ein
1873 1945 2086 2005 Wortmonsch
2124 1943 2178 2003 und
2217 1943 2270 2003 bei
2300 1945 2350 2005 den

595 1981 728 2041 klangen
754 1981 801 2041 die
822 1981 934 2041 letzten
969 1983 1045 2043 Töne
1076 1984 1105 2044 zu
1136 1984 1192 2044 uns
1214 1984 1363 2044 herüber.
1376 1984 1462 2044 Dann

1496 1982 1745 2042 Wortmonschen
1778 1984 1810 2044 zu
1843 1983 1963 2043 Hause,
1984 1983 2056 2043 aber
2081 1981 2109 2041 er
2137 1982 2238 2042 wußte
2267 1987 2359 2047 auch,

596 2019 697 2079 folgte

1489 2022 1520 2082 es
1548 2022 1615 2082 gibt
1639 2021 1724 2081 keine
1752 2021 1915 2081 Wahrheit
1935 2020 1989 2080 dor
2016 2019 2134 2079 Worte,
2153 2021 2184 2081 es
2207 2022 2275 2082 gibt
2298 2024 2352 2084 nur

1481 2056 1558 2116 cine
1593 2058 1755 2118 Wahrheit
1781 2060 1836 2120 des
1867 2061 1969 2121 Seins.
2008 2058 2063 2118 Die
2094 2059 2145 2119 sah
2180 2058 2209 2118 er
2240 2060 2265 2120 in
2300 2061 2355 2121 der

651 2074 702 2134 die
732 2078 1062 2138 Gedenkredo-Oskar
1086 2079 1415 2139 Maurus-Fontanas,

1486 2096 1565 2156 Frau
1605 2099 1640 2159 am
1689 2100 1853 2160 schönsten
1893 2098 2012 2158 erfüllt.
2066 2097 2127 2157 Wie
2163 2097 2247 2157 einer
2283 2100 2344 2160 Ent

593 2133 634 2193 die
661 2134 770 2194 Raoul
791 2135 880 2195 Aslan
917 2134 969 2194 mit
995 2136 1131 2196 schöner
1157 2136 1382 2196 Ergriffenheit
1409 2136 1460 2196 und

1487 2136 1658 2196 fliehenden
1702 2138 1765 2198 ruft
1804 2136 1855 2196 bei
1890 2137 1937 2197 ihm
1989 2138 2044 2198 der
2075 2137 2160 2197 Mann
2195 2137 2246 2197 der
2276 2138 2349 2198 Frau

591 2172 742 2232 geistiger
773 2172 1007 2232 Beherrschung
1042 2175 1171 2235 sprach.

1485 2174 1584 2234 nach,
1619 2174 1691 2234 weil
1726 2175 1799 2235 nach
1842 2176 2022 2236 Schnitzler
2062 2175 2117 2235 der
2156 2178 2242 2238 Mann
2290 2178 2349 2238 sein

632 2210 684 2270 Die
715 2211 917 2271 Gedenkrede
948 2212 1001 2272 von
1036 2214 1172 2274 Fontana
1203 2214 1322 2274 knüpft
1344 2214 1379 2274 an
1410 2214 1458 2274 die
1489 2215 1590 2275 Leben
1634 2214 1660 2274 im
1714 2214 1885 2274 Bodingten
1933 2214 2113 2274 verbringen
2158 2216 2258 2276 kann,
2303 2216 2351 2276 die

596 2249 858 2309 „Unvollendete“
888 2248 939 2308 von
970 2249 1124 2309 Schubert
1146 2252 1197 2312 an.
1219 2253 1244 2313 In
1275 2252 1317 2312 ihr
1344 2254 1395 2314 hat
1417 2250 1463 2310 die

1492 2250 1564 2310 Frau
1597 2251 1669 2311 aber
1698 2253 1811 2313 einmal
1836 2252 1953 2312 daraus
1982 2252 2167 2312 ausbrechen
2204 2253 2261 2313 und
2289 2255 2353 2315 ihre

594 2286 747 2346 Ewigkeit
774 2288 945 2348 Schnitzler
972 2288 1121 2348 gegrüßt.
1148 2291 1209 2351 Nun
1245 2291 1319 2351 aber
1342 2290 1460 2350 spricht
1491 2290 1614 2350 Heimat
1637 2291 1746 2351 suchen
1777 2291 1865 2351 wird:
1887 2291 1940 2351 das
1967 2291 2177 2351 Unbedingte.
2195 2291 2221 2351 In
2253 2292 2353 2352 dieser

580 2324 641 2384 die
668 2327 791 2387 Stimme
818 2327 870 2387 der
897 2327 975 2387 Zeit,
993 2329 1046 2389 der
1072 2328 1296 2388 Mitlebenden,
1319 2329 1362 2389 die
1393 2327 1445 2387 dem
1494 2330 1683 2390 Erkenntnis
1714 2330 1771 2390 von
1806 2330 1858 2390 der
1885 2330 1981 2390 Frau,
2000 2330 2047 2390 die
2079 2330 2135 2390 nur
2162 2330 2214 2390 das
2246 2332 2346 2392 Ganze

594 2366 914 2426 Entschwindenden,
954 2367 1051 2427 schon
1104 2368 1161 2428 von
1196 2369 1544 2429 Unvergänglich-des
1575 2369 1693 2429 Lebens
1724 2369 1799 2429 will.
1839 2369 1927 2429 nicht
1954 2368 2054 2428 seinen
2085 2368 2164 2428 Teil.
2204 2371 2296 2431 rührt
2323 2372 2353 2432 er

593 2405 661 2465 keit
683 2405 911 2465 angeglänzten
946 2405 1074 2465 Dichter
1104 2407 1177 2467 noch
1212 2408 1332 2468 einmal
1371 2408 1448 2468 nach

1485 2408 1523 2468 an
1558 2408 1678 2468 Ewiges
1704 2408 1760 2468 an.
1782 2405 1842 2465 Wie
1876 2407 1928 2467 wir
1950 2408 2056 2468 mitten
2087 2408 2113 2468 im
2152 2409 2250 2469 Leben
2281 2408 2336 2468 vom

589 2443 672 2503 ruft:
695 2443 809 2503 „Höre,
827 2443 879 2503 wir
901 2443 1011 2503 liebten
1043 2443 1108 2503 dich
1135 2443 1148 2503 —
1196 2445 1284 2505 höre,
1302 2445 1337 2505 du
1368 2444 1460 2504 warst
1491 2444 1552 2504 Tod
1584 2445 1750 2505 umfangen
1777 2445 1865 2505 sind.
1883 2445 1979 2505 zeigte
2006 2446 2067 2506 sein
2099 2446 2186 2506 Werk
2217 2448 2230 2508 —
2279 2449 2349 2509 aber

580 2479 682 2539 unser
709 2479 759 2539 wie
790 2479 841 2539 wir
863 2479 931 2539 dein
962 2481 1089 2541 waren!“
1141 2482 1222 2542 Denn
1257 2484 1312 2544 was
1343 2485 1394 2545 uns
1420 2483 1454 2543 zu
1488 2483 1565 2543 auch
1599 2484 1655 2544 das
1686 2484 1839 2544 Größere,
1861 2484 1933 2544 weil
1955 2485 1984 2545 es
2015 2485 2071 2545 uns
2097 2485 2160 2545 Mut
2191 2486 2242 2546 und
2276 2489 2344 2549 Sinn

591 2520 762 2580 Schnitzler
788 2519 839 2579 zog
869 2521 924 2581 und
955 2521 989 2581 an
1019 2522 1066 2582 ihn
1096 2521 1189 2581 band,
1211 2522 1293 2582 war,
1310 2522 1365 2582 daß
1391 2524 1455 2584 sein
1490 2523 1575 2583 gibt,
1596 2523 1648 2583 wie
1682 2523 1737 2583 wir
1764 2524 1866 2584 mitten
1900 2525 1925 2585 im
1964 2525 2024 2585 Tod
2059 2526 2110 2586 vom
2157 2527 2255 2587 Loben
2290 2525 2353 2585 um¬

593 2554 678 2614 Wenk
709 2558 777 2618 Teil
799 2559 923 2619 unseres
953 2560 1073 2620 Lebens
1095 2561 1262 2621 geworden
1293 2563 1366 2623 war.
1387 2561 1468 2621 Alle,
1490 2561 1606 2621 fangen
1641 2563 1704 2623 sind

586 2596 636 2656 die
665 2596 744 2656 jetzt
770 2596 820 2656 der
850 2596 1063 2656 Gedenkfeier
1089 2599 1307 2659 beiwohnten,
1328 2600 1457 2660 spielten

1523 2599 1624 2659 Oskar
1656 2601 1779 2661 Maurus
1815 2602 1973 2662 Fontanas
2005 2602 2203 2662 Gedenkrede
2239 2605 2340 2665 schloß

593 2632 649 2692 und
679 2634 795 2694 spielen
825 2634 881 2694 mit
911 2634 937 2694 in
967 2637 1143 2697 Schnitzlen
1187 2637 1448 2697 Tragikomödien

1487 2638 1541 2698 mit
1566 2637 1620 2697 den
1654 2637 1799 2697 Worten:
1825 2640 1907 2700 „Und
1937 2639 1995 2699 nun
2029 2639 2232 2699 verstumme,
2254 2642 2328 2702 nach

596 2672 653 2732 Von
689 2670 745 2730 uns
768 2673 846 2733 allen
878 2673 956 2733 liegt
996 2673 1044 2733 ein
1076 2674 1163 2734 Stück
1221 2675 1370 2735 begraben
1423 2676 1453 2736 in
1490 2676 1546 2736 dem
1586 2677 1621 2737 du
1657 2678 1770 2738 Trauer
1802 2677 1854 2737 und
1890 2677 1968 2737 Dank
2004 2679 2131 2739 gesagt,
2149 2679 2184 2739 du
2220 2682 2342 2742 Stimme

590 2711 779 2771 Schnitzlers
807 2711 901 2771 Grab.
942 2712 987 2772 ein
1019 2712 1109 2772 Stück
1164 2715 1295 2775 unserer
1322 2715 1462 2775 Jugend.
1490 2715 1543 2775 der
1571 2715 1647 2775 Zeit.
1671 2715 1751 2775 Tritt
1779 2717 1910 2777 zurück.
1933 2718 2036 2778 Donn,
2055 2718 2154 2778 siehe,
2177 2719 2231 2779 der
2254 2719 2348 2779 Dich¬

598 2748 687 2808 Aber,
705 2748 734 2808 so
760 2750 858 2810 setzte
884 2751 1021 2811 Fontana
1047 2754 1128 2814 fort,
1141 2754 1213 2814 dort
1256 2754 1337 2814 liegt
1376 2756 1452 2816 auch
1491 2754 1538 2814 ter
1564 2753 1662 2813 selber
1688 2754 1773 2814 neigt
1799 2755 1859 2815 sich
1893 2754 1965 2814 über
1992 2755 2059 2815 uns.

589 2789 642 2849 das
668 2788 759 2848 letzte
789 2787 843 2847 von
873 2789 955 2849 jenem
1002 2790 1173 2850 barocken,
1198 2790 1444 2850 völkergemisch

1516 2793 1581 2853 Den
1614 2794 1769 2854 Beschluß
1808 2795 1864 2855 der
1897 2793 1986 2853 Feier
2020 2796 2137 2856 machte
2175 2798 2237 2858 eine
2279 2798 2359 2858 wür¬

588 2826 637 2886 ten
669 2826 750 2886 Wien
786 2829 958 2889 begraben,
977 2829 1030 2889 das
1063 2830 1116 2890 mit
1139 2832 1307 2892 Canaletto
1334 2832 1451 2892 begann
1484 2834 1556 2894 dige
1588 2835 1787 2895 Ausführung
1824 2834 1877 2894 von
1909 2832 2099 2892 Schnitzlers
2131 2835 2221 2895 „Die
2249 2833 2357 2893 letz-

584 2865 646 2925 und
701 2864 754 2924 mit
796 2866 971 2926 Schnitzler
1017 2867 1146 2927 endete.
1184 2869 1288 2929 Darum
1347 2870 1388 2930 ist
1430 2870 1454 2930 in

1478 2868 1550 2928 ten
1587 2873 1782 2933 Masken“
1819 2870 1878 2930 mit
1910 2871 2082 2931 Ferdinand
2115 2873 2256 2933 Onno,
2283 2873 2351 2933 Wil-

584 2903 761 2963 Schnitzler
788 2903 870 2963 Wien
905 2906 935 2966 zu
970 2906 1095 2966 finden,
1117 2906 1169 2966 wie
1199 2909 1290 2969 sonst
1321 2909 1441 2969 nirgend

1482 2909 1547 2969 helm
1594 2910 1701 2970 Heim
1753 2910 1809 2970 und
1847 2910 1930 2970 Hans
1968 2912 2094 2972 Marr,
2118 2911 2201 2971 Paul
2230 2911 2337 2971 Hart

587 2942 650 3002 wo.
668 2942 706 3002 Er
736 2944 851 3004 wußte,
868 2943 923 3003 daß
958 2945 987 3005 zu
1018 2945 1120 3005 dieser
1146 2945 1240 3005 Stadt
1262 2946 1317 3006 der
1343 2948 1625 3008 Traumimann.
1668 2948 1744 3008 Fred
1800 2948 2035 3008 Hennings
2091 2949 2146 3009 und
2207 2951 2347 3011 Auguste

578 2981 707 3041 gehört,
725 2983 781 3043 daß
812 2981 872 3041 erst
898 2981 923 3041 er
950 2982 997 3042 ihr
1028 2984 1079 3044 und
1110 2985 1187 3045 ihren
1218 2987 1377 3047 Menschen
1412 2987 1455 3047 die

1482 2984 1735 3044 Pünkösdy.
1754 2985 1819 3045 Der
1843 2986 1993 3046 Einakter
2022 2985 2064 3045 ist
2088 2990 2134 3050 für
2158 2990 2345 3050 Schnitzlers

587 3020 692 3080 tiefere
719 3021 864 3081 Deutung
895 3021 978 3081 gibt.

1481 3019 1587 3079 Wesen
1623 3024 1680 3084 und
1720 3022 1808 3082 Werk
1848 3023 1936 3083 nicht
1985 3023 2108 3083 absolut
2158 3026 2352 3086 symptoma¬

621 3058 720 3118 Neben
757 3058 811 3118 dem
857 3059 1007 3119 Cottage,
1031 3061 1089 3121 das
1117 3059 1148 3119 er
1181 3062 1354 3122 „trübselig
1386 3061 1444 3121 und
1477 3061 1576 3121 tisch,
1595 3061 1672 3121 doch
1709 3061 1741 3121 er
1769 3061 1891 3121 umfaßt
1919 3063 2005 3123 einen
2042 3064 2105 3124 Teil
2133 3064 2183 3124 der
2210 3065 2351 3125 Schnitz¬

585 3097 814 3157 grauenhaft“,
841 3097 933 3157 fand,
978 3098 1035 3158 gab
1080 3098 1111 3158 er
1146 3099 1203 3159 den
1248 3100 1442 3160 Geschöpfen
1474 3097 1628 3157 elrischen
1664 3098 1760 3158 Welt.
1779 3099 1814 3159 Es
1841 3100 1911 3160 fand
1943 3101 2008 3161 eine
2035 3103 2150 3163 schöne
2177 3102 2353 3162 Burgthea¬

583 3136 679 3196 dieser
707 3136 813 3196 Stadt,
837 3136 864 3196 je
887 3136 988 3196 näher
1012 3137 1053 3197 sie
1081 3136 1136 3196 dem
1178 3136 1251 3196 Volk
1284 3139 1404 3199 waren,
1427 3137 1454 3197 je

1483 3139 1740 3199 teraufführung,
1767 3137 1789 3197 in
1830 3137 1887 3197 der
1914 3137 1962 3197 die
1998 3140 2127 3200 Melodie
2180 3140 2238 3200 und
2296 3142 2349 3202 der

580 3173 658 3233 mehr
689 3175 732 3235 sie
764 3175 789 3235 in
820 3175 868 3235 ihm
917 3174 1104 3234 wurzelten,
1126 3178 1310 3238 strahlende
1341 3175 1458 3235 Hellig¬

1481 3174 1571 3234 Geist
1606 3175 1661 3235 der
1696 3178 2047 3238 Schnitzler-Menschen
2091 3181 2202 3241 hörbar
2241 3181 2340 3241 waren

580 3211 645 3271 keit
667 3211 749 3271 eines
776 3211 797 3271 in
829 3214 885 3274 sich
916 3214 1059 3274 erfüllten
1090 3217 1225 3277 Lebens.
1247 3215 1329 3275 Aber
1352 3215 1378 3275 er
1400 3215 1456 3275 hat
1483 3214 1582 3274 statt.

578 3252 651 3312 auch
682 3251 738 3311 das
760 3251 878 3311 andere
909 3249 991 3309 Wien
1022 3253 1178 3313 gekannt,
1201 3254 1257 3314 das
1288 3253 1370 3313 Wien
1401 3252 1457 3312 der

585 3288 749 3348 Operette,
777 3289 832 3349 der
864 3291 1115 3351 Windbeutelei.
1143 3292 1202 3352 Und
1239 3291 1339 3351 darum
1386 3290 1453 3350 ging

583 3329 637 3389 der
669 3329 769 3389 stille,
797 3329 870 3389 aber
902 3329 979 3389 zähe
1012 3330 1135 3390 Kampf
1163 3330 1372 3390 Schnitzlors,
1395 3329 1450 3389 daß

587 3368 617 3428 er
640 3366 741 3426 dieser
768 3367 918 3427 geliebten
950 3368 1042 3428 Stadt
1069 3369 1131 3429 ihre
1163 3369 1388 3429 Männlichkeit
1410 3367 1441 3427 be

580 3407 684 3467 wahrt
706 3405 835 3465 wissen,
853 3406 909 3466 daß
940 3405 974 3465 er
1000 3406 1043 3466 sie
1069 3408 1160 3468 nicht
1182 3408 1216 3468 an
1247 3408 1294 3468 die
1325 3408 1459 3468 Narren,

579 3444 805 3504 Müßiggänger
837 3446 889 3506 und
925 3445 1112 3505 Plauderer,
1135 3446 1179 3506 die
1210 3444 1254 3504 sie
1281 3446 1370 3506 heute
1401 3445 1454 3505 wie

584 3482 701 3542 ehedem
762 3482 952 3542 bevölkern,
997 3482 1143 3542 verraten
1188 3482 1297 3542 wissen
1347 3483 1463 3543 wollte.

587 3518 664 3578 Wien
704 3523 763 3583 war
794 3520 845 3580 der
876 3521 1069 3581 Kernpunkt
1096 3521 1151 3581 des
1178 3522 1449 3582 Schnitzlorschen

587 3558 733 3618 Werkes,
756 3560 813 3620 von
845 3560 911 3620 hier
938 3560 991 3620 aus
1019 3560 1071 3620 sah
1103 3560 1134 3620 er
1161 3560 1209 3620 die
1237 3561 1348 3621 übrige
1379 3562 1459 3622 Wel:

579 3601 620 3661 „im
666 3601 753 3661 Spiel
776 3599 831 3659 der
854 3599 1115 3659 Sommerlüfte“.
1138 3597 1193 3657 Die
1225 3601 1449 3661 Horzenskälte

580 3639 644 3699 war
692 3638 743 3698 es,
783 3638 830 3698 die
865 3640 1042 3700 Schnitzler
1068 3638 1163 3698 haßte
1198 3638 1254 3698 und
1285 3641 1439 3701 fürchtete

579 3674 636 3734 vor
663 3676 720 3736 der
752 3675 782 3735 er
814 3674 876 3734 sich
912 3676 938 3736 in
970 3676 1152 3736 Schweigen
1188 3676 1245 3736 und
1281 3679 1445 3739 Alleinsein

579 3717 669 3777 barg.
691 3715 744 3775 Die
770 3714 866 3774 Frage
897 3714 948 3774 des
971 3715 1093 3775 Lebens
1119 3713 1180 3773 war
1202 3715 1250 3775 es,
1268 3713 1319 3773 der
1342 3714 1372 3774 er
1394 3715 1454 3775 sich

584 3754 640 3814 mit
662 3755 739 3815 allen
765 3754 877 3814 Sinnen
908 3752 1024 3812 öffuete
1050 3751 1058 3811 —
1106 3753 1161 3813 das
1184 3754 1273 3814 allein
1300 3754 1364 3814 hieß
1395 3756 1437 3816 ihm

586 3790 797 3850 Menschsein.
819 3793 901 3853 Aber
923 3792 1034 3852 immer
1056 3792 1168 3852 wieder
1194 3793 1302 3853 schlug
1328 3794 1375 3854 bei
1397 3792 1440 3852 ihm

585 3832 779 3892 Nichtigkeit
824 3832 899 3892 aller
943 3830 1093 3890 Existenz
1138 3832 1244 3892 mitten
1298 3834 1355 3894 aus
1400 3832 1452 3892 der

579 3870 712 3930 Flamme
749 3869 797 3929 des
834 3868 972 3928 Lebens.
994 3868 1056 3928 Das
1088 3869 1186 3929 Klima
1218 3870 1271 3930 des
1303 3870 1454 3930 Sterbens

586 3906 606 3966 im
653 3906 761 3966 Innern
795 3908 845 3968 der
874 3909 1041 3969 Menschen
1075 3908 1129 3968 und
1162 3908 1187 3968 im
1234 3909 1338 3969 Außen
1372 3909 1454 3969 einer

585 3939 668 3999 Welt
695 3945 752 4005 hat
779 3944 831 4004 nur
859 3944 933 4004 noch
969 3945 1070 4005 Anton
1106 3945 1286 4005 Tschechow
1327 3948 1454 4008 gehabt.

586 3980 634 4040 Sie
667 3981 767 4041 waren
801 3981 889 4041 beide
918 3982 1044 4042 Letzte,
1065 3981 1137 4041 aber
1166 3984 1263 4044 daboi
1288 3984 1344 4044 mit
1373 3982 1449 4042 allen

585 4023 699 4083 Sinnen
749 4020 908 4080 Lebende.
944 4020 1042 4080 Artur
1078 4023 1259 4083 Schnitzler
1304 4022 1366 4082 war
1406 4020 1454 4080 die
