3344 4384
1432 343 1562 403 box
1633 341 1826 401 44/4

390 368 822 428 chitzler
890 353 1215 413 sDth

134 362 265 422 12.

231 706 952 766 OBSERVER

319 760 346 820 I.
360 760 481 820 österr.
490 757 643 817 behördl.
658 757 959 817 konzessioniertes

271 802 508 862 Unternchmen
536 799 586 859 für
609 799 1001 859 Zeitungs-Ausschnitte

581 858 862 918 WOLLZEILE
909 859 949 919 11

329 859 475 919 WIEN,
503 861 548 921 I.,

424 912 638 972 TELEPHON
677 908 854 968 R-23-0-43

191 1050 301 1110 ctrait
324 1050 360 1110 du
397 1044 580 1104 Journal:

941 1083 1029 1143 (oma

562 1143 693 1203 Lavoro
728 1114 903 1174 fascisti-

202 1151 253 1211 ire
279 1151 336 1211 ae:

636 1247 934 1307 TMV192

191 1250 285 1310 ate:

234 1351 504 1411 Arrivederci
539 1351 597 1411 tra
632 1351 835 1411 cinquant'
845 1354 962 1414 anni,

255 1417 373 1477 ovvero
402 1417 583 1477 Shmitzeler
607 1419 618 1479 e
641 1418 652 1478 1
670 1420 765 1480 librat
789 1420 936 1480 tedeschi

257 1468 317 1528 Sul
338 1468 491 1528 Berliner
517 1468 680 1528 Tagblatt
701 1470 747 1530 F.
762 1471 803 1531 L.
823 1470 966 1530 lamenta

215 1512 463 1572 l'indifferenza
490 1512 574 1572 oltre
597 1512 658 1572 che
685 1515 711 1575 lo
734 1515 845 1575 scarso
872 1515 968 1575 senso

214 1557 402 1617 affaristico
439 1559 641 1619 dimostrato
678 1560 737 1620 dai
765 1560 875 1620 librai
903 1559 972 1619 tee¬

1104 1580 1808 1640 OBSERVER

213 1602 331 1662 deschi
359 1602 386 1662 in
428 1605 601 1665 occasione
638 1605 720 1665 della
762 1605 867 1665 morte
931 1605 972 1665 di

1187 1641 1205 1701 l.
1220 1638 1338 1698 österr.
1353 1641 1500 1701 behördl.
1515 1642 1818 1702 konzessioniertes

214 1647 342 1707 Arthur
374 1649 593 1709 Schmitzlar.
630 1649 712 1709 Essi
749 1650 863 1710 hanno
909 1650 968 1710 per

1137 1680 1374 1740 Unternehmen
1403 1682 1456 1742 für
1476 1684 1868 1744 Zeitungs-Ausschnitte

215 1692 459 1752 quarant'anni
493 1695 579 1755 fatto
618 1695 689 1755 fior
728 1695 766 1755 di
800 1697 972 1757 quattrini

214 1736 267 1796 con
298 1736 329 1796 le
356 1736 457 1796 opera
484 1736 541 1796 del
564 1739 732 1799 celebrato
764 1739 923 1799 scrittore
954 1739 967 1799 e

1191 1739 1342 1799 WIEN,
1364 1743 1411 1803 I.,
1440 1745 1723 1805 WOL.LZEILE
1772 1748 1812 1808 11

213 1781 504 1841 commediografo
546 1784 728 1844 viennese.
756 1786 824 1846 Nel
856 1787 974 1847 glorni

1288 1793 1501 1853 TELEPHON
1542 1796 1715 1856 K-23-0-43

215 1824 401 1884 euccessivi
428 1828 489 1888 alla
524 1828 580 1888 sua
620 1831 723 1891 morte
759 1830 819 1890 non
859 1832 898 1892 un
937 1832 963 1892 li

209 1870 306 1930 braio
338 1871 502 1931 berlinese
534 1873 591 1933 che
623 1874 662 1934 no
694 1874 809 1934 avesse
841 1877 973 1937 esposte

214 1915 244 1975 in
276 1915 404 1975 vetrina
436 1916 457 1976 le
484 1916 604 1976 opere.
622 1917 684 1977 «Al
706 1919 910 1979 commercio
937 1922 977 1982 li¬

1088 1935 1305 1995 Ausschnitt
1335 1936 1420 1996 aus:

210 1957 328 2017 brario
356 1959 383 2019 la
411 1961 447 2021 va
471 1963 525 2023 glà
553 1963 657 2023 male»
681 1966 873 2026 commenta
905 1966 978 2026 l'ar¬

218 2002 363 2062 ticolista
382 2005 412 2065 ».
435 2002 558 2062 Perchè
589 2005 646 2065 non
682 2008 717 2068 ci
739 2008 770 2068 si
797 2005 889 2065 serve
916 2007 977 2067 dei

1524 2006 1772 2066 okszeitung,
1782 2002 1869 2062 Wien

213 2050 361 2110 pretesti
390 2053 535 2113 gloriosi
558 2053 577 2113 o
610 2055 708 2115 tristi
736 2055 797 2115 por
830 2055 885 2115 far
919 2056 974 2116 ve¬

218 2093 289 2153 dere
321 2092 378 2152 che
414 2095 441 2155 Il
468 2096 552 2156 libro
584 2098 597 2158 e
633 2098 660 2158 il
687 2100 748 2160 suo
781 2101 972 2161 mediatore

214 2140 450 2200 commerciale
487 2143 564 2203 sono
601 2143 764 2203 collegati
792 2146 827 2206 al
855 2147 968 2207 tempo

1086 2160 1194 2220 vom:

1451 2175 1495 2235 8.
1514 2178 1639 2238 NOV.
1658 2184 1765 2244 1937

218 2184 317 2244 anche
352 2184 381 2244 se
416 2184 476 2244 una
512 2187 796 2247 manffestazione
831 2189 869 2249 di
896 2190 956 2250 que

215 2229 264 2289 sto
291 2229 410 2289 genere
437 2232 529 2292 abbia
557 2234 614 2294 per
641 2235 760 2295 sfondo
788 2235 849 2295 non
881 2238 969 2298 tanto

223 2274 391 2334 idealismo
420 2277 523 2337 puro,
547 2279 593 2339 ma
627 2280 796 2340 legittimo
829 2280 979 2340 interes-

221 2316 274 2376 se?
310 2320 569 2380 Recentemente
605 2325 739 2385 quando
780 2327 819 2387 un
860 2328 976 2388 puglle

1235 2343 1415 2403 Artur
1466 2340 1808 2400 Schnitzler.

220 2361 353 2421 diventò
393 2367 571 2427 camptone
611 2367 669 2427 del
700 2370 825 2430 mondo
865 2370 896 2430 se
936 2372 976 2432 ne

1099 2408 1165 2468 Nun
1204 2405 1297 2465 geht's
1331 2402 1380 2462 den
1414 2399 1507 2459 Weg,
1530 2399 1579 2459 den
1613 2398 1674 2458 alle
1702 2396 1801 2456 einsam
1851 2391 1955 2451 geh'n,

223 2406 296 2466 vide
322 2408 350 2468 il
371 2409 503 2469 ritratto
533 2411 557 2471 in
587 2413 675 2473 tutti
695 2415 709 2475 l
729 2417 851 2477 negozi
872 2417 910 2477 di
931 2416 979 2476 ri¬

1099 2454 1162 2514 Der
1191 2453 1254 2513 jetzt
1278 2450 1334 2510 dich
1370 2447 1537 2507 heimholt,
1560 2444 1646 2504 schien
1681 2439 1727 2499 dir
1750 2439 1853 2499 längst
1877 2434 1951 2494 ver¬

226 2453 426 2513 fornimento
458 2456 608 2516 sportivo
636 2459 672 2519 al
695 2459 763 2519 fine
790 2461 831 2521 di
855 2462 981 2522 festeg¬

1657 2483 1803 2543 bunden,

223 2495 313 2555 giare
354 2497 382 2557 1l
414 2499 623 2559 vincitore...
651 2501 669 2561 e
706 2501 719 2561 d
784 2504 925 2564 attirare

1096 2536 1145 2596 Du
1178 2534 1267 2594 sahst,
1284 2534 1344 2594 wie
1368 2534 1483 2594 keiner,
1506 2531 1550 2591 ihn
1584 2531 1606 2591 in
1639 2526 1900 2586 Taumelstunden

219 2540 358 2600 clienti.
372 2543 415 2603 La
444 2543 549 2603 caccia
579 2546 612 2606 al
631 2546 751 2606 cliente
780 2548 832 2608 del
857 2549 976 2609 libraio

1097 2582 1260 2642 Inmitten
1294 2579 1390 2639 Spiel
1413 2579 1474 2639 und
1498 2576 1582 2636 Trug
1616 2574 1672 2634 und
1701 2570 1909 2630 Lustgestöhn.

221 2586 337 2646 serve,
357 2590 389 2650 si
413 2590 535 2650 pensa,
559 2591 567 2651 a
601 2593 704 2653 zcopi
728 2593 910 2653 culturall.

265 2632 388 2692 Nessun
420 2635 511 2695 ramo
544 2638 580 2698 di
608 2639 813 2699 commercio
846 2644 882 2704 ha
919 2645 955 2705 pl

1097 2656 1168 2716 Der
1187 2655 1319 2715 Masken
1351 2653 1502 2713 Urgrund
1527 2650 1593 2710 hast
1612 2649 1647 2709 du
1672 2647 1732 2707 tief
1751 2644 1962 2704 durchschaut,

216 2677 309 2737 forti
349 2680 546 2740 possibilità
601 2683 639 2743 di
685 2685 812 2745 attirar
857 2687 980 2747 clienti

1102 2699 1165 2759 Wie
1201 2699 1316 2759 keiner,
1340 2697 1519 2757 abgestreift
1549 2695 1600 2755 der
1630 2692 1733 2752 Dinge
1763 2689 1872 2749 Hülle,

220 2725 257 2785 di
281 2725 393 2785 quella
421 2725 477 2785 det
500 2728 608 2788 librai
632 2728 687 2788 con
720 2730 743 2790 le
776 2731 920 2791 vetrine.

1105 2744 1169 2804 Und
1196 2741 1326 2801 dennoch
1354 2740 1489 2800 schworft
1511 2740 1543 2800 du
1576 2739 1603 2799 zu
1630 2737 1678 2797 des
1706 2734 1841 2794 Daseins
1869 2731 1960 2791 Fülle

279 2770 491 2830 L'individuo
539 2773 597 2833 che
645 2774 683 2834 ve
732 2779 978 2839 passeggiando

1108 2788 1172 2848 Und
1208 2786 1314 2846 bliebst
1345 2787 1403 2847 mit
1434 2785 1527 2845 seinem
1576 2782 1770 2842 Köstlichsten
1806 2776 1965 2836 vertraut.

220 2814 251 2874 si
274 2814 380 2874 ferma
412 2816 425 2876 e
457 2817 519 2877 non
551 2820 680 2880 guarda
711 2822 858 2882 soltanto
890 2824 979 2884 come

1108 2867 1148 2927 In
1183 2865 1276 2925 deine
1323 2862 1450 2922 Wesens
1485 2859 1740 2919 stetig=stummer
1770 2854 1879 2914 Kraft,

220 2859 252 2919 fa
285 2859 424 2919 davanti
448 2861 513 2921 alle
546 2862 695 2922 vetrine,
710 2866 760 2926 del
784 2868 975 2928 giotelliere

1106 2910 1321 2970 Unabgelenk:
1346 2907 1399 2967 von
1434 2904 1659 2964 Sinnenwahn
1694 2900 1757 2960 und
1787 2900 1898 2960 -wehe,

221 2904 271 2964 ma
305 2904 318 2964 è
352 2904 511 2964 costretto
544 2906 557 2966 a
591 2910 726 2970 leggere
755 2913 773 2973 i
797 2913 895 2973 titoli
919 2913 979 2973 che

1141 2950 1225 3010 iegst
1252 2950 1283 3010 du
1321 2949 1431 3009 empor
1458 2948 1484 3008 zu
1516 2946 1622 3006 Glanz
1649 2946 1712 3006 und
1739 2943 1966 3003 Meisterhöhe,

218 2952 266 3012 gli
296 2949 456 3009 parlano,
485 2950 611 3010 ch'egli
641 2955 752 3015 ripete
792 2956 805 3016 a
840 2958 912 3018 fior
947 2958 985 3018 di

1113 3000 1157 3060 Im
1204 2995 1347 3055 Schaffen
1387 2994 1451 3054 wie
1478 2991 1635 3051 Genießen
1668 2988 1883 3048 beispielbaft.

221 2994 335 3054 labbra
370 2997 379 3057 e
413 2997 470 3057 che
500 3000 615 3060 dentre
649 3000 701 3060 già
731 3003 778 3063 gli
803 3003 975 3063 suscitano

223 3038 404 3098 qualcosa.
433 3041 531 3101 Dalla
573 3043 708 3103 vetrina
751 3045 811 3105 del
839 3047 965 3107 libraio

1110 3072 1173 3132 Der
1203 3071 1312 3131 Knabe
1342 3068 1422 3128 schon
1463 3067 1526 3127 war
1556 3066 1636 3126 ganz
1666 3064 1711 3124 des
1747 3062 1856 3122 Gottes
1891 3058 1971 3118 voll,

224 3085 314 3145 parla
353 3085 381 3145 il
406 3086 539 3146 tempo.
564 3086 611 3146 Ma
645 3092 740 3152 parla
774 3089 917 3149 davvero
956 3095 984 3155 il

1113 3116 1190 3176 Dein
1221 3113 1444 3173 Blondgelock,
1460 3110 1516 3170 das
1543 3108 1656 3168 unsren
1688 3104 1796 3164 frühen
1828 3104 1962 3164 Bahnen

219 3128 328 3188 tempo
362 3131 447 3191 dalla
481 3131 609 3191 vetrina
643 3136 699 3196 dei
724 3134 851 3194 librai?
866 3138 899 3198 ».

1116 3157 1216 3217 Voran
1253 3156 1332 3216 einst
1364 3155 1522 3215 leuchtete,
1549 3152 1638 3212 gleich
1671 3148 1928 3208 Siegesfahnen,

265 3174 364 3234 Forse
401 3176 447 3236 si.
479 3179 592 3239 Anche
630 3182 689 3242 per
726 3182 807 3242 quel
840 3182 899 3242 che
936 3185 985 3245 ri¬

1113 3198 1178 3258 Wie
1205 3200 1334 3260 könnten
1367 3197 1459 3257 wir's
1486 3197 1659 3257 vergessen,
1676 3191 1881 3251 Anatol!...

221 3223 345 3283 guarda
372 3222 577 3282 Schnitzler.
595 3226 635 3286 Le
657 3224 768 3284 nuove
792 3227 987 3287 generazio¬

1123 3270 1292 3330 Zeitlebens
1321 3271 1400 3331 hielt
1423 3271 1468 3331 die
1491 3268 1615 3328 Heimat
1644 3268 1695 3328 dich
1729 3267 1751 3327 im
1797 3265 1910 3325 Bann,

223 3268 254 3328 ni
285 3265 445 3325 tedesche
477 3268 587 3328 hanno
623 3271 703 3331 poco
739 3271 886 3331 rispetto
922 3274 979 3334 per

1118 3319 1170 3379 Sie
1197 3319 1303 3379 wußte
1324 3316 1371 3376 dir
1399 3316 1477 3376 nicht
1499 3313 1610 3373 immer
1637 3311 1727 3371 Dank
1749 3312 1774 3372 zu
1807 3310 1912 3370 sagen,

224 3312 271 3372 gli
296 3310 454 3370 scrittort
483 3314 564 3374 della
603 3316 737 3376 vecchia
772 3317 929 3377 guardia.
954 3320 987 3380 Il

1116 3362 1181 3422 Der
1208 3361 1289 3421 ihren
1322 3359 1445 3419 Zauber
1473 3359 1559 3419 durch
1587 3356 1635 3416 die
1657 3358 1743 3418 Welt
1765 3355 1927 3415 getragen,

222 3355 303 3415 mite
330 3355 488 3415 scrittore
514 3358 672 3418 viennese
703 3360 732 3420 se
763 3361 801 3421 ne
827 3364 981 3424 amareg¬

1119 3406 1299 3466 Vielteurer
1328 3406 1474 3466 Dichter,
1497 3403 1654 3463 Weisester
1689 3403 1745 3463 und
1779 3397 1903 3457 Mann.

223 3402 320 3462 giava
358 3405 451 3465 negli
480 3405 601 3465 ultimi
630 3406 756 3466 terpi,
784 3408 830 3468 ma
869 3406 980 3466 soleva

223 3448 369 3508 ripetere
401 3450 413 3510 a
445 3449 565 3509 questo
596 3451 800 3511 proposito:
827 3454 982 3514 «Arrive¬

1120 3483 1225 3543 Nichts
1249 3481 1302 3541 hat
1320 3480 1384 3540 dein
1414 3480 1501 3540 hohes
1531 3477 1707 3537 Gleichmaß
1731 3477 1760 3537 je
1778 3473 1971 3533 geschwächt,

224 3490 323 3550 derci
356 3492 410 3552 tra
451 3495 770 3555 cinquant'anni!».
803 3497 866 3557 Tra
907 3498 980 3558 cin¬

1122 3529 1192 3589 Dein
1231 3526 1441 3586 brüderliches
1475 3522 1555 3582 Herz
1583 3524 1669 3584 stand
1702 3520 1783 3580 jedem
1832 3519 1935 3579 offen,

225 3537 429 3597 quant'anni
452 3537 542 3597 forse
570 3540 583 3600 1
606 3540 710 3600 librai
734 3540 887 3600 tedeschi
915 3543 983 3603 tro-

1112 3570 1193 3630 Noch
1226 3571 1274 3631 als
1301 3570 1355 3630 dich
1382 3569 1592 3629 Schwerstes,
1615 3565 1776 3625 Bitterstes
1804 3561 1976 3621 betroffen,

226 3582 322 3642 veran
355 3582 578 3642 conveniente
607 3583 619 3643 e
647 3585 841 3645 opportuno
871 3588 987 3648 espor¬

1121 3615 1240 3675 Bliebst
1266 3616 1295 3676 du
1332 3615 1525 3675 erschlossen,
1544 3613 1622 3673 gütig
1653 3612 1713 3672 und
1744 3607 1876 3667 gerecht.

226 3627 256 3687 re
291 3625 320 3685 in
355 3626 484 3686 vetrina
519 3628 544 3688 le
574 3630 673 3690 opere
708 3630 789 3690 dello
824 3633 982 3693 scrittore

224 3672 264 3732 di
291 3672 419 3732 recente
451 3675 590 3735 defunto
622 3680 636 3740 e
668 3678 724 3738 che
756 3681 859 3741 allora
890 3680 957 3740 risu

1122 3689 1171 3749 Wo
1199 3692 1285 3752 sollen
1318 3692 1378 3752 wir
1406 3689 1465 3749 nun
1499 3689 1547 3749 hin
1580 3689 1640 3749 mit
1663 3686 1771 3746 unsrer
1799 3684 1891 3744 Not?

229 3710 377 3770 scitera.

1120 3739 1178 3799 Nie
1220 3739 1294 3799 wird
1337 3737 1405 3797 dein
1448 3737 1564 3797 mildes
1602 3731 1728 3791 Lächeln
1787 3728 1844 3788 uns
1893 3725 1976 3785 mehr

1679 3772 1797 3832 grüßen

1130 3821 1204 3881 Deln
1240 3821 1344 3881 reiner
1368 3821 1454 3881 Sinn
1490 3821 1547 3881 das
1577 3819 1658 3879 Sein
1693 3815 1751 3875 uns
1786 3814 1866 3874 nicht
1897 3809 1983 3869 mehr

1682 3857 1798 3917 süßen,

1123 3904 1189 3964 Uns
1223 3902 1296 3962 allen
1336 3903 1382 3963 ist,
1409 3902 1456 3962 als
1483 3898 1569 3958 wär'
1590 3895 1636 3955 ein
1670 3895 1762 3955 Vater
1797 3897 1916 3957 tot....

1481 3949 1616 4009 Oskar
1654 3943 1938 4003 Bendiener.

2618 232 2782 292 ZEILE

2297 291 2306 351 —
2367 289 2436 349 EL
2447 285 2576 345 FPHON
2608 279 2787 339 R-230-43

2293 410 2502 470 Sonntag

2160 486 2215 546 8.
2238 488 2479 548 November
2523 485 2643 545 1931

2930 542 3203 602 Nien

2305 564 2442 624 Blatt
2476 566 2498 626 8

3018 706 3192 766 Hemmung
3230 706 3286 766 wir

3018 748 3202 808 gezeichnete
3247 746 3294 806 Mo

2326 772 2523 832 Wiener
2566 774 2713 834 Brief

3017 793 3106 853 dieses
3141 790 3274 850 Kapital

3023 835 3090 895 viele
3139 832 3288 892 Freunde

2067 840 2224 900 Sparwut
2246 838 2256 898 —
2295 839 2376 899 Eine
2398 840 2500 900 kranke
2524 840 2604 900 Frau
2637 839 2647 899 —
2687 839 2821 899 Geistige
2850 840 2973 900 Brücken

3025 876 3116 936 wenia
3149 876 3277 936 Patrioi

2132 889 2174 949 An
2207 891 2260 951 der
2282 891 2586 951 „Himmelspforte"
2614 888 2624 948 —
2672 891 2774 951 Causa
2801 891 2966 951 Ehrenfest

3022 918 3148 978 reichers
3183 917 3207 977 im
3251 918 3265 978 J

2429 958 2491 1018 wg.
2516 957 2661 1017 Wien,
2685 957 2709 1017 im
2758 957 2951 1017 November.

3023 961 3070 1021 als
3098 960 3168 1020 eine
3197 960 3289 1020 auslä

3025 1004 3149 1064 scheint.
3195 1005 3274 1065 Auch

2118 1037 2213 1097 Wenn
2245 1038 2266 1098 in
2298 1038 2393 1098 diesem
2436 1041 2541 1101 Herbst
2558 1038 2600 1098 ein
2632 1038 2817 1098 Ausländer
2839 1038 2859 1098 in
2892 1035 2976 1095 Wien

3028 1046 3144 1106 Korsett
3177 1047 3299 1107 verglei

2063 1082 2221 1142 eintrifft,
2246 1083 2274 1143 so
2313 1079 2390 1139 kann
2433 1082 2466 1142 er
2501 1082 2549 1142 sich
2592 1082 2804 1142 überzeugen,
2838 1082 2890 1142 daß
2939 1080 2986 1140 sich

3035 1088 3182 1148 Politiker
3218 1087 3258 1147 um

2069 1124 2242 1184 Oesterreich
2271 1125 2331 1185 mit
2351 1124 2444 1184 vollem
2487 1126 2689 1186 Bewußtsein
2722 1124 2769 1184 dem
2811 1121 2980 1181 Sparen

3034 1128 3236 1188 Landsleuten

2061 1169 2201 1229 widmet.
2225 1169 2361 1229 Abbau,
2376 1169 2624 1229 Einschränkung
2658 1168 2714 1228 und
2743 1166 2991 1226 Genugsamkent

3030 1172 3157 1232 wollen.
3191 1172 3266 1232 War

2063 1214 2168 1274 lauten
2211 1213 2273 1273 jene
2316 1211 2479 1271 Parolen,
2513 1212 2637 1272 welchen
2680 1211 2728 1271 die
2767 1211 2981 1271 Bevölkerung

3031 1214 3197 1274 Europas,
3218 1216 3242 1276 so

2072 1258 2158 1318 folgt.
2192 1256 2326 1316 Nachdem
2380 1256 2423 1316 sich
2457 1256 2504 1316 die
2534 1256 2707 1316 politischen
2746 1253 2914 1313 Parteien,
2943 1253 2991 1313 be¬

3031 1259 3076 1319 des
3113 1259 3291 1319 Kontinent

2064 1300 2185 1360 sonders
2219 1300 2266 1360 die
2290 1298 2590 1358 Christlichsozialen
2623 1298 2684 1358 und
2713 1297 2994 1357 Sozialdemokra¬

3031 1300 3173 1360 versällt,
3193 1300 3295 1360 währe

2066 1342 2133 1402 ten,
2161 1342 2282 1402 einmal
2315 1342 2455 1402 geeinigt
2487 1342 2604 1402 haben,
2636 1342 2690 1402 das
2732 1342 2826 1402 weiße
2868 1339 2994 1399 Lamm,

3036 1343 3136 1403 sobald
3167 1342 3201 1402 sie
3232 1342 3273 1402 sich

2069 1387 2195 1447 nämlich
2228 1387 2274 1447 den
2303 1384 2406 1444 Stand
2439 1386 2485 1446 der
2509 1386 2659 1446 Beamten
2692 1384 2748 1444 und
2777 1382 3001 1442 Angestellten,

3086 1384 3144 1444 Die
3180 1390 3303 1450 elegisch

3035 1427 3197 1487 Betonung
3235 1429 3288 1489 dur

2069 1431 2223 1491 gründlich
2252 1431 2279 1491 zu
2308 1429 2439 1489 scheren,
2453 1429 2528 1489 weil
2552 1427 2616 1487 dies
2640 1429 2668 1489 in
2697 1429 2781 1489 einem
2823 1426 2996 1486 Beamten¬

2069 1475 2141 1535 staat
2165 1474 2319 1534 natürlich
2348 1474 2401 1534 das
2435 1473 2580 1533 schnellste
2609 1473 2666 1533 und
2701 1471 2854 1531 einfachste
2884 1468 2998 1528 Mittel

3037 1471 3283 1531 Schnitzler.

3036 1511 3156 1571 Wiener
3185 1512 3305 1572 Gelstg

2072 1520 2121 1580 zur
2161 1518 2358 1578 öffentlichen
2408 1515 2629 1575 Sparsamkeit
2669 1515 2723 1575 ist,
2758 1512 2881 1572 schnallt
2931 1511 2994 1571 jede

2079 1560 2208 1620 Familie
2234 1560 2294 1620 und
2319 1560 2379 1620 jede
2405 1557 2630 1617 Haushaltung
2656 1557 2706 1617 den
2737 1557 2861 1617 Riemen
2892 1554 2997 1614 enger.
3033 1555 3203 1615 angehört.
3229 1556 3293 1616 Da¬

3037 1596 3213 1656 geworden,
3239 1599 3285 1659 die

2078 1604 2133 1664 Der
2158 1604 2402 1664 wirtschaftliche
2427 1602 2534 1662 Erfolg
2564 1603 2605 1663 ist
2626 1602 2736 1662 freilich
2768 1599 2808 1659 ein
2839 1598 3000 1658 General¬

3044 1639 3242 1699 Melancholie
3270 1640 3301 1700 ur

2067 1648 2191 1708 angrifi
2211 1648 2265 1708 auf
2290 1647 2428 1707 Handel,
2443 1647 2611 1707 Industrie
2636 1644 2695 1704 und
2726 1641 3002 1701 Landwirtschaft,

3038 1683 3078 1743 ter
3108 1683 3247 1743 mündete
3278 1684 3302 1744 ir

2069 1692 2112 1752 die
2141 1692 2189 1752 sich
2224 1691 2257 1751 an
2296 1689 2363 1749 drei
2393 1689 2532 1749 Fronten
2572 1689 2760 1749 verteidigen
2794 1686 2929 1746 müssen,
2958 1686 2991 1746 da

3035 1724 3129 1784 keinem
3180 1725 3298 1785 Staat,

2072 1733 2118 1793 der
2147 1733 2268 1793 Konsum
2311 1733 2511 1793 verkleinert,
2530 1731 2581 1791 der
2605 1730 2815 1790 Steuerdruck
2834 1727 3002 1787 gesteigert

3043 1769 3201 1829 Ländern,
3217 1769 3306 1829 besteh

2072 1777 2129 1837 und
2173 1777 2226 1837 der
2265 1776 2529 1836 Devisenverkehr
2569 1775 2742 1835 beschränkt
2776 1775 2872 1835 wird.
2925 1772 2997 1832 Das

3048 1814 3109 1874 sung
3143 1811 3199 1871 wie
3227 1811 3249 1871 in
3283 1811 3299 1871 C

2077 1820 2215 1880 Schicksal
2240 1820 2442 1880 Oesterreichs
2473 1818 2512 1878 ist
2532 1819 2591 1879 nun
2631 1817 2749 1877 einmal
2775 1817 2814 1877 ein
2849 1814 3001 1874 gerüttelt

3042 1856 3102 1916 dieh
3135 1853 3206 1913 kaun
3257 1855 3289 1915 au

2074 1865 2146 1925 Maß
2180 1865 2232 1925 von
2262 1865 2410 1925 Sorgen,
2430 1862 2699 1922 Schwierigkeiten
2733 1859 2766 1919 an
2800 1859 2872 1919 allen
2906 1859 2992 1919 Ecken

3048 1898 3147 1958 immer
3187 1897 3231 1957 die
3271 1896 3304 1956 al

2074 1908 2136 1968 und
2175 1908 2304 1968 Enden,
2343 1907 2448 1967 wobei
2482 1907 2530 1967 die
2569 1904 2746 1964 schlimmste
2785 1902 2996 1962 Erscheinung

3048 1939 3187 1999 während
3218 1939 3241 1999 in
3270 1939 3305 1999 de

2078 1951 2144 2011 nach
2181 1951 2242 2011 wie
2269 1951 2325 2011 vor
2357 1951 2408 2011 die
2440 1948 2863 2008 Arbeitslosigkeit
2895 1943 3008 2003 bleibt,

3048 1981 3177 2041 Poykoti
3200 1981 3289 2041 gegen

2074 1993 2117 2053 die
2151 1996 2238 2056 durch
2277 1993 2324 2053 die
2364 1993 2639 2053 heranwachsende
2673 1990 2808 2050 Jugend
2842 1987 3006 2047 vermehrt

3053 2023 3209 2083 Geschlecht
3247 2025 3300 2085 her

2075 2041 2169 2101 wird,
2199 2037 2244 2097 die
2274 2036 2427 2096 keinerlei
2453 2037 2571 2097 Stellen
2617 2035 2676 2095 und
2711 2035 3008 2095 Existenzmöglich¬

2080 2082 2167 2142 keiten
2198 2082 2295 2142 finden
2332 2080 2425 2140 kann.
2451 2080 2595 2140 Trotzdem
2631 2076 2765 2136 herrscht
2791 2074 2858 2134 eine
2879 2075 3002 2135 gewisse
3034 2068 3193 2128 troßische
3235 2068 3290 2128 und

3047 2110 3288 2170 österreichischen

2083 2125 2265 2185 Zuversicht:
2305 2122 2433 2182 nachdem
2483 2122 2532 2182 die
2562 2122 2753 2182 europäische
2789 2119 3005 2179 Wirtschafts¬

2076 2168 2141 2228 krise
2166 2166 2287 2226 einmal
2308 2166 2332 2226 in
2358 2165 2439 2225 ihrem
2480 2165 2570 2225 vollen
2606 2163 2737 2223 Umfang
2767 2160 3105 2220 ausgebrochenches
3136 2152 3252 2212 Gemüt
3272 2153 3302 2213 in

3048 2194 3158 2254 weisen
3206 2196 3280 2256 konn

2083 2213 2127 2273 ist,
2148 2211 2231 2271 sollte
2257 2210 2306 2270 der
2337 2208 2509 2268 Tiespunkt
2535 2208 2584 2268 des
2619 2205 2822 2265 Wellentales
2858 2204 3015 2264 möglichst

3050 2236 3228 2296 Schitzlers
3260 2238 3302 2298 Le

2089 2254 2189 2314 schnell
2209 2253 2337 2313 erreicht
2357 2253 2495 2313 werden;
2525 2251 2649 2311 einmal
2669 2250 2764 2310 müsse
2784 2250 2869 2310 fester
2894 2247 2998 2307 Boden

3053 2282 3179 2342 Geschick
3208 2282 3300 2342 seiner

2081 2299 2169 2359 unter
2193 2298 2240 2358 dor
2274 2297 2381 2357 Füßen
2414 2296 2563 2356 gefunden
2597 2295 2737 2355 werden,
2761 2292 2859 2352 damit
2888 2292 2929 2352 sich
2963 2292 3009 2352 die

3056 2328 3229 2388 verhüstert,
3254 2325 3307 2385 das

2090 2341 2361 2401 Vertrauenskrise
2382 2340 2442 2400 auf
2463 2338 2650 2398 natürlichem
2696 2337 2766 2397 Weg
2792 2337 2816 2397 in
2847 2337 2897 2397 sich
2923 2334 3013 2394 selbst

3051 2367 3161 2427 steller,
3184 2370 3236 2430 der
3266 2367 3294 2427 in

2083 2384 2280 2444 überwinde.
2315 2382 2384 2442 Das
2414 2381 2522 2441 Wort,
2542 2381 2601 2441 das
2631 2381 2705 2441 Lord
2740 2379 2833 2439 Crcil
2863 2378 2887 2438 in
2922 2378 3015 2438 Genf

3056 2411 3175 2471 Altern,
3200 2411 3262 2471 wie

2081 2429 2204 2489 prägte,
2230 2428 2274 2488 die
2304 2426 2601 2486 Vertrauenskrise,
2627 2423 2676 2483 die
2706 2423 2761 2483 von
2796 2423 2884 2483 Wien
2920 2420 3004 2480 ihren

3053 2453 3208 2513 unendlich
3237 2453 3282 2513 sah

2086 2472 2235 2532 Ausgang
2264 2471 2374 2531 nahm,
2395 2469 2505 2529 könnte
2529 2468 2708 2528 vermutlich
2737 2468 2804 2528 auch
2833 2465 2857 2525 in
2891 2465 3015 2525 Oester¬

3055 2498 3129 2558 nicht
3156 2495 3242 2555 mehr
3274 2495 3306 2555 de

2085 2516 2153 2576 reich
2182 2516 2278 2576 zuerst
2302 2516 2358 2576 zum
2399 2513 2558 2573 Stillstand
2587 2513 2740 2573 kommen,
2758 2513 2797 2573 ist
2815 2510 3020 2570 Gemeingut

3062 2539 3163 2599 Brücke
3187 2539 3294 2599 geben.

2091 2560 2162 2620 aller
2192 2560 2376 2620 Gebildeten
2410 2558 2593 2618 geworden.

3055 2583 3199 2643 jüngeren
3236 2584 3312 2644 Oest

2150 2615 2314 2675 Gebunden
2352 2614 2383 2674 an
2426 2613 2474 2673 die
2507 2613 2756 2673 alpenländische
2788 2611 2926 2671 Scholle,
2948 2611 3016 2671 ver¬

3058 2625 3158 2685 Rober
3196 2623 3296 2683 Hohlb

2092 2661 2202 2721 knüpft
2228 2660 2283 2720 mit
2303 2659 2359 2719 der
2385 2657 2469 2717 Rolle
2496 2656 2601 2716 Wiens
2637 2657 2687 2717 als
2718 2656 2843 2716 Mittler
2874 2653 3010 2713 zwischen

3062 2668 3265 2728 französischen

2095 2704 2169 2764 West
2194 2704 2247 2764 und
2277 2704 2346 2764 Ost,
2361 2701 2494 2761 glauben
2524 2701 2602 2761 viele
2623 2701 2716 2761 Leute
2741 2700 2770 2760 an
2800 2700 2869 2760 eine
2889 2698 3016 2758 geistige

3065 2713 3154 2773 Mirko
3192 2710 3311 2770 Jelusid

2099 2749 2280 2809 Mission
2316 2746 2368 2806 des
2405 2745 2881 2805 Oesterreichertums,
2903 2743 2954 2803 die
2980 2743 3021 2803 sie

3055 2756 3161 2816 ringen
3198 2755 3299 2815 konnte

2090 2792 2195 2852 gerade
2230 2791 2287 2851 aus
2326 2788 2413 2848 jenem
2456 2788 2663 2848 Leidensweg
2697 2788 2851 2848 ableiten,
2875 2788 2928 2848 den
2972 2785 3019 2845 die

3119 2797 3179 2857 Das
3213 2798 3295 2858 Them

2091 2834 2257 2894 gebildeten
2298 2833 2449 2893 Schichten
2491 2832 2546 2892 seit
2577 2832 2647 2892 bald
2684 2830 2764 2890 zwel
2795 2829 3012 2889 Jahrzehnten

3056 2840 3221 2900 haltungen
3262 2841 3286 2901 in

2095 2877 2302 2937 zurücklegen:
2338 2876 2436 2936 zuerst
2461 2874 2515 2934 der
2540 2877 2654 2937 Krieg,
2674 2875 2708 2935 de
2753 2874 2867 2934 gerade
2897 2872 2926 2932 in
2961 2871 3014 2931 den

3059 2883 3271 2943 Alpenländer

2091 2922 2239 2982 deutschen
2283 2919 2510 2979 Regimentern
2555 2919 2756 2979 Oesterreichs
2797 2916 2889 2976 reich.
2920 2916 3022 2976 Ernte

3060 2928 3276 2988 unentwegtei

2090 2965 2177 3025 hielt,
2211 2965 2307 3025 sowie
2347 2964 2395 3024 die
2429 2964 2646 3024 Hungersnot
2681 2961 2733 3021 der
2768 2961 2874 3021 beiden
2913 2959 3019 3019 letzten

3059 2970 3164 3030 bietet,
3181 2970 3219 3030 ist
3237 2970 3286 3030 der

2095 3009 2312 3069 Kriegsjahre;
2348 3006 2426 3066 dann
2462 3006 2510 3066 der
2541 3006 2827 3066 Zusammenbruch
2857 3003 2906 3063 der
2937 3003 3015 3063 alten

3067 3012 3295 3072 Weldenhoffer

2096 3050 2292 3110 Monarchie,
2344 3050 2395 3110 die
2451 3050 2708 3110 Geburtswehen
2770 3047 2858 3107 einer
2915 3047 3017 3107 neuen

3059 3058 3179 3118 chischen
3216 3056 3317 3116 Peenz

2096 3095 2398 3155 Staatenordnung,
2432 3095 2599 3155 Inflation
2643 3092 2705 3152 und
2749 3092 2935 3152 Deflation,
2969 3092 3022 3152 der

3068 3102 3112 3162 des
3147 3098 3299 3158 Brürmer

2096 3140 2229 3200 Ansturm
2269 3139 2322 3199 des
2353 3137 2579 3197 Sozialismus
2614 3137 2673 3197 und
2703 3137 2752 3197 die
2777 3134 2894 3194 latente
2925 3134 3027 3194 Wirt¬

3067 3143 3179 3203 einigen
3224 3143 3314 3203 Tage

2100 3184 2297 3244 schaftskrise,
2329 3182 2380 3242 die
2412 3182 2510 3242 breite
2542 3180 2698 3240 Schichten
2735 3182 2792 3242 des
2823 3179 2948 3239 Adels,
2974 3179 3026 3239 des

3068 3185 3260 3245 prachsoollen
3289 3185 3300 3245 P

2094 3229 2306 3289 Bürgertums
2347 3224 2402 3284 und
2438 3224 2488 3284 des
2524 3224 2762 3284 Mittelstandes
2804 3223 3031 3283 hinwegsegte,

3074 3228 3307 3288 Hramelpforig

2099 3269 2190 3329 sowie
2224 3268 2377 3328 materiell
2412 3265 2435 3325 in
2479 3266 2565 3326 einer
2599 3268 2805 3328 gipantischen
2844 3265 3031 3325 Proletari¬

3077 3271 3232 3331 Nechdruck
3250 3268 3309 3328 aus

2104 3313 2219 3373 sierung
2250 3313 2370 3373 endete,
2396 3311 2486 3371 gegen
2522 3311 2572 3371 die
2603 3311 2648 3371 sich
2684 3311 2830 3371 innerlich
2866 3309 2935 3369 alles
2971 3307 3031 3367 zur

3073 3313 3204 3373 Anstalt,
3226 3313 3304 3373 diese

2101 3357 2190 3417 Wehr
2225 3358 2309 3418 setzt.
2349 3355 2438 3415 Jetzt
2474 3355 2537 3415 sind
2578 3353 2696 3413 wieder
2736 3352 2860 3412 einmal
2900 3350 3033 3410 Völker¬

3076 3355 3323 3415 Zahlungsbilan

2098 3401 2368 3461 bundsexpertisen
2397 3397 2541 3457 modern.
2571 3397 2701 3457 Allerlei
2726 3397 2942 3457 ausländische
2972 3394 3029 3454 Be¬

3067 3400 3312 3460 westeuropäisch

3067 3445 3132 3505 eine
3154 3439 3307 3499 Gnadenf

2099 3446 2180 3506 rater
2205 3445 2324 3505 tauchen
2359 3445 2426 3505 auf,
2446 3443 2493 3503 die
2518 3442 2580 3502 nur
2605 3442 2700 3502 darum
2744 3440 2926 3500 notwendig
2956 3439 3037 3499 sind,

3070 3486 3094 3546 es
3136 3484 3193 3544 mit
3219 3483 3270 3543 den

2103 3489 2177 3549 weil
2198 3489 2222 3549 in
2252 3488 2435 3548 Oesterreich
2465 3483 2519 3543 auf
2544 3483 2599 3543 das
2629 3483 2737 3543 Urteil
2763 3483 2812 3543 des
2842 3480 3029 3540 Auslandes

3073 3525 3185 3585 Frauen
3235 3522 3299 3582 Den

2106 3530 2145 3590 ein
2181 3525 2371 3585 unerhörtes
2407 3523 2549 3583 Gewicht
2576 3525 2682 3585 gelegt
2709 3524 2806 3584 wird.
2838 3522 2922 3582 Eine
2958 3522 3037 3582 aus¬

2103 3570 2251 3630 ländische
2276 3567 2419 3627 Stimme
2449 3565 2498 3625 hat
2523 3565 2547 3625 in
2583 3564 2636 3624 der
2661 3565 2780 3625 Praxis
2810 3565 2943 3625 größere
2973 3564 3036 3624 Be¬

3068 3569 3107 3629 ter
3146 3567 3235 3627 haben
3275 3568 3314 3628 jer

2104 3612 2239 3672 deutung
2276 3612 2320 3672 als
2357 3612 2411 3672 das
2444 3610 2516 3670 beste
2548 3609 2629 3669 Buch
2657 3607 2743 3667 eines
2775 3606 3023 3666 österreichischen

3071 3612 3186 3672 spricht.
3207 3610 3280 3670 Wer

2104 3654 2282 3714 Gelehrten,
2307 3655 2336 3715 so
2370 3654 2423 3714 daß
2462 3654 2510 3714 sich
2544 3652 2693 3712 geradezu
2728 3651 2775 3711 die
2810 3649 2930 3709 Unsitte
2965 3648 3032 3708 ein¬

3070 3654 3124 3714 wie
3152 3653 3200 3713 die
3228 3654 3309 3714 Repa

3072 3693 3134 3753 dern
3169 3695 3275 3755 wolle,
3289 3695 3303 3755 n

2108 3698 2266 3758 bürgerte,
2285 3697 2392 3757 innere
2416 3695 2536 3755 Politik
2555 3695 2611 3755 auf
2630 3693 2681 3753 dem
2718 3692 2843 3752 Umweg
2872 3692 2946 3752 über
2970 3692 3025 3752 das

2110 3743 2253 3803 Ausland
2295 3742 2325 3802 zu
2362 3740 2500 3800 treiben.
2537 3739 2583 3799 In
2625 3736 2830 3796 Wirklichkeit
2861 3734 2943 3794 sollte
2980 3737 3036 3797 es,
3067 3737 3164 3797 Ruhe
3186 3737 3309 3797 gönnen

3073 3779 3289 3839 siruktionskom

2109 3787 2202 3847 sosern
2237 3785 2266 3845 es
2301 3784 2350 3844 die
2375 3782 2546 3842 Theorien,
2571 3782 2620 3842 die
2645 3779 2767 3839 geistige
2792 3779 2934 3839 Haltung
2969 3776 3028 3836 und

3070 3822 3138 3882 nete
3166 3823 3319 3883 Generald

2109 3830 2237 3890 seelische
2272 3826 2454 3886 Erfahrung
2494 3824 2632 3884 betrifft,
2657 3821 2819 3881 eigentlich
2854 3821 3036 3881 umgekehrt

3072 3866 3161 3926 weise
3186 3866 3255 3926 auch

2113 3876 2189 3936 sein.
2216 3872 2416 3932 Oesterreich,
2444 3869 2497 3929 das
2531 3869 2579 3929 sich
2612 3868 2671 3928 seit
2693 3863 2817 3923 Jahren
2850 3863 3034 3923 überhaupt

3071 3911 3121 3971 gen
3168 3907 3307 3967 Rettung

2111 3917 2170 3977 nur
2205 3916 2268 3976 noch
2303 3913 2362 3973 mit
2388 3913 2490 3973 Krisen
2531 3910 2604 3970 aller
2634 3907 2693 3967 Art
2718 3909 2914 3969 beschäftigt,
2940 3907 3038 3967 besitzt

3070 3949 3184 4009 machen
3222 3949 3281 4009 und

2114 3961 2195 4021 einen
2229 3958 2339 4018 solchen
2373 3955 2512 4015 Einblick
2536 3952 2560 4012 in
2594 3952 2642 4012 die
2671 3952 2795 4012 tieferen
2829 3949 3040 4009 Zusammen¬

3073 3994 3285 4054 Spitalpflege

2112 4004 2221 4064 hänge,
2240 4002 2294 4062 daß
2322 4000 2353 4060 es
2381 4000 2485 4060 heute,
2504 3998 2535 4058 da
2563 3996 2644 4056 ganz
2663 3994 2794 4054 Europa
2822 3993 2876 4053 von
2904 3991 3036 4051 Krifen¬

2112 4048 2220 4108 verden
2253 4042 2419 4102 wimmelt,
2442 4042 2598 4102 eigentlich
2626 4037 2712 4097 selbst
2739 4036 2890 4096 Dutzende
2918 4035 3312 4095 begab¬entgegenführe

2118 4092 2157 4152 ter
2193 4089 2343 4149 Experten
2389 4084 2580 4144 exportieren
2621 4081 2752 4141 könnte,
2782 4079 2832 4139 die
2868 4078 2897 4138 in
2943 4078 3034 4138 einer
3069 4075 3240 4135 gewonnen
3276 4075 3310 4135 du

2118 4133 2334 4193 Atmosphäre,
2356 4131 2402 4191 wo
2434 4128 2625 4188 persönliche
2651 4125 2832 4185 Rücksichten
2869 4123 2951 4183 nicht
2978 4123 3029 4183 als
3071 4120 3169 4180 neuen
3200 4120 3324 4180 Ministe
