3344 4352
127 261 229 321 2.

293 261 872 321 Schnitzler's
945 265 1178 325 beath

1391 261 1510 321 box
1592 265 1783 325 43/1

517 1052 1122 1112 MBSERVER

494 1109 521 1169 I.
534 1106 659 1166 österr.
668 1106 819 1166 behördl.
833 1106 1131 1166 konzessioniertes

454 1149 690 1209 Unternehmen
722 1147 768 1207 für
796 1147 1183 1207 Zeitungs-Ausschnitte

508 1206 650 1266 WIEN,
678 1209 733 1269 I.,
754 1208 1040 1268 WOLLZEILE
1088 1210 1128 1270 11

599 1261 819 1321 TELEPHON
858 1258 1034 1318 R-23-0-43

396 1402 625 1462 Ausschnitt
655 1401 746 1461 aus:

377 1580 601 1640 AUSSCHNITT
624 1579 703 1639 VOM:

757 1613 851 1673 23.
872 1601 957 1661 OKI.
967 1590 1081 1650 1931

309 1771 618 1831 Sächsiche
660 1768 1096 1828 Staatszeitung,
1131 1761 1381 1821 Dresden

1459 1882 1626 1942 verschwebt
1650 1882 1690 1942 die
1718 1882 1836 1942 Anklage
1863 1882 1885 1942 in
1913 1882 1985 1942 leere
2008 1879 2199 1939 Resignation.
2222 1879 2303 1939 Ganz

609 1912 650 1972 /.
675 1906 750 1966 Der
793 1907 934 1967 Dichter
976 1907 1117 1967 Arthur
1152 1906 1376 1966 Schnitzler.

1459 1927 1604 1987 besonders
1638 1927 1855 1987 charakteristisch
1890 1926 1937 1986 für
1967 1924 2029 1984 diese
2054 1924 2228 1984 Entsagung,
2262 1921 2300 1981 die

661 1968 877 2028 chmßler
914 1966 945 2026 ist
977 1965 1051 2025 einer
1083 1968 1130 2028 der
1162 1968 1431 2028 ausgesprochensten
1463 1969 1563 2029 Dinge
1595 1968 1647 2028 mit
1685 1971 1764 2031 fester
1791 1969 1869 2029 Hand
1901 1968 2085 2028 anzupacken,
2112 1965 2170 2025 eine
2207 1963 2301 2023 gerade

595 2010 716 2070 Vertrec
767 2007 832 2067 Ges
872 2011 1147 2071 Vorkriegs=Wien,
1186 2010 1236 2070 des
1275 2012 1440 2072 Vorkriegs=

1464 2013 1720 2073 Schlußfolgerung
1745 2016 1768 2076 zu
1793 2013 1899 2073 ziehen,
1924 2013 1952 2073 ist
1967 2012 2015 2072 das
2035 2010 2199 2070 Schauspiel
2219 2009 2310 2069 „Pro¬

591 2054 724 2114 Osterres
761 2055 1007 2115 dahingsgangen.
1040 2055 1096 2115 Alle
1117 2055 1188 2115 seine
1209 2055 1296 2115 Werke
1318 2054 1435 2114 wurzeln
1468 2055 1549 2115 fessor
1565 2057 1750 2117 Vernhardi",
1761 2057 1838 2117 dessen
1864 2056 1967 2116 Pointe
1983 2055 2024 2115 die
2040 2055 2163 2115 Sentenz
2174 2053 2214 2113 des
2230 2052 2312 2112 öster¬

597 2097 621 2157 im
662 2100 772 2160 Wiener
797 2098 982 2158 Boden,alle
1008 2100 1098 2160 atmen
1128 2100 1168 2160 die
1199 2100 1263 2160 Luft
1289 2099 1334 2159 des
1359 2099 1434 2159 Wien
1460 2101 1615 2161 reichischen
1640 2103 1750 2163 Hofrats
1781 2101 1825 2161 ist,
1846 2101 1891 2161 daß
1916 2100 1986 2160 durch
2007 2100 2086 2160 festes
2107 2097 2227 2157 Handein
2253 2094 2297 2154 und

595 2141 647 2201 vor
676 2141 761 2201 1914.
805 2141 866 2201 Alle
895 2141 981 2201 nahen
1015 2141 1062 2201 das
1100 2144 1220 2204 Leichte,
1244 2141 1444 2201 Spielerische,
1464 2144 1606 2204 Beharren
1640 2144 1687 2204 auf
1707 2144 1750 2204 der
1769 2144 1964 2204 Überzeugung
1984 2142 2065 2202 nichts
2089 2143 2169 2203 besser
2184 2140 2308 2200 gemacht

592 2185 740 2245 Skeptische
770 2186 844 2246 einer
864 2186 908 2246 alt
963 2186 1086 2246 Kultur,
1106 2187 1185 2247 deren
1215 2186 1294 2246 Basis
1319 2186 1427 2246 brüchig
1458 2189 1546 2249 wird.
1586 2189 1655 2249 Hier
1680 2189 1724 2249 hat
1750 2189 1798 2249 der
1819 2189 1927 2249 Dichter
1947 2186 2149 2246 österreichische
2170 2185 2302 2245 Zustände

590 2230 698 2290 wurde,
723 2230 767 2290 die
792 2229 840 2289 den
871 2233 1028 2293 Unfesgang
1058 2231 1166 2291 ahnend
1196 2231 1288 2291 spürt,
1309 2231 1362 2291 mit
1392 2231 1431 2291 ein
1462 2232 1550 2292 seiner
1575 2234 1643 2294 Zeit
1673 2234 1924 2294 wahrheitsgemäß
1964 2230 2121 2290 dargestellt
2146 2228 2194 2288 und
2229 2226 2307 2286 dabei

592 2272 685 2332 wenig
730 2274 867 2334 Wehmut
1015 2275 1053 2335 ein
1099 2276 1187 2336 wenig
1231 2275 1442 2335 Nichtachtung,
1467 2276 1501 2336 ist
1531 2276 1575 2336 ihm
1625 2276 1664 2336 als
1694 2277 1821 2337 Künstler
1851 2277 1954 2337 zugute
1979 2275 2155 2335 gekommen,
2176 2273 2224 2333 daß
2254 2273 2293 2333 ihm

596 2318 705 2378 Anmut
742 2318 796 2378 und
833 2318 924 2378 leichte
956 2318 1115 2378 Müdigkeit
1152 2319 1183 2379 ist
1211 2318 1256 2378 der
1288 2318 1438 2378 Grundton

1468 2319 1544 2379 selbst
1564 2319 1602 2379 ein
1631 2321 1718 2381 Stück
1747 2321 1795 2381 von
1829 2321 1911 2381 diesem
1950 2320 2122 2380 skeptischen,
2152 2316 2190 2376 die
2219 2315 2305 2375 Dinge

595 2362 637 2422 all
676 2362 763 2422 dieser
801 2362 1027 2422 naturalistischen
1066 2362 1282 2422 Bühnenstücke,
1316 2362 1359 2422 die
1398 2362 1431 2422 sic

1465 2364 1558 2424 laufen
1587 2365 1718 2425 lassenden
1742 2365 1844 2425 Hofrat
1868 2363 1891 2423 im
1924 2362 1999 2422 Blut
2018 2362 2116 2422 steckte.
2158 2360 2200 2420 So
2233 2359 2303 2419 ward

596 2404 620 2464 so
650 2406 801 2466 wesentlich
831 2404 880 2464 von
915 2404 944 2464 de
988 2407 1120 2467 Herbheit
1150 2405 1198 2465 des
1229 2405 1434 2465 norddeutschen
1469 2407 1522 2467 sein
1552 2407 1630 2467 Werk
1655 2409 1709 2469 echt
1734 2407 1865 2467 geprägt.

1527 2449 1582 2509 Und
1617 2451 1696 2511 dieses
1727 2452 1806 2512 Werk
1837 2450 1856 2510 in
1887 2450 1976 2510 seiner
2001 2449 2175 2509 Gesamtheit
2206 2446 2240 2506 ist
2266 2445 2300 2505 ein

598 2449 808 2509 Naturalismus
836 2449 973 2509 abheben.
1015 2452 1166 2512 Schnitzler
1189 2450 1244 2510 war
1267 2450 1363 2510 ebenso
1391 2449 1441 2509 wie

1463 2495 1623 2555 Kunstweik
1663 2494 1711 2554 aus
1756 2495 1831 2555 einem
1872 2495 1938 2555 Guß
1974 2494 2026 2554 und
2067 2491 2107 2551 ein
2138 2491 2315 2551 wundervoll

594 2494 635 2554 die
667 2494 878 2554 Hauptmann,
910 2494 1001 2554 Halbe
1038 2494 1070 2554 u.
1093 2494 1120 2554 a.
1153 2494 1198 2554 ein
1236 2494 1349 2554 scharfer
1382 2492 1441 2552 Be¬

596 2537 727 2597 ohachter
756 2537 842 2597 seiner
879 2536 947 2596 Zeil
975 2535 1029 2595 und
1062 2537 1153 2597 seines
1185 2535 1303 2595 Miliens
1331 2532 1340 2592 —

1464 2538 1622 2598 lebendiges
1652 2538 1752 2598 Abbild
1791 2538 1867 2598 einer
1888 2538 1978 2598 Welt,
2012 2536 2056 2596 die
2080 2538 2243 2598 dahinging,
2268 2533 2306 2593 die

598 2575 695 2635 Beruf
719 2580 765 2640 als
793 2580 862 2640 Arzt
891 2581 941 2641 gab
979 2580 1020 2640 ihm
1067 2580 1132 2640 tiefe
1165 2580 1295 2640 Einblicke
1323 2578 1336 2638 —
1384 2581 1588 2641 undebrach
1616 2583 1639 2643 in
1672 2581 1741 2641 einer
1769 2580 2025 2640 Weltkatastrophe.

600 2625 645 2685 hat
677 2625 713 2685 sie
741 2622 841 2682 ebenso
873 2622 964 2682 getren
1001 2622 1050 2682 wie
1073 2624 1137 2684 jene
1160 2624 1328 2684 dargestellt.
1370 2625 1442 2685 Aber

1535 2628 1698 2688 Schnitzlers
1713 2625 1803 2685 Name
1823 2625 1871 2685 und
1896 2628 1972 2688 Werk
1987 2625 2092 2685 werden
2112 2625 2227 2685 dauern.

597 2667 628 2727 er
655 2668 698 2728 sah
725 2667 765 2727 die
787 2667 875 2727 Dinge
902 2667 981 2727 durch
1008 2667 1047 2727 ein
1079 2667 1193 2727 anderes
1216 2667 1445 2727 Temperament.

602 2711 688 2771 Turch
720 2712 766 2772 das
789 2712 1007 2772 Temperament
1026 2712 1071 2772 des
1099 2712 1281 2772 leichtlebigen
1309 2712 1445 2772 Wieners,

602 2756 647 2816 der
688 2756 729 2816 sich
770 2756 806 2816 um
866 2756 915 2816 das
948 2756 1174 2816 Unabwendbare
1216 2754 1288 2814 keine
1329 2754 1438 2814 Sorgen

602 2798 709 2858 machen
743 2798 812 2858 will,
832 2798 897 2858 aber
921 2798 986 2858 über
1014 2800 1094 2860 dessen
1127 2799 1229 2859 ganzes
1258 2798 1351 2858 Wesen
1380 2798 1440 2858 doch

602 2843 706 2903 wieder
725 2843 783 2903 eine
802 2843 893 2903 leichte
911 2843 1097 2903 Melancholie
1116 2843 1248 2903 gebreitet
1266 2845 1307 2905 ist,
1330 2843 1393 2903 weil
1416 2843 1443 2903 er

600 2886 670 2946 jenes
702 2885 929 2945 Unabwendbare
960 2886 1036 2946 zwar
1072 2888 1142 2948 nicht
1170 2888 1289 2948 bewußt
1321 2885 1445 2945 erkennt,

597 2929 668 2989 aber
692 2929 754 2989 doch
783 2929 917 2989 instinktiv
946 2929 1037 2989 fühlt.

667 2974 720 3034 Auf
740 2973 789 3033 dem
823 2974 1009 3034 Hintergrund
1034 2971 1117 3031 dieses
1141 2972 1449 3032 Verfallsempfindens

605 3019 734 3079 verlieren
768 3019 806 3079 die
830 3019 921 3079 Dinge
950 3017 1007 3077 ihre
1032 3016 1175 3076 Schwere.
1229 3016 1267 3076 Es
1296 3019 1372 3079 lohnt
1397 3016 1439 3076 sich

601 3063 684 3123 nicht,
708 3064 745 3124 sie
774 3061 844 3121 allzu
882 3061 952 3121 ernst
980 3061 1008 3121 zu
1047 3060 1182 3120 nehmen.
1229 3059 1299 3119 Man
1338 3061 1445 3121 tändelt

605 3103 655 3163 mit
689 3106 786 3166 ihnen,
810 3105 959 3165 besonders
993 3103 1049 3163 mit
1077 3105 1128 3165 der
1152 3103 1231 3163 Liebe
1297 3106 1367 3166 Man
1400 3106 1446 3166 ge¬

600 3150 691 3210 nießt,
719 3147 791 3207 weil
824 3150 928 3210 anders
966 3148 1015 3208 das
1052 3147 1143 3207 Leben
1185 3148 1212 3208 zu
1253 3148 1335 3208 dumm
1386 3147 1440 3207 und

611 3195 704 3255 sinnkos
751 3195 848 3255 Würe,
891 3195 951 3255 man
1003 3193 1119 3253 genießt
1162 3191 1217 3251 mit
1255 3193 1343 3253 Gier,
1377 3192 1441 3252 aber

604 3239 652 3299 mit
688 3237 732 3297 der
768 3239 870 3299 Grazie
906 3238 981 3298 alter
1012 3237 1132 3297 Kultur.
1167 3235 1225 3295 Und
1265 3237 1309 3297 das
1345 3237 1447 3297 andere

607 3282 636 3342 ist
666 3282 739 3342 nicht
774 3282 798 3342 so
838 3282 955 3342 wichtig.
1010 3281 1161 3341 Schnitzler
1191 3281 1294 3341 freilich
1334 3279 1363 3339 ist
1398 3279 1446 3339 bei

598 3326 701 3386 alledem
748 3325 790 3385 ein
828 3326 959 3386 Kritiker,
988 3328 1016 3388 ja
1049 3324 1185 3384 zeitweise
1219 3323 1260 3383 ein
1299 3323 1449 3383 Ankläger.

602 3374 636 3434 In
691 3369 740 3429 der
790 3371 962 3431 „Liebelel",
997 3368 1026 3428 im
1086 3368 1332 3428 „Vermächtnis",
1373 3368 1441 3428 wird

600 3413 637 3473 die
666 3413 797 3473 doppelte
817 3413 915 3473 Moral
939 3412 962 3472 im
995 3413 1160 3473 Verhältnis
1188 3410 1235 3470 der
1254 3410 1451 3470 Geschlechter,

607 3458 671 3518 wird
706 3458 750 3518 die
775 3456 923 3516 Heuchelei
953 3455 1002 3515 der
1037 3457 1135 3517 „guten
1165 3455 1264 3515 Sitte"
1299 3455 1382 3515 scharf
1403 3458 1446 3518 ge¬

605 3503 710 3563 geißelt
731 3500 740 3560 —
793 3501 816 3561 im
856 3501 1024 3561 „Freiwild"
1054 3500 1121 3560 wird
1141 3500 1289 3560 Schnitzler
1314 3500 1362 3560 gar
1387 3500 1434 3560 zum

605 3544 786 3604 slammenden
823 3544 959 3604 Ankläger
996 3542 1041 3602 der
1074 3543 1292 3603 Herrenmoral,
1324 3544 1365 3604 die
1402 3543 1442 3603 die

605 3589 713 3649 Töchter
737 3589 784 3649 des
808 3589 901 3649 Volkes
935 3588 977 3648 als
1006 3587 1138 3647 bequeme
1162 3586 1326 3646 Lustobjelte
1350 3588 1449 3648 taxiert

609 3634 659 3694 und
695 3634 736 3694 die
759 3634 832 3694 Ehre
859 3631 900 3691 des
932 3631 1059 3691 Bürgers
1092 3632 1132 3692 als
1165 3631 1269 3691 minder
1297 3632 1374 3692 gegen
1406 3631 1446 3691 die

605 3676 652 3736 des
677 3678 811 3738 Ossiziers
840 3676 945 3736 schätzt.
975 3676 1051 3736 Aber
1075 3676 1161 3736 dieses
1186 3676 1272 3736 Stück
1291 3673 1363 3733 stellt
1387 3676 1444 3736 eine

609 3719 753 3779 einmalige
782 3720 940 3780 Ausnahme
974 3721 1039 3781 dar,
1067 3722 1090 3782 in
1123 3720 1169 3780 den
1202 3720 1296 3780 beiden
1329 3718 1440 3778 anderen
