3392 4256
191 276 269 336 12

593 282 809 342 itzle

939 279 957 339 s
1030 286 1259 346 Death

1481 288 1606 348 box
1678 291 1865 351 42/7

593 1192 1321 1252 OBSERVER

681 1267 708 1327 I.
723 1270 842 1330 österr.
856 1270 1003 1330 behördl.
1018 1273 1322 1333 konzessioniertes

633 1309 872 1369 Unternehmen
905 1312 951 1372 für
979 1314 1370 1374 Zeitungs-Ausschnitte

688 1371 835 1431 WIEN,
863 1372 917 1432 I.,
944 1375 1227 1435 WOLLZEILE
1275 1377 1321 1437 11

785 1424 1001 1484 TELEPHON
1040 1428 1212 1488 R-23-0-43

585 1563 810 1623 Ausschnitt
833 1568 928 1628 aus:

547 1801 760 1861 AUSSCHMNT
784 1805 861 1865 VON.

983 1861 1068 1921 22.
1095 1860 1188 1920 0KI.
1198 1867 1309 1927 1931

452 1980 745 2040 Königsberger
789 1984 952 2044 allgem.
979 1986 1143 2046 Zeitung.
1179 1983 1421 2043 Königsberg
1448 1985 1481 2045 I.
1500 1982 1559 2042 Pr.

826 2046 1178 2106 Morgen-Ausgabe

777 2223 1162 2283 /Arthur
1227 2226 1716 2286 Schnitzler

1788 2228 2096 2288 Wesen
2150 2233 2235 2293 und
2279 2231 2406 2291 Werk

732 2320 892 2380 Arthut
915 2323 1162 2383 Schnibder,
1177 2324 1220 2384 der
1242 2326 1358 2386 Wiener
1381 2329 1512 2389 Dichter,
1527 2329 1606 2389 dessen

1646 2330 1735 2390 selben
1773 2333 2071 2393 Gesellschaftsschicht
2103 2336 2374 2396 zusammensetzen.
2406 2338 2475 2398 Das
2513 2338 2592 2398 Pro¬

670 2357 733 2417 Tod
764 2359 817 2419 wir
847 2359 930 2419 heute
960 2360 984 2420 Im
1029 2363 1240 2423 Morcnblatt
1270 2365 1427 2425 meldeten,
1452 2365 1486 2425 ist
1511 2367 1535 2427 in
1570 2368 1614 2428 der

1648 2371 1919 2431 letariermädchen,
1943 2372 1989 2432 das
2022 2372 2068 2432 bei
2097 2374 2144 2434 dem
2191 2377 2345 2437 wirklichen
2378 2378 2579 2438 Naturalisten

674 2398 842 2458 Literatur,
861 2399 1038 2459 namentlich
1071 2401 1094 2461 in
1123 2401 1173 2461 der
1202 2402 1360 2462 Geschichte
1389 2404 1435 2464 der
1463 2407 1607 2467 vorletzten

1652 2405 1715 2465 auch
1743 2407 1788 2467 bei
1807 2408 1852 2468 dem
1893 2410 1997 2470 kühnen
2025 2411 2215 2471 Hauptmann
2248 2415 2306 2475 noch
2330 2416 2406 2476 Saft
2425 2416 2479 2476 und
2507 2418 2593 2478 Kraft

669 2436 873 2496 Generation,
888 2438 943 2498 eine
967 2440 1036 2500 ganz
1056 2440 1101 2500 fest
1121 2442 1274 2502 umrissene
1293 2444 1502 2504 Erscheinung.
1517 2446 1614 2506 Lange
1637 2446 1720 2506 hat,
1735 2447 1781 2507 das
1805 2449 1865 2509 eine
1889 2449 1995 2509 gelebte
2014 2452 2237 2512 Persönlichkeit
2252 2453 2307 2513 und
2331 2454 2382 2514 aus
2401 2455 2447 2515 dem
2485 2455 2586 2515 Milieu

672 2475 760 2535 schon,
784 2475 830 2535 ehe
855 2476 943 2536 diesen
981 2478 1230 2538 außerordentlich
1259 2481 1441 2541 fruchtbaren
1479 2482 1615 2542 Künstlei

1646 2484 1870 2544 transponierte
1904 2488 2076 2548 dichterische
2110 2490 2306 2550 Erscheinung
2340 2492 2392 2552 ist,
2426 2493 2488 2553 hier
2541 2493 2588 2553 bei

665 2511 717 2571 der
736 2513 793 2573 Tod
817 2514 841 2574 im
879 2516 965 2576 hohen
994 2517 1074 2577 Alter
1099 2516 1108 2576 —
1151 2519 1309 2579 Schnitzler
1333 2520 1366 2580 ist
1386 2520 1438 2580 fast
1457 2520 1485 2580 70
1510 2522 1609 2582 Jahre
1639 2522 1805 2582 Schnitzler
1839 2526 1905 2586 wird
1939 2526 1968 2586 es
2002 2526 2058 2586 nur
2092 2528 2116 2588 zu
2154 2529 2235 2589 einer
2259 2529 2421 2589 Arabeske,
2445 2531 2469 2591 zu
2507 2530 2583 2590 einer

670 2550 717 2610 alt
746 2553 894 2613 geworden
933 2551 946 2611 —
995 2554 1143 2614 erreichte,
1172 2554 1219 2614 hob
1258 2555 1301 2615 sich
1340 2558 1416 2618 durch
1454 2559 1497 2619 die
1531 2559 1612 2619 Fülle

1643 2562 1826 2622 körperlichen
1856 2565 1923 2625 oder
1943 2566 2074 2626 geistigen
2103 2570 2277 2630 Ergänzung
2302 2569 2394 2629 seiner
2413 2571 2587 2631 vornehmen

664 2591 762 2651 seiner
795 2592 925 2652 Dramen
967 2593 1023 2653 und
1060 2595 1149 2655 seiner
1182 2595 1321 2655 Romane
1354 2597 1405 2657 sein
1448 2598 1549 2658 Profil
1582 2598 1605 2658 in

1654 2601 1849 2661 Junglinge.

667 2628 719 2688 der
748 2629 839 2689 Reihe
863 2631 953 2691 seiner
983 2634 1179 2694 Zeitgenossen
1208 2634 1299 2694 scharf
1323 2635 1375 2695 ab.
1404 2637 1490 2697 Denn
1524 2637 1605 2697 neben

1698 2638 1872 2698 Schnitzlers
1897 2640 2046 2700 Menschen
2072 2643 2171 2703 spielen
2201 2646 2256 2706 mit
2271 2646 2315 2706 dem
2356 2646 2440 2706 Leben
2470 2647 2520 2707 und
2545 2648 2589 2708 der

662 2667 876 2727 Hermann
905 2668 1040 2728 Bahr,
1059 2669 1142 2729 neben
1166 2672 1278 2732 Hugo
1307 2672 1334 2732 v.
1353 2673 1586 2733 Hofmanns

1643 2674 1740 2734 Liebe.
1778 2675 1839 2735 Sie
1872 2678 1932 2738 sind
1966 2678 2087 2738 geboren
2130 2681 2186 2741 aus
2224 2682 2270 2742 der
2308 2686 2593 2746 Jahrhundertend¬

665 2707 760 2767 thal
789 2706 904 2766 gehörte
928 2708 1042 2768 Arthur
1072 2708 1229 2768 Schnitzler
1258 2711 1282 2771 zu
1316 2711 1363 2771 den
1393 2712 1545 2772 Dichtern,
1569 2714 1612 2774 die

1645 2712 1817 2772 stimmung,
1849 2714 1901 2774 und
1937 2716 2011 2776 kraft
2039 2717 2087 2777 des
2122 2720 2241 2780 Wiener
2268 2721 2414 2781 Charmes
2450 2723 2502 2783 und
2538 2724 2586 2784 der

670 2744 742 2804 zwar
774 2744 796 2804 in
828 2744 873 2804 der
901 2745 1041 2805 formalen
1073 2747 1245 2807 Gestaltung
1278 2750 1359 2810 ihrer
1387 2750 1481 2810 Kunst
1505 2750 1531 2810 in
1564 2750 1608 2810 der

1648 2753 1696 2813 seit
1715 2753 1960 2813 Jahrhunderten
1985 2756 2158 2816 gezüchteten
2188 2759 2303 2819 Wiener
2323 2763 2491 2823 Geistigkeit
2511 2765 2587 2825 ihres

672 2783 789 2843 Periode
813 2783 858 2843 des
886 2785 1123 2845 Naturalismus
1151 2786 1205 2846 und
1233 2786 1279 2846 der
1307 2789 1424 2849 sozialen
1453 2789 1612 2849 Probleme

1638 2789 1773 2849 Dichters
1812 2792 1902 2852 ziehen
1942 2792 1980 2852 sie
2014 2794 2038 2854 in
2082 2798 2265 2858 unendlichem
2318 2801 2414 2861 Zuge,
2444 2804 2496 2864 alle
2535 2804 2588 2864 wie

669 2822 841 2882 wurzelten,
861 2822 902 2882 die
931 2822 995 2882 aber
1019 2822 1070 2882 das
1099 2825 1154 2885 rein
1183 2825 1332 2885 Sachliche
1356 2828 1444 2888 dieser
1468 2828 1612 2888 Dramen,

1643 2827 1839 2887 Geschwister,
1859 2831 1901 2891 die
1926 2831 1969 2891 sich
1998 2834 2170 2894 unheimlich
2200 2837 2305 2897 ähnlich
2329 2839 2424 2899 sehen,
2445 2840 2497 2900 aus
2526 2840 2569 2900 dem

666 2861 720 2921 wie
748 2861 775 2921 es
802 2861 974 2921 namentlich
1007 2863 1197 2923 Sudermann
1229 2863 1274 2923 bis
1302 2864 1351 2924 zur
1379 2865 1469 2925 letzten
1506 2866 1596 2926 Konse

1642 2863 1728 2923 Leben
1765 2869 1993 2929 herausgeholt,
2016 2870 2084 2930 aber
2112 2873 2193 2933 durch
2226 2875 2271 2935 den
2308 2875 2421 2935 Dichter
2454 2878 2590 2938 veredelt,

666 2896 758 2956 quenz
785 2899 983 2959 durchführte,
1010 2899 1063 2959 nur
1094 2902 1257 2962 benutzten,
1280 2902 1315 2962 um
1360 2902 1421 2962 eine
1448 2905 1611 2965 bestimmte

1646 2900 1706 2960 über
1735 2902 1772 2962 die
1796 2905 1931 2965 Bretter,
1951 2908 1988 2968 die
2012 2909 2058 2969 für
2082 2911 2124 2971 ihn
2152 2911 2194 2971 die
2218 2913 2292 2973 Welt
2312 2915 2494 2975 bedeuteten.
2523 2917 2583 2977 Für

667 2937 780 2997 geistige
810 2938 961 2998 Haltung,
986 2938 1025 2998 ein
1060 2938 1197 2998 seelisches
1232 2941 1388 3001 Erlebnis,
1414 2941 1462 3001 das
1497 2941 1546 3001 für
1576 2944 1609 3004 sie

1638 2941 1795 3001 Schnitzler
1829 2944 1886 3004 sind
1920 2945 1972 3005 alle
2002 2948 2073 3008 diese
2107 2950 2250 3010 Anatoles
2284 2952 2355 3012 usw.
2380 2954 2465 3014 selbst
2490 2959 2580 3019 große

665 2973 768 3033 kypisch
793 2977 857 3037 war
882 2977 936 3037 und
966 2977 1010 3037 ihr
1035 2978 1246 3038 persönlichster
1272 2980 1424 3040 Ausdruck
1444 2983 1562 3043 wurde,
1578 2984 1607 3044 zu

1646 2980 1785 3040 Puppen,
1800 2983 1842 3043 die
1861 2983 1888 3043 er
1907 2983 1939 3043 an
1964 2986 2075 3046 feinen,
2090 2987 2281 3047 unsichtbaren
2310 2992 2455 3052 Schnüren
2478 2994 2576 3054 tanzen

665 3011 821 3071 benutzen.

1643 3019 1719 3079 läßt,
1739 3019 1796 3079 und
1825 3020 1916 3080 nichts
1945 3022 1978 3082 ist
2003 3025 2218 3085 bezeichnender
2243 3028 2285 3088 als
2315 3029 2396 3089 wenn
2425 3034 2583 3094 Schnitzler

717 3052 837 3112 Arthur
867 3052 1043 3112 Schnitzler,
1069 3055 1114 3115 der
1144 3055 1260 3115 Dichter
1296 3055 1340 3115 des
1376 3057 1597 3117 „Anatole“

1641 3057 1664 3117 in
1697 3057 1785 3117 seinem
1828 3060 2043 3120 „Paracelsus"
2077 3060 2161 3120 selbst
2185 3066 2297 3126 einmal
2321 3066 2395 3126 sagt:

665 3085 714 3145 des
749 3090 993 3150 „Freiwild"
1028 3089 1081 3149 und
1116 3092 1165 3152 des
1200 3095 1508 3155 „Vermächtnis

1671 3098 1724 3158 „..
1743 3096 1755 3156 .
1774 3096 1826 3156 Mit
1850 3099 2121 3159 Menschenseelen
2153 3102 2246 3162 spiele
2269 3103 2335 3163 ich.
2362 3105 2415 3165 Ein
2447 3108 2513 3168 Sinn

663 3126 710 3186 der
734 3129 853 3189 typische
873 3128 993 3188 Dichter
1017 3129 1060 3189 der
1080 3131 1252 3191 anmutigen
1281 3134 1396 3194 Wiener
1421 3135 1602 3195 Impression

1677 3129 1754 3189 Wird
1781 3132 1836 3192 nur
1862 3135 1918 3195 von
1948 3138 1999 3198 dem
2038 3138 2214 3198 gefunden,
2232 3141 2279 3201 der
2305 3141 2347 3201 ihn
2378 3145 2481 3205 sucht.

667 3165 722 3225 und
760 3165 904 3225 eigentlich
941 3168 1001 3228 noch
1039 3168 1122 3228 mehr
1155 3170 1201 3230 der
1229 3172 1396 3232 Dekadenz.
1429 3174 1512 3234 Das,
1541 3173 1601 3233 was

1673 3168 1712 3228 Es
1734 3171 1841 3231 fließen
1872 3174 2052 3234 ineinander
2083 3179 2177 3239 Traum
2216 3181 2267 3241 und
2302 3183 2448 3243 Wachen,

667 3202 765 3262 früher
790 3204 824 3264 um
864 3205 912 3265 der
937 3207 1055 3267 sozialen
1085 3210 1158 3270 Nöte
1183 3210 1276 3270 willen
1311 3213 1433 3273 geschah,
1453 3212 1501 3272 das
1536 3213 1600 3273 wird

1681 3209 1836 3269 Wahrheit
1863 3212 1916 3272 und
1947 3216 2044 3276 Lüge.
2076 3218 2248 3278 Sicherheit
2271 3221 2311 3281 ist
2333 3225 2492 3285 nirgends.

665 3240 724 3300 setzt
751 3243 778 3303 zu
820 3243 901 3303 einer
938 3246 1038 3306 müden
1075 3248 1316 3308 aristokratischen
1353 3248 1516 3308 Dichtung,
1549 3250 1603 3310 und

1680 3246 1738 3306 Wir
1763 3248 1867 3308 wissen
1897 3252 1996 3312 nichts
2026 3253 2080 3313 von
2110 3257 2243 3317 andern,
2260 3259 2360 3319 nichts
2389 3261 2443 3321 von
2477 3266 2543 3326 uns.

662 3280 711 3340 das
743 3281 924 3341 Geheimnis
956 3282 1001 3342 des
1034 3284 1143 3344 Lebens
1198 3287 1256 3347 und
1288 3287 1383 3347 damit
1411 3287 1478 3347 auch
1529 3288 1605 3348 seine

1676 3285 1736 3345 Wir
1762 3289 1873 3349 spielen
1904 3293 2028 3353 immer;
2050 3293 2105 3353 wer
2131 3293 2161 3353 es
2187 3296 2277 3356 weiß,
2295 3298 2337 3358 ist
2359 3301 2449 3361 klug.

667 3320 824 3380 Tragödie,
844 3320 878 3380 ist
898 3323 1045 3383 schließlich
1071 3323 1114 3383 bei
1135 3325 1296 3385 Schnitzler
1321 3324 1375 3384 nur
1400 3326 1439 3386 die
1464 3326 1596 3386 Tatsache

1693 3326 1806 3386 Gerade
1834 3329 1901 3389 diese
1929 3332 2014 3392 Verse
2042 3335 2128 3395 zeigen
2160 3335 2223 3395 auch
2251 3336 2296 3396 den
2328 3341 2445 3401 müden,
2464 3342 2577 3402 unend¬

658 3357 715 3417 daß
749 3359 791 3419 die
820 3359 973 3419 Illusion,
997 3362 1040 3422 die
1069 3362 1116 3422 sich
1146 3364 1222 3424 seine
1251 3364 1356 3424 Helden
1409 3365 1466 3425 vom
1509 3365 1595 3425 Leben

1638 3364 1719 3424 lichen
1752 3368 1970 3428 Skeptizismus
1997 3371 2079 3431 eines
2106 3374 2256 3434 Dichters,
2275 3377 2320 3437 der
2348 3379 2397 3439 von
2425 3380 2474 3440 der
2498 3383 2579 3443 pessi¬

654 3395 794 3455 machen,
813 3398 848 3458 an
881 3398 930 3458 der
958 3401 1161 3461 Wirklichkeit,
1184 3402 1215 3462 an
1252 3402 1297 3462 der
1329 3404 1428 3464 Macht
1456 3404 1501 3464 der
1533 3404 1591 3464 Tat

1636 3404 1784 3464 mistischen
1822 3406 2013 3466 Philosophie
2047 3407 2093 3467 der
2136 3413 2275 3473 achtziger
2317 3415 2373 3475 und
2420 3421 2578 3481 neunziger

662 3434 743 3494 sachen
778 3437 926 3497 zerschellt.
956 3437 998 3497 So
1023 3437 1056 3497 ist
1081 3439 1104 3499 es
1134 3440 1186 3500 mit
1210 3440 1301 3500 seinem
1340 3442 1446 3502 Zyklus
1475 3442 1575 3502 „Ana

1641 3441 1731 3501 Jahre
1763 3442 1836 3502 stark
1864 3445 2082 3505 durchdrungen
2124 3448 2187 3508 war
2219 3450 2274 3510 und
2306 3452 2369 3512 der,
2397 3455 2479 3515 völlig
2511 3457 2579 3517 ent¬

662 3475 786 3535 tole",
801 3475 857 3535 mit
877 3477 962 3537 seinem
1006 3478 1215 3538 „Reigen",
1235 3478 1292 3538 mit
1311 3478 1402 3538 seinen
1431 3479 1573 3539 „Leben

1634 3476 1717 3536 fernt
1741 3479 1787 3539 von
1820 3481 1866 3541 dem
1904 3484 2007 3544 starken
2040 3486 2189 3546 religiösen
2217 3490 2329 3550 Gefühl
2348 3492 2432 3552 Hugo
2460 3494 2487 3554 v.
2507 3496 2581 3556 Hof¬

686 3514 776 3574 igen
817 3514 1054 3574 Stunden",
1081 3517 1135 3577 und
1168 3517 1245 3577 ganz
1277 3517 1427 3577 besonders
1464 3518 1591 3578 charakte

1635 3517 1842 3577 mannsthals,
1869 3520 1930 3580 auch
1961 3520 1987 3580 in
2023 3524 2150 3584 späteren
2186 3527 2295 3587 Jahren
2331 3529 2405 3589 nicht
2432 3534 2476 3594 den
2512 3534 2573 3594 An¬

662 3550 761 3610 ristisch
789 3552 842 3612 sind
870 3553 933 3613 auch
961 3555 1033 3615 seine
1056 3556 1310 3616 Romanfiguren,
1329 3556 1397 3616 allen
1429 3558 1515 3618 voran
1547 3556 1596 3616 sein

1636 3554 1719 3614 schluß
1748 3556 1775 3616 an
1804 3558 1864 3618 eine
1883 3559 1952 3619 neue
1976 3562 2069 3622 Ethik,
2083 3562 2115 3622 an
2139 3562 2180 3622 die
2204 3565 2288 3625 neuen
2312 3569 2441 3629 sittlichen
2470 3574 2572 3634 Kräfte

664 3589 831 3649 berühmter
855 3592 1088 3652 „Leutnant
1111 3593 1260 3653 Gustl“.
1288 3595 1353 3655 Für
1377 3595 1530 3655 Schnitzler
1558 3593 1586 3653 be

1629 3594 1715 3654 eines
1741 3595 1826 3655 völlig
1852 3598 2041 3658 veränderten
2072 3601 2192 3661 Europa
2218 3604 2312 3664 finden
2342 3609 2453 3669 konnte.

660 3628 759 3688 deutet
777 3628 932 3688 tatsächlich
960 3631 1118 3691 Dichtung,
1137 3632 1300 3692 Dichtkunst
1323 3633 1378 3693 und
1401 3633 1600 3693 dramatisches

1688 3631 1767 3691 Aber
1785 3634 1860 3694 nicht
1878 3636 1931 3696 nur
1953 3636 2041 3696 wegen
2068 3639 2156 3699 seiner
2174 3642 2360 3702 bedeutenden
2382 3648 2568 3708 feinfühligen

657 3663 784 3723 Erleben
815 3666 859 3726 die
886 3666 992 3726 Flucht
1019 3669 1071 3729 aus
1098 3669 1146 3729 dem
1191 3671 1402 3731 bürgerlichen,
1429 3670 1473 3730 dem
1517 3668 1605 3728 nüch¬

1630 3669 1743 3729 Kunst,
1757 3669 1870 3729 sondern
1902 3673 1960 3733 auch
1988 3675 2028 3735 als
2056 3674 2096 3734 ein
2120 3676 2251 3736 Symbol
2269 3680 2314 3740 der
2337 3686 2563 3746 österreichischen

662 3703 757 3763 ternen
791 3702 881 3762 Leben
915 3704 938 3764 in
977 3706 1014 3766 ein
1054 3708 1310 3768 geheimnisvolles
1340 3708 1597 3768 gesellschaftliches
1631 3707 1750 3767 Kultur
1774 3708 1792 3768 in
1818 3709 1893 3769 einer
1918 3711 2089 3771 bestimmten
2118 3716 2208 3776 Phase
2228 3718 2294 3778 wird
2319 3722 2428 3782 Arthur
2447 3725 2576 3785 Schnitz¬

659 3744 901 3804 ereignisreiches
928 3747 1017 3807 Spiel
1044 3747 1091 3807 der
1118 3747 1307 3807 menschlichen
1344 3747 1460 3807 Kräfte,
1482 3747 1523 3807 die
1550 3746 1597 3806 sich
1629 3746 1681 3806 ler
1697 3747 1786 3807 seinen
1809 3748 1892 3808 Platz
1909 3750 1929 3810 in
1956 3750 2003 3810 der
2019 3752 2171 3812 Geschichte
2193 3756 2235 3816 der
2257 3758 2393 3818 deutschen
2414 3765 2577 3825 Literatur,

641 3786 698 3846 bei
720 3786 762 3846 ihm
805 3786 963 3846 allerdings
990 3788 1043 3848 fast
1065 3789 1271 3849 ausschließlich
1303 3789 1356 3849 aus
1383 3789 1420 3849 ein
1452 3786 1504 3846 und
1532 3786 1595 3846 der¬
1632 3787 1690 3847 wie
1712 3788 1737 3848 er
1759 3788 1802 3848 ihn
1829 3790 1871 3850 sich
1898 3792 1998 3852 schnell
2014 3795 2205 3855 erarbeitete,
2221 3797 2284 3857 auch
2306 3801 2454 3861 behalten,
2486 3807 2538 3867 ba.
