3392 4352
260 207 297 267 to
329 210 466 270 Heart
498 213 636 273 Attack
681 216 812 276 While

327 287 527 347 Working
562 291 608 351 on
649 291 749 351 Play

288 389 401 449 (Speclal
414 392 434 452 to
451 392 501 452 The
518 393 570 453 New
594 395 654 455 York
674 397 800 457 Revlew.)

206 439 359 499 Vienna,
387 443 457 503 Oct.
477 445 676 505 23.—Arthur
704 449 892 509 Schnitzler,

188 481 309 541 mous
336 482 541 542 playwright,
565 488 633 548 poet
656 490 713 550 and
744 491 892 551 novelist,

189 521 252 581 died
285 524 345 584 this
377 526 455 586 week
490 527 522 587 of
551 527 561 587 a
593 530 685 590 heart
710 531 830 591 stroke,
852 533 887 593 at

180 562 219 622 (he
248 564 304 624 age
328 565 360 625 of
380 565 428 625 69.
465 566 525 626 For
549 568 597 628 the
626 571 685 631 last
706 571 766 631 two
794 574 886 634 years

178 604 212 664 be
247 606 304 666 had
344 610 479 670 suffered
521 610 586 670 from
637 613 729 673 heart
765 615 883 675 disease

177 646 229 706 but
252 648 285 708 he
312 649 367 709 had
398 651 454 711 not
477 652 603 712 allowed
634 654 656 714 it
679 655 705 715 to
735 658 884 718 interfere

181 688 245 748 with
285 691 332 751 his
369 691 472 751 work.
520 694 579 754 Dr.
607 697 782 757 Schnitzler
822 700 886 760 was

179 731 315 791 stricken
344 733 433 793 while
458 736 590 796 working
619 739 651 799 on
680 739 726 799 the
751 739 816 799 last
834 742 887 802 act

175 771 199 831 of
224 773 274 833 the
303 776 369 836 play
402 774 480 834 “The
510 777 580 837 Call
601 778 633 838 of
655 780 753 840 Life."
783 783 877 843 which

175 813 209 873 he
233 816 286 876 had
314 816 364 876 set
383 819 514 879 himself
534 819 560 879 to
584 820 722 880 rewrite.
750 822 795 882 He
819 825 884 885 was

178 858 266 918 found
300 858 381 918 lying
419 861 627 921 unconscious
660 863 690 923 on
724 865 775 925 the
809 867 883 927 floor

170 900 202 960 by
235 900 282 960 his
315 901 474 961 secretary
510 903 565 963 and
605 906 666 966 was
695 907 815 967 carried
851 909 880 969 to

178 942 221 1002 his
266 942 340 1002 bed.
385 945 432 1005 He
478 945 569 1005 never
614 948 758 1008 regained
807 950 880 1010 con¬

173 983 379 1043 sciousness.

211 1028 415 1088 Schnitzler's
451 1028 537 1088 fame
573 1030 635 1090 was
675 1034 887 1094 world-wide,

175 1069 232 1129 and
270 1070 316 1130 his
351 1070 510 1130 principal
553 1073 652 1133 works
695 1076 751 1136 had
801 1076 873 1136 been

173 1111 342 1171 translated
410 1113 476 1173 into
539 1115 628 1175 many
691 1119 887 1179 languages.

171 1150 291 1210 Shortly
322 1153 426 1213 before
457 1153 503 1213 his
531 1156 616 1216 death
651 1159 682 1219 he
713 1159 778 1219 was
802 1159 879 1219 con¬

170 1193 307 1253 sidering
363 1195 377 1255 a
437 1198 615 1258 suggestion
676 1198 708 1258 of
761 1201 872 1261 Joseph

175 1234 380 1294 Schildkraut
420 1237 491 1297 that
531 1237 566 1297 he
610 1238 696 1298 write
736 1240 787 1300 for
827 1241 878 1301 the

172 1279 289 1339 talking
321 1279 424 1339 films.

207 1321 325 1381 Arthur
362 1324 535 1384 Schnitzler
567 1324 631 1384 was
659 1326 672 1386 a
709 1330 872 1390 physician

172 1362 228 1422 and
261 1362 277 1422 a
314 1364 484 1424 Viennese.
530 1365 578 1425 He
611 1368 758 1428 acquired
795 1368 859 1428 from

169 1401 220 1461 one
248 1401 312 1461 role
336 1402 347 1462 a
379 1404 589 1464 combination
621 1407 653 1467 of
677 1407 879 1467 intelleotual

170 1444 324 1504 aloofness
353 1446 410 1506 and
439 1446 451 1506 a
488 1449 565 1509 warm
606 1449 794 1509 sympathy,
810 1452 871 1512 and

171 1488 235 1548 from
274 1488 319 1548 the
343 1488 426 1548 other
446 1490 457 1550 a
480 1491 655 1551 somewhat
675 1494 880 1554 paradoxical

175 1528 259 1588 union
300 1532 332 1592 of
361 1533 543 1593 brightness
580 1533 648 1593 with
685 1535 717 1595 an
758 1537 870 1597 under¬

174 1571 299 1631 current
337 1574 370 1634 of
404 1574 616 1634 melancholy.
654 1577 700 1637 He
742 1577 804 1637 was
842 1580 875 1640 of

170 1613 279 1673 Jewish
320 1616 494 1676 extraction
531 1619 608 1679 and,
637 1621 786 1681 spending
823 1622 871 1682 his

171 1655 221 1715 life
250 1657 279 1717 in
309 1658 341 1718 an
375 1661 591 1721 anti-Semitic
625 1661 700 1721 clty,
725 1664 787 1724 was
817 1664 871 1724 ex¬

172 1700 260 1760 posed
285 1700 313 1760 to
337 1701 430 1761 abuse
455 1703 511 1763 and
541 1703 703 1763 criticism.
739 1706 796 1766 His
820 1705 872 1765 oc¬

171 1741 311 1801 casional
341 1744 506 1804 pessimism
555 1747 688 1807 perhaps
721 1747 810 1807 came
839 1747 870 1807 to

165 1783 215 1843 him
256 1786 324 1846 from
366 1786 452 1846 these
485 1786 699 1846 experiences.

199 1825 247 1885 He
274 1825 336 1885 was
363 1825 434 1885 born
465 1828 491 1888 in
523 1828 638 1888 Vienna
665 1829 700 1889 on
732 1831 798 1891 May
830 1832 878 1892 15,

175 1867 254 1927 1862,
283 1868 311 1928 in
349 1869 437 1929 what
466 1870 494 1930 is
527 1870 583 1930 now
630 1873 723 1933 called
761 1873 873 1933 Prater

167 1909 292 1969 Street.
333 1912 393 1972 His
426 1912 531 1972 father
564 1911 624 1971 was
657 1912 669 1972 a
706 1915 867 1975 physician

164 1950 252 2010 much
289 1952 313 2012 in
346 1953 434 2013 favor
463 1953 531 2013 with
568 1953 616 2013 the
645 1953 725 2013 stars
758 1954 790 2014 of
815 1956 867 2016 the

170 1993 257 2053 opera
284 1994 340 2054 and
364 1995 485 2055 theatre
508 1995 561 2055 and
588 1995 637 2055 the
661 1995 873 2055 aristocracy;

167 2036 199 2096 an
240 2037 356 2097 editor,
385 2038 397 2098 a
438 2037 595 2097 professor
632 2037 689 2097 and
730 2040 782 2100 the
819 2037 867 2097 re¬

164 2079 276 2139 cipent
310 2076 339 2136 of
377 2079 493 2139 foreign
539 2079 751 2139 decorations.
802 2082 864 2142 The

162 2118 218 2178 son
259 2121 327 2181 grew
376 2120 412 2180 up
453 2121 481 2181 in
523 2123 554 2183 an
595 2124 798 2184 atmosphere
839 2124 866 2184 of

163 2161 276 2221 luxury
299 2162 353 2222 and
381 2162 521 2222 followed
549 2164 599 2224 the
622 2165 717 2225 usual
736 2166 812 2226 lines
836 2165 867 2225 of

160 2204 346 2264 education.
397 2207 446 2267 He
483 2206 651 2266 graduated
692 2207 760 2267 from
815 2207 865 2267 the

163 2246 335 2306 Academic
375 2249 566 2309 Gymnasium
619 2249 646 2309 in
690 2249 779 2309 1879,
810 2252 867 2312 and

162 2289 235 2349 then
261 2288 342 2348 went
364 2291 390 2351 to
416 2291 463 2351 the
489 2291 665 2351 University
696 2291 721 2351 of
748 2293 859 2353 Vienna

155 2330 196 2390 as
219 2331 228 2391 a
260 2333 392 2393 student
415 2333 447 2393 of
470 2333 634 2393 medicine,
653 2333 789 2393 winning
817 2335 862 2395 his

164 2371 277 2431 degree
302 2374 325 2434 in
356 2374 439 2434 1885.

194 2414 323 2474 Always
354 2416 522 2476 interested
562 2418 583 2478 in
618 2416 669 2476 the
700 2418 756 2478 life
791 2419 821 2479 of
847 2420 860 2480 a

162 2458 346 2518 physician,
360 2458 480 2518 despite
502 2461 548 2521 his
570 2459 647 2519 later
669 2460 870 2520 withdrawal

163 2498 228 2558 from
266 2503 303 2563 it,
322 2503 495 2563 Schnitzler
524 2503 612 2563 spent
636 2503 682 2563 the
711 2503 785 2563 next
804 2503 850 2563 few

163 2541 253 2601 years
277 2544 300 2604 in
324 2544 448 2604 various
469 2544 594 2604 clinics.
626 2544 703 2604 Once
727 2544 762 2604 he
786 2544 868 2604 went

164 2586 193 2646 to
215 2586 335 2646 London
361 2586 386 2646 to
413 2586 498 2646 study
524 2586 666 2646 hospital
679 2586 872 2646 conditions.

164 2628 209 2688 He
247 2626 309 2686 was
347 2628 372 2688 in
414 2628 551 2688 addition
593 2628 605 2688 a
643 2628 792 2688 reviewer
834 2629 863 2689 of

165 2670 333 2730 medicinal
365 2670 459 2730 books
490 2670 545 2730 and
581 2670 616 2730 an
656 2670 753 2730 editor
785 2670 816 2730 of
848 2673 859 2733 a

162 2712 299 2772 medical
316 2712 445 2772 journal
462 2712 591 2772 founded
621 2712 654 2772 by
679 2714 724 2774 his
750 2715 854 2775 father

162 2753 203 2813 Of
225 2755 283 2815 late
304 2753 391 2813 years
417 2756 500 2816 there
526 2756 634 2816 sprang
659 2756 697 2816 up
718 2756 730 2816 a
756 2756 860 2816 legend

164 2796 245 2856 that,
272 2798 448 2858 regardless
483 2798 517 2858 of
548 2798 595 2858 his
626 2798 707 2858 fame
742 2798 772 2858 in
807 2796 862 2856 an¬

159 2840 247 2900 other
276 2838 361 2898 fleld,
382 2840 417 2900 he
442 2840 511 2900 still
536 2840 689 2900 practiced
718 2840 770 2900 the
795 2839 863 2899 arts

158 2882 187 2942 of
213 2882 258 2942 his
284 2882 393 2942 carlier
422 2882 506 2942 love;
532 2882 603 2942 that
624 2882 649 2942 is
679 2882 804 2942 wrong;
826 2882 863 2942 he

160 2922 221 2982 left
248 2923 420 2983 medieine,
447 2924 521 2984 save
553 2924 601 2984 for
637 2924 685 2984 his
721 2926 857 2986 undying

155 2963 296 3023 interest
315 2965 337 3025 in
365 2965 402 3025 it,
420 2965 516 3025 thirty
539 2964 630 3024 years
654 2965 726 3025 ago.

194 3007 253 3067 His
277 3007 402 3067 literary
430 3007 650 3067 compositions
677 3007 760 3067 trace
788 3010 858 3070 back

158 3049 189 3109 to
214 3049 262 3109 the
283 3050 340 3110 age
364 3049 392 3109 of
417 3051 441 3111 9,
461 3049 542 3109 when
571 3049 603 3109 he
632 3049 725 3109 wrote
746 3050 757 3110 a
786 3048 862 3108 five¬

154 3091 210 3151 act
243 3094 388 3154 tragedy.
437 3091 497 3151 The
534 3091 603 3151 first
636 3091 724 3151 items
761 3092 789 3152 to
826 3091 858 3151 be

161 3132 338 3192 published,
354 3132 515 3192 however,
527 3133 676 3193 appeared
704 3134 727 3194 in
751 3132 763 3192 a
791 3135 861 3195 con¬

154 3174 316 3234 servative
346 3176 441 3236 paper
475 3174 500 3234 in
538 3174 679 3234 Munich,
705 3174 788 3234 when
822 3177 859 3237 he

159 3216 223 3276 was
252 3216 300 3276 18.
341 3216 401 3276 His
434 3216 551 3276 studies
584 3216 750 3276 interfered
787 3219 855 3279 with

156 3258 220 3318 this
250 3258 314 3318 kind
348 3258 380 3318 of
404 3258 484 3318 work
512 3259 564 3319 for
588 3259 629 3319 six
658 3259 765 3319 years.
804 3261 864 3321 His

150 3303 234 3363 n#xt
253 3300 309 3360 bow
342 3300 369 3360 to
393 3302 444 3362 the
463 3303 565 3363 public
589 3301 649 3361 was
673 3303 705 3363 as
729 3303 780 3363 the
804 3303 859 3363 au¬

185 3344 226 3404 gor
252 3344 285 3404 of
306 3344 318 3404 a
348 3344 440 3404 letter
465 3344 490 3404 to
520 3344 552 3404 an
582 3344 695 3404 editor.
733 3344 799 3404 But
821 3342 854 3402 by

186 3383 223 3443 90
257 3384 290 3444 he
319 3386 386 3446 was
416 3386 486 3446 well
512 3386 645 3446 started.
683 3384 733 3444 He
763 3384 858 3444 wrote

177 3428 278 3488 ems,
301 3428 491 3488 novelettes,
514 3428 647 3488 riddles,
669 3428 767 3488 about
794 3428 860 3488 half

215 3470 283 3530 them
330 3470 418 3530 being
457 3470 579 3530 poems,
602 3470 713 3530 mostly
752 3470 855 3530 signed

187 3512 312 3572 Anatol."
357 3512 437 3572 They
466 3512 539 3572 were
564 3515 587 3575 in
616 3512 745 3572 general
766 3515 855 3575 songs

206 3553 406 3613 disillusion.

191 3595 251 3655 His
280 3598 348 3658 first
377 3597 470 3657 book,
495 3598 653 3658 "Anatol,"
686 3596 746 3656 was
779 3595 855 3655 pub-

175 3638 251 3698 hed
289 3637 313 3697 in
354 3637 435 3697 1893.
484 3638 557 3698 This
590 3640 614 3700 is
647 3638 663 3698 a
700 3637 797 3697 series
830 3638 862 3698 of

172 3679 317 3739 Retches,
350 3679 438 3739 seven
483 3679 507 3739 in
552 3679 698 3739 number,
730 3680 851 3740 dealing

184 3720 223 3780 th
255 3720 306 3780 the
330 3720 396 3780 love
421 3720 530 3780 affairs
558 3720 585 3780 of
609 3721 621 3781 a
649 3720 865 3780 philanderer.

205 3765 270 3825 was
296 3763 458 3823 favorably
487 3762 623 3822 received
656 3764 689 3824 by
719 3762 803 3822 most
825 3765 858 3825 of

170 3804 206 3864 e
230 3804 352 3864 critics,
369 3807 515 3867 although
544 3806 568 3866 it
588 3804 637 3864 did
666 3804 718 3864 not
739 3804 860 3864 attract

184 3846 244 3906 eat
272 3847 446 3907 attention,
469 3847 526 3907 and
561 3849 599 3909 its
633 3847 789 3907 triumphs
820 3849 850 3909 on

181 3891 203 3951 e
229 3890 331 3950 stages
358 3888 387 3948 of
406 3891 528 3951 Europe
554 3888 609 3948 and
635 3889 775 3949 America
801 3890 852 3950 had

192 3930 284 3990 wait
305 3932 390 3992 until
411 3932 475 3992 1910
500 3932 556 3992 and
589 3930 670 3990 1911.
707 3929 779 3989 Like
808 3932 856 3992 the

171 3975 239 4035 st,
266 3974 319 4034 the
357 3971 546 4031 publication
589 3971 619 4031 of
657 3973 702 4033 his
740 3971 850 4031 second

181 4017 243 4077 ay,
269 4014 335 4074 “The
360 4013 447 4073 Fairy
477 4016 572 4076 Tale,"
594 4013 652 4073 had
677 4013 702 4073 to
727 4013 760 4073 be
786 4015 852 4075 paid

170 4058 201 4118 pr
237 4056 276 4116 by
316 4058 461 4118 himself.
509 4056 540 4116 It
576 4055 638 4115 was
674 4057 689 4117 a
730 4055 863 4115 failure.

175 4100 445 4160 Light-o'-Love."
472 4100 565 4160 which
592 4098 653 4158 was
680 4099 848 4159 performed

172 4141 223 4201 rst
258 4141 284 4201 in
327 4141 409 4201 1895,
440 4141 538 4201 firmly
578 4141 767 4201 established
806 4141 853 4201 his

172 4180 328 4240 putétion
354 4183 389 4243 as
411 4184 445 4244 an
467 4183 597 4243 author.

1092 458 1344 518 crrespondañts
1373 458 1452 518 dans
1476 458 1583 518 toutes
1607 458 1653 518 les
1677 458 1817 518 grandes
1841 458 1949 518 villes.

1091 575 1134 635 ut
1161 577 1198 637 du
1231 577 1403 637 Journal:

1086 675 1182 735 sse:

1856 773 1964 833 1931

1194 877 1497 937 Writes
1595 879 1831 939 Call
1881 880 1949 940 to
2022 879 2208 939 Life

1175 1022 1379 1082 And
1457 1022 1753 1082 Death
1819 1025 2345 1085 Summons

1109 1158 1204 1218 End
1249 1156 1300 1216 of
1337 1153 1829 1213 Arthur-Sehnitzler,
1860 1156 2080 1216 Viennese
2125 1156 2330 1216 Author,
2353 1159 2396 1219 as

1212 1222 1443 1282 Dramatic
1479 1220 1520 1280 as
1563 1219 1788 1279 Anything
1831 1222 1893 1282 He
1936 1222 2048 1282 Ever
2084 1222 2302 1282 Narrated

1497 1283 1536 1343 in
1576 1285 1653 1345 His
1687 1285 2008 1345 Masterpieces

1197 1367 1321 1427 Called
1350 1368 1389 1428 by
1424 1368 1525 1428 death
1559 1368 1599 1428 as
1622 1368 1661 1428 he
1690 1368 1763 1428 was
1786 1370 1927 1430 writing
1957 1371 2012 1431 his
2036 1371 2137 1431 "Call
2160 1374 2188 1434 to
2217 1374 2312 1434 Life.

1204 1416 1268 1476 For
1299 1416 1439 1476 Arthur
1469 1418 1675 1478 Schnitzler
1705 1416 1745 1476 an
1786 1418 1845 1478 end
1881 1419 1920 1479 as
1951 1419 2131 1479 dramatic
2162 1422 2201 1482 as
2232 1423 2407 1483 anything

1113 1466 1157 1526 he
1188 1464 1268 1524 ever
1299 1467 1445 1527 penned
1481 1465 1510 1525 in
1546 1466 1606 1526 the
1642 1467 1788 1527 literary
1823 1469 2084 1529 masterpieces
2116 1470 2201 1530 that
2232 1470 2301 1530 won
2342 1472 2397 1532 him

1113 1517 1335 1577 recognition
1392 1515 1433 1575 as
1481 1515 1661 1575 Austria’s
1708 1517 1853 1577 leading
1910 1518 2195 1578 contemporary
2247 1519 2422 1579 novelist,

1113 1562 1339 1622 playwright
1375 1562 1446 1622 and
1487 1562 1592 1622 poet.

1160 1612 1202 1672 At
1235 1611 1294 1671 his
1327 1610 1407 1670 desk
1446 1613 1472 1673 in
1516 1610 1574 1670 his
1607 1612 1742 1672 Vienna
1786 1616 1877 1676 songs
1904 1616 1936 1676 of
1964 1616 2223 1676 disillusionment
2250 1619 2309 1679 and
2342 1619 2406 1679 mos

1111 1660 1245 1720 library
1284 1661 1533 1721 Wednesday,
1560 1661 1744 1721 rewriting
1788 1653 1864 1713 were
1886 1654 1988 1714 signed
2016 1655 2161 1715 "Anatol.

1963 1692 2018 1752 His
2050 1692 2131 1752 First
2157 1694 2233 1754 Play

1110 1709 1170 1769 the
1201 1709 1271 1769 last
1297 1707 1357 1767 act
1383 1706 1423 1766 of
1449 1709 1504 1769 his
1530 1709 1636 1769 play,
1657 1708 1747 1768 “The

1817 1735 1961 1795 "Anatol"
1989 1738 2050 1798 also
2073 1739 2134 1799 was
2158 1739 2204 1799 the
2233 1741 2297 1801 title
2321 1741 2353 1801 of
2373 1741 2419 1801 his

1107 1748 1178 1808 Call
1227 1750 1260 1810 of
1304 1750 1399 1810 Life,"
1453 1750 1500 1810 the
1553 1753 1745 1813 69-year-old

1782 1775 1851 1835 first
1884 1774 1954 1834 play
1992 1774 2150 1834 published
2193 1777 2216 1837 in
2263 1777 2342 1837 1893.
2389 1777 2421 1837 It

1107 1794 1295 1854 Schnitzler,
1320 1795 1415 1855 whose
1450 1795 1541 1855 works
1571 1795 1646 1855 have
1675 1797 1746 1857 been

1778 1812 1927 1872 consisted
1957 1813 1986 1873 of
2011 1813 2094 1873 seven
2124 1814 2282 1874 sketches,
2299 1816 2415 1876 dealing

1107 1837 1273 1897 translated
1322 1840 1388 1900 into
1432 1841 1527 1901 many
1571 1843 1756 1903 languages,
1786 1848 1852 1908 with
1886 1850 1938 1910 the
1972 1850 2158 1910 adventures
2188 1852 2220 1912 of
2250 1852 2263 1912 a
2297 1854 2421 1914 philan¬

1106 1882 1167 1942 was
1194 1882 1325 1942 stricken
1365 1885 1431 1945 with
1467 1885 1480 1945 a
1511 1885 1603 1945 heart
1630 1887 1753 1947 attack.
1785 1887 1885 1947 derer.
1926 1888 1987 1948 The
2018 1888 2088 1948 book
2124 1888 2181 1948 was
2208 1891 2339 1951 received
2375 1890 2419 1950 fa¬

1108 1929 1150 1989 He
1192 1927 1257 1987 died
1304 1929 1433 1989 without
1471 1930 1628 1990 regaining
1675 1929 1749 1989 con-
1783 1927 1903 1987 vorably
1936 1925 1968 1985 by
1997 1926 2047 1986 the
2075 1928 2177 1988 critics
2206 1930 2261 1990 but
2289 1930 2349 1990 won
2382 1931 2419 1991 no

1103 1962 1284 2022 sciousness

1780 1963 1866 2023 great
1896 1962 2008 2022 acclaim
2052 1965 2133 2025 until
2164 1965 2224 2025 1910
2255 1968 2315 2028 and
2350 1969 2431 2029 1911,

1145 1998 1179 2058 In
1215 1999 1265 2059 his
1295 2003 1440 2063 passing,
1466 2001 1516 2061 the
1552 2002 1606 2062 film
1652 2002 1742 2062 world
1783 1996 1862 2056 when
1898 2000 1918 2060 it
1943 2001 2114 2061 triumphed
2144 2003 2174 2063 on
2205 2004 2254 2064 the
2280 2007 2365 2067 stage
2391 2007 2415 2067 in

1105 2035 1166 2095 lost
1206 2035 1255 2095 the
1300 2037 1432 2097 possible
1476 2040 1613 2100 addition
1662 2040 1692 2100 of
1733 2040 1746 2100 a
1786 2038 1901 2098 Europe
1928 2037 1984 2097 and
2011 2040 2166 2100 America.

1106 2072 1223 2132 master
1252 2076 1444 2136 craftsman.
1485 2076 1664 2136 Schnitzler
1697 2076 1757 2136 was

1812 2074 1870 2134 His
1912 2076 2024 2136 second
2072 2079 2160 2139 play,
2202 2075 2284 2135 "The
2326 2082 2413 2142 Fairy

1111 2112 1300 2172 considering
1332 2115 1341 2175 a
1373 2116 1545 2176 suggestion
1577 2115 1608 2175 of
1632 2115 1740 2175 Joseph
1781 2112 1885 2172 Tale,"
1912 2113 1925 2173 a
1953 2115 2089 2175 surgical
2117 2118 2238 2178 probing
2270 2120 2302 2180 of
2329 2121 2424 2181 social

1112 2147 1312 2207 Schildkraut
1335 2150 1357 2210 to
1386 2150 1467 2210 write
1486 2153 1535 2213 for
1554 2153 1604 2213 the
1627 2152 1750 2212 flicker¬

1779 2150 1947 2210 problems,
1974 2153 2032 2213 was
2063 2155 2076 2215 a
2108 2156 2236 2216 failure.
2281 2156 2343 2216 But
2370 2158 2419 2218 the

1108 2186 1176 2246 ing,
1195 2183 1309 2243 talking
1342 2186 1465 2246 scroen.

1774 2188 1866 2248 next,
1903 2189 2062 2249 "Light-o'
2098 2192 2204 2252 Love,"
2245 2195 2417 2255 performed

1147 2219 1242 2279 Three
1264 2222 1492 2282 fundamental
1510 2225 1591 2285 facts
1613 2225 1695 2285 must
1721 2227 1751 2287 be

1779 2227 1824 2287 for
1856 2225 1906 2285 the
1939 2227 2011 2287 first
2039 2228 2112 2288 time
2145 2230 2172 2290 in
2209 2232 2295 2292 1895,
2318 2234 2418 2294 firmly

1107 2258 1200 2318 borne
1226 2258 1251 2318 in
1282 2261 1362 2321 mind
1393 2261 1418 2321 in
1448 2261 1503 2321 any
1534 2261 1738 2321 appreciation
1778 2264 1965 2324 established
2004 2264 2055 2324 his
2090 2267 2265 2327 reputation
2308 2273 2341 2333 as
2380 2271 2410 2331 an

1108 2294 1139 2354 of
1171 2294 1370 2354 Schnitzler's
1402 2297 1601 2357 artistry—he
1638 2298 1696 2358 was
1728 2298 1741 2358 a
1779 2300 1909 2360 author.
1951 2303 2136 2363 Meanwhile
2168 2306 2204 2366 he
2236 2309 2299 2369 was
2331 2312 2417 2372 turn¬

1104 2331 1185 2391 Jew,
1200 2332 1214 2392 a
1244 2333 1388 2393 Viennese
1418 2335 1475 2395 and
1500 2335 1513 2395 a
1538 2335 1716 2395 physician.

1812 2340 1911 2400 out
1939 2339 2030 2399 many
2062 2343 2232 2403 novelettes

1822 2369 1895 2429 "The
1915 2378 1999 2438 Road
2024 2380 2048 2440 to
2074 2380 2122 2440 the
2147 2383 2260 2443 Open."
2280 2384 2329 2444 his
2350 2386 2418 2446 first

1247 2385 1358 2445 Source
1382 2386 1411 2446 of
1431 2386 1586 2446 Pessimism

1779 2416 1955 2476 full-length
1987 2417 2092 2477 novel,
2111 2416 2168 2476 was
2199 2422 2353 2482 published
2389 2425 2411 2485 in

1145 2428 1186 2488 To
1207 2430 1253 2490 the
1274 2431 1342 2491 fact
1363 2434 1430 2494 that
1452 2434 1487 2494 he
1509 2434 1565 2494 was
1586 2434 1617 2494 of
1639 2434 1742 2494 Jewish

1781 2450 1860 2510 1908.
1892 2454 1963 2514 Five
1985 2455 2073 2515 years
2096 2456 2171 2516 later
2194 2459 2228 2519 he
2256 2461 2415 2521 published

1109 2476 1271 2536 extraction
1309 2478 1366 2538 and
1395 2479 1490 2539 spent
1515 2479 1562 2539 his
1591 2480 1658 2540 long
1692 2482 1739 2542 life
1778 2491 1911 2551 another
1959 2494 2045 2554 play,
2103 2495 2265 2555 Professor
2318 2499 2413 2559 Bern¬

1106 2523 1134 2583 in
1162 2522 1194 2582 an
1227 2522 1441 2582 anti-Semitic
1465 2525 1543 2585 city,
1562 2526 1683 2586 exposed
1716 2526 1743 2586 to
1777 2528 1888 2588 hardt"
1926 2529 2004 2589 and,
2028 2531 2055 2591 in
2093 2532 2144 2592 the
2177 2534 2246 2594 first
2279 2535 2353 2595 year
2386 2538 2418 2598 of

1103 2568 1202 2628 ribald
1229 2568 1319 2628 abuse
1347 2571 1401 2631 and
1428 2569 1631 2629 soul-searing
1659 2571 1744 2631 criti¬
1781 2565 1830 2625 the
1872 2566 1966 2626 World
2007 2568 2093 2628 War,
2120 2570 2156 2630 he
2193 2573 2360 2633 completed
2396 2574 2409 2634 a

1109 2613 1199 2673 cism,
1217 2615 1278 2675 may
1307 2614 1340 2674 be
1363 2616 1464 2676 traced
1487 2616 1538 2676 the
1561 2616 1657 2676 bitter
1680 2616 1747 2676 pes¬
1776 2604 1860 2664 cycle
1889 2604 1922 2664 of
1951 2607 2030 2667 three
2058 2607 2188 2667 one-act
2216 2613 2317 2673 plays,
2335 2612 2413 2672 pub¬

1777 2640 1873 2700 lished
1902 2643 1998 2703 under
2027 2646 2075 2706 the
2105 2648 2186 2708 title,
2211 2649 2360 2709 "Comedy
2390 2652 2418 2712 of

1102 2658 1208 2718 simism
1253 2660 1346 2720 which
1378 2661 1466 2721 crops
1494 2661 1546 2721 out
1574 2664 1635 2724 from
1680 2664 1751 2724 time

1779 2679 1907 2739 Words.

1107 2706 1135 2766 to
1160 2706 1232 2766 time
1257 2709 1280 2769 in
1305 2709 1358 2769 the
1383 2709 1479 2769 midst
1499 2709 1532 2769 of
1552 2709 1600 2769 his
1620 2709 1750 2769 urbani¬

1804 2718 1887 2778 After
1912 2720 1966 2780 the
1991 2721 2049 2781 war
2070 2721 2108 2781 he
2133 2721 2221 2781 wrote
2246 2724 2310 2784 five
2335 2727 2412 2787 more

1108 2741 1185 2801 ties.

1775 2755 1903 2815 one-act
1926 2757 2028 2817 plays,
2046 2759 2135 2819 which
2166 2760 2241 2820 have
2264 2762 2321 2822 not
2344 2766 2410 2826 been

1140 2777 1200 2837 But
1229 2777 1261 2837 as
1285 2777 1298 2837 a
1332 2779 1481 2839 Viennese
1510 2780 1547 2840 he
1575 2781 1658 2841 could
1692 2780 1747 2840 not
1781 2792 1948 2852 translated
1982 2795 2042 2855 into
2075 2798 2215 2858 English.

1107 2814 1175 2874 help
1204 2816 1268 2876 give
1293 2816 1467 2876 expression
1496 2819 1524 2879 to
1553 2819 1601 2879 the
1629 2818 1750 2878 bright¬

1814 2831 1869 2891 His
1891 2834 1985 2894 book,
2008 2834 2102 2894 "None
2131 2837 2191 2897 But
2214 2837 2263 2897 the
2292 2840 2402 2900 Brave,

1107 2852 1191 2912 ness,
1208 2852 1268 2912 wit,
1285 2852 1414 2912 vivacity
1444 2855 1496 2915 and
1525 2855 1605 2915 color
1626 2855 1658 2915 of
1679 2855 1751 2915 that

2441 2858 2567 2918 AILY
2613 2861 2829 2921 EAGLE,
2848 2864 2955 2924 NEW
3019 2866 3044 2926 Y

1107 2892 1159 2952 gay
1184 2890 1300 2950 capital
1317 2891 1435 2951 despite
1459 2891 1503 2951 his
1524 2891 1750 2951 undercurrent

1102 2927 1138 2987 of
1163 2925 1375 2985 melencholy.
1412 2927 1469 2987 His
1494 2929 1661 2989 sympathy
1694 2929 1750 2989 wat

1777 2941 1927 3001 published
1957 2943 1980 3003 in
2003 2946 2085 3006 1801,
2101 2948 2206 3008 piqued
2237 2950 2281 3010 the
2304 2950 2408 3010 saber-
2440 2949 2522 3009 1925,
2545 2953 2740 3013 represented
2779 2958 2823 3018 his
2855 2958 2929 3018 first
2960 2959 3041 3019 narra

1107 2962 1184 3022 warm
1234 2962 1290 3022 and
1332 2962 1499 3022 deep—the
1537 2965 1605 3025 very
1642 2965 1748 3025 heart¬

1108 2998 1197 3058 threb
1229 2998 1260 3058 of
1287 3001 1345 3061 the
1372 3001 1435 3061 city
1462 3001 1498 3061 of
1525 3001 1652 3061 Strauss
1684 3003 1742 3063 and
1775 2995 1901 3055 rattling
1933 2998 2065 3058 military
2092 3000 2186 3060 clique
2219 3001 2250 3061 of
2277 3002 2324 3062 the
2356 3004 2387 3064 da

2432 2998 2491 3058 tive
2522 2998 2598 3058 work
2628 3001 2709 3061 after
2735 3001 2780 3061 six
2811 3005 2912 3065 years.
2947 3004 2978 3064 It
3008 3004 3063 3064 was

1106 3035 1227 3095 Lehar.

2433 3036 2568 3096 followed
2620 3037 2652 3097 by
2704 3040 2919 3100 "Rhapsody,"
2966 3042 3064 3102 "Day-

1773 3040 1830 3100 and
1859 3043 2037 3103 Schnitzler
2067 3045 2130 3105 was
2159 3049 2338 3109 summoned
2373 3055 2401 3115 to
2431 3073 2713 3133 breakrecently
2742 3076 2805 3136 seen
2834 3079 2868 3139 on
2898 3079 3059 3139 Broadway

1133 3070 1191 3130 His
1232 3073 1436 3133 intellectual
1477 3075 1651 3135 aloofness,
1693 3077 1739 3137 his
1769 3089 1885 3149 appear
1915 3091 2019 3151 before
2049 3092 2060 3152 a
2096 3094 2200 3154 "court
2224 3096 2258 3156 of
2288 3100 2381 3160 honor

1107 3109 1215 3169 realism
1262 3111 1341 3171 and,
1362 3112 1500 3172 perhaps
1530 3112 1609 3172 some
1643 3112 1676 3172 of
1706 3113 1751 3173 his

2434 3114 2455 3174 in
2486 3112 2498 3172 a
2529 3112 2623 3172 movie
2650 3115 2860 3175 version—and
2891 3118 3054 3178 “Theresa.

1112 3144 1294 3204 sympathy,
1312 3147 1382 3207 too,
1407 3147 1477 3207 may
1507 3147 1542 3207 be
1578 3147 1677 3207 traced
1714 3146 1742 3206 to
1773 3138 1820 3198 He
1844 3135 1961 3195 refused
1991 3137 2020 3197 to
2044 3140 2079 3200 go
2110 3141 2162 3201 and
2192 3144 2315 3204 thereby
2345 3143 2409 3203 for¬

2470 3148 2522 3208 His
2561 3150 2643 3210 most
2677 3151 2787 3211 recent
2822 3153 2918 3213 work,
2952 3155 3067 3215 "Flight

1106 3182 1157 3242 his
1198 3181 1278 3241 carly
1325 3184 1462 3244 medical
1498 3184 1635 3244 training
1682 3185 1739 3245 and
1775 3171 1866 3231 feited
1902 3174 1953 3234 his
1982 3179 2172 3239 commission
2207 3183 2235 3243 in
2276 3184 2327 3244 the
2357 3184 2408 3244 re-
2438 3185 2506 3245 Into
2536 3189 2719 3249 Darkness,"
2743 3190 2766 3250 is
2795 3191 2823 3251 to
2847 3191 2881 3251 be
2904 3192 3059 3252 publisped

1771 3210 1890 3270 serves.

1105 3219 1260 3279 practice.

2438 3227 2459 3287 in
2488 3225 2609 3285 English
2638 3230 2670 3290 by
2694 3229 2704 3289 a
2727 3230 2787 3290 New
2821 3231 2893 3291 York
2921 3234 3070 3294 firm/this

1825 3250 1969 3310 Fraulein
2022 3255 2119 3315 Elsa,"
2166 3258 2326 3318 published
2379 3261 2404 3321 in
2446 3263 2538 3323 week.

1264 3272 1376 3332 Raised
1410 3274 1435 3334 in
1464 3276 1586 3336 Luxury

1135 3318 1186 3378 His
1213 3318 1318 3378 father
1344 3320 1405 3380 was
1431 3321 1611 3381 physician,
1629 3323 1750 3383 profes¬

1109 3362 1176 3422 sor,
1205 3362 1302 3422 editor
1340 3362 1399 3422 and
1441 3364 1491 3424 the
1533 3367 1684 3427 recipient
1722 3369 1751 3429 of

1102 3408 1194 3468 many
1219 3410 1333 3470 foreign
1363 3410 1573 3470 decorations.
1607 3411 1669 3471 The
1695 3413 1745 3473 boy

1102 3453 1170 3513 grew
1203 3455 1235 3515 up
1260 3458 1280 3518 in
1308 3455 1340 3515 an
1365 3457 1559 3517 atmosphere
1584 3458 1612 3518 of
1633 3458 1754 3518 luxury,

1106 3491 1166 3551 was
1194 3494 1365 3554 graduated
1396 3494 1461 3554 from
1507 3494 1556 3554 the
1588 3495 1751 3555 Academic

1106 3528 1295 3588 Gymnasium
1347 3529 1374 3589 in
1414 3529 1477 3589 1879
1513 3530 1572 3590 and
1612 3529 1746 3589 received

1104 3560 1151 3620 his
1183 3565 1317 3625 medical
1341 3565 1451 3625 degree
1483 3567 1546 3627 from
1593 3568 1640 3628 the
1676 3568 1751 3628 Uni¬

1098 3598 1209 3658 versity
1235 3601 1268 3661 of
1293 3601 1410 3661 Vienna
1439 3604 1460 3664 in
1494 3604 1576 3664 1885.

1141 3637 1197 3697 His
1222 3639 1343 3699 leaning
1376 3637 1490 3697 toward
1523 3640 1645 3700 letters,
1665 3641 1750 3701 how-

1104 3674 1190 3734 ever,
1203 3676 1273 3736 first
1293 3676 1477 3736 manifested
1501 3676 1587 3736 itself
1607 3676 1689 3736 when
1717 3678 1748 3738 as

1106 3712 1118 3772 a
1149 3712 1204 3772 boy
1232 3712 1263 3772 of
1291 3713 1361 3773 nine
1389 3713 1424 3773 he
1456 3713 1546 3773 wrote
1574 3715 1585 3775 a
1618 3715 1751 3775 five-act

1100 3747 1249 3807 tragedy.
1300 3750 1495 3810 Resolutely,
1526 3750 1756 3810 nevertheless.

1106 3786 1141 3846 he
1165 3787 1220 3847 put
1240 3786 1322 3846 aside
1346 3787 1393 3847 his
1413 3786 1539 3846 literary
1563 3786 1747 3846 aspirations

1106 3822 1135 3882 to
1161 3822 1249 3882 settle
1279 3822 1360 3882 down
1394 3822 1419 3882 to
1449 3824 1497 3884 the
1527 3825 1608 3885 more
1634 3823 1752 3883 serious

1110 3855 1225 3915 matter
1249 3858 1279 3918 of
1303 3858 1472 3918 medicine.

1138 3894 1215 3954 But,
1240 3894 1316 3954 after
1345 3894 1406 3954 five
1435 3894 1545 3954 xather
1574 3896 1638 3956 dull
1663 3895 1752 3955 years

1101 3929 1128 3989 in
1161 3932 1213 3992 the
1242 3932 1363 3992 clinics,
1384 3932 1557 3992 Schnitzler
1582 3933 1667 3993 came
1699 3935 1751 3995 out

1095 3967 1193 4027 boldly
1222 3971 1242 4031 in
1276 3969 1337 4029 1890
1362 3970 1394 4030 as
1419 3971 1431 4031 a
1456 3969 1559 4029 writer
1580 3974 1612 4034 of
1633 3974 1756 4034 poems,

1100 4006 1289 4066 novelettes,
1339 4007 1395 4067 and
1449 4010 1578 4070 riddles.
1642 4010 1748 4070 Poems

1101 4043 1293 4103 constituted
1327 4046 1376 4106 the
1410 4046 1477 4106 bulk
1515 4046 1543 4106 of
1573 4047 1635 4107 this
1665 4043 1744 4103 carly

1107 4084 1303 4144 production.
1357 4085 1438 4145 Most
1477 4086 1509 4146 of
1549 4086 1616 4146 them
1674 4082 1750 4142 were
