3248 4384
193 306 272 366 2.
333 306 762 366 Schnitzl.

843 312 1218 372 sDeath

1446 312 1571 372 box
1650 315 1829 375 43/7

817 460 1626 520 OBSERVERC

895 503 921 563 I.
935 508 1062 568 österr.
1071 515 1220 575 behördl.
1235 524 1538 584 konzessioniertes

850 545 1086 605 Unternehmen
1118 554 1166 614 für
1189 564 1577 624 Zeitungs-Ausschnitte

901 608 1051 668 WIEN,
1080 614 1126 674 I.,
1155 620 1435 680 WOLLZEILE
1484 631 1531 691 11

998 664 1216 724 TELEPHON
1254 673 1424 733 R-23-0-43

788 793 1018 853 Ausschnitt
1044 803 1134 863 aus:

646 948 765 1008 Aus:
806 954 998 1014 Basler
1039 961 1384 1021 Nachrichten
1439 977 1823 1037 26.Okt.1931.

637 1061 863 1121 Anatols
908 1067 1027 1127 Tod.
1072 1071 1153 1131 Von
1204 1078 1418 1138 Hermann
1469 1085 1720 1145 Bessemer

1018 1127 1193 1187 (Wien.

635 1174 787 1234 Knapp
838 1179 924 1239 vor
976 1184 1149 1244 seinem
1201 1194 1649 1254 70.Geburtstag,
1694 1205 1772 1265 den

633 1232 722 1292 Max
768 1237 1051 1297 Reinhardt
1104 1242 1148 1302 im
1200 1250 1420 1310 Theater
1465 1255 1516 1315 in
1569 1258 1652 1318 der

632 1290 956 1350 Josefstadt
998 1296 1086 1356 mit
1135 1302 1287 1362 einer
1329 1311 1645 1371 Aufführung
1695 1318 1776 1378 der

640 1345 957 1405 "Liebelei"
999 1353 1052 1413 zu
1101 1358 1282 1418 feiern
1331 1365 1445 1425 sich
1493 1372 1777 1432 anschick-

627 1399 680 1459 te
735 1402 823 1462 hat
864 1408 1053 1468 Arthur
1095 1419 1413 1479 Schnitzler
1461 1423 1542 1483 den
1597 1432 1841 1492 einsamen

630 1457 716 1517 Weg
761 1461 847 1521 ins
891 1464 1043 1524 weite
1094 1469 1210 1529 Land
1255 1477 1609 1537 angetreten,
1625 1486 1703 1546 aus

638 1515 710 1575 dem
769 1516 818 1576 es
863 1519 1015 1579 keine
1059 1529 1378 1589 Wiederkehr
1422 1538 1581 1598 gibt.
1590 1539 1639 1599 Um
1691 1543 1770 1603 bei

629 1572 716 1632 der
761 1576 1012 1636 Wahrheit
1065 1581 1109 1641 zu
1162 1587 1413 1647 bleiben;
1428 1595 1738 1655 Schnitzler

630 1627 714 1687 war
762 1631 846 1691 für
893 1634 978 1694 das
1025 1641 1242 1701 heutige
1290 1647 1405 1707 Wien
1452 1652 1638 1712 längst
1677 1659 1831 1719 nicht

622 1686 743 1746 negr
791 1694 1081 1754 lebendig,
1090 1700 1305 1760 wogegen
1352 1703 1404 1763 er
1451 1712 1773 1772 allerdings

625 1742 773 1802 schon
832 1747 874 1807 zu
925 1754 1203 1814 Lebzeiten
1254 1762 1604 1822 unsterblich
1654 1771 1767 1831 war,

629 1799 709 1859 ein
754 1805 1011 1865 Monument
1056 1811 1240 1871 weiner
1285 1817 1468 1877 selbst
1513 1823 1601 1883 und
1646 1827 1800 1887 einer

626 1860 1039 1920 verschollenen
1083 1868 1307 1928 Rpoche.
1315 1873 1402 1933 Die
1447 1878 1663 1938 letzten

619 1916 965 1976 Bühnenwerke
1014 1921 1100 1981 des
1148 1928 1527 1988 berühmtesten
1575 1936 1724 1996 Dich¬

621 1969 742 2029 ters
793 1972 871 2032 von
922 1977 1237 2037 Vorkriegs-

688 2014 790 2074 Wien,
813 2017 871 2077 „Im
916 2017 1012 2077 Spiel
1035 2020 1086 2080 der
1116 2022 1359 2082 Sommerlüfte"
1397 2025 1449 2085 und
1479 2026 1559 2086 „Der
1590 2029 1685 2089 Gang

677 2055 734 2115 zum
777 2054 930 2114 Weiher",
955 2057 1041 2117 jenes
1075 2059 1098 2119 im
1147 2061 1304 2121 Deutschen
1343 2062 1568 2122 Volkstheater,
1593 2068 1683 2128 dieses

673 2092 704 2152 im
750 2093 954 2153 Burgtheater
987 2098 1177 2158 aufgeführt,
1205 2099 1299 2159 waren
1341 2103 1499 2163 Versager,
1527 2104 1622 2164 wobei
1654 2106 1681 2166 es

673 2131 883 2191 dahingestellt
906 2134 1014 2194 bleiben
1047 2137 1130 2197 mag,
1149 2137 1177 2197 ob
1205 2139 1247 2199 die
1275 2140 1378 2200 Stücke
1406 2140 1466 2200 oder
1495 2143 1536 2203 die
1564 2145 1680 2205 Wiener

675 2170 941 2230 Theaterbesucher
978 2172 1027 2232 der
1059 2175 1244 2235 Gegenwart
1277 2179 1394 2239 versagt
1421 2180 1529 2240 haben.
1575 2183 1679 2243 Sicher

677 2214 727 2274 ist,
751 2212 794 2272 daß
824 2214 868 2274 die
891 2214 1016 2274 Periode
1040 2215 1090 2275 der
1113 2219 1216 2279 großen
1254 2219 1372 2279 Erfolge
1395 2221 1446 2281 des
1469 2223 1675 2283 Dramatikers

675 2298 739 2358 und
770 2299 814 2359 des
850 2302 1010 2362 Erzählers
1040 2307 1195 2367 Schnitzler
1226 2307 1280 2367 mit
1306 2308 1355 2368 dem
1396 2310 1511 2370 Zerfall
1536 2310 1581 2370 der
1612 2310 1681 2370 Mo=
1702 2307 1851 2367 geschichte
1887 2310 1957 2370 mag
1992 2310 2042 2370 den
2083 2313 2222 2373 „Jungen
2263 2312 2478 2372 Medardus",
2508 2313 2583 2373 diese
2619 2313 2703 2373 große

677 2338 794 2398 narchie
824 2341 853 2401 zu
887 2342 970 2402 Ende
1000 2344 1087 2404 ging.
1127 2344 1219 2404 Einem
1269 2348 1347 2408 durch
1381 2349 1435 2409 und
1470 2349 1547 2409 durch
1582 2348 1684 2408 politi=
1709 2348 1865 2408 historische
1900 2349 2046 2409 Maschine
2081 2349 2134 2409 aus
2169 2351 2217 2411 der
2247 2352 2481 2412 napoleonischen
2516 2352 2599 2412 Zeit,
2624 2353 2701 2413 loben

680 2375 797 2435 sierten,
820 2378 869 2438 von
906 2379 978 2439 allen
1001 2381 1241 2441 Fieberschauern
1273 2384 1322 2444 der
1341 2387 1671 2447 Wirtschaftsprobleme

1710 2387 1775 2447 oder
1815 2387 1863 2447 den
1899 2387 2040 2447 „Grünen
2080 2387 2216 2447 Kakadu“
2256 2391 2309 2451 zum
2354 2388 2437 2448 Chef
2477 2390 2622 2450 d’oeuvre
2662 2390 2710 2450 ge¬

676 2416 722 2476 des
760 2417 1012 2477 Klassenkampfes
1049 2420 1100 2480 und
1138 2421 1184 2481 der
1218 2424 1520 2484 Weltanschauungen
1558 2426 1688 2486 geschüt¬

1713 2423 1884 2483 schichtlicher
1917 2426 2139 2486 Kleinmalerei
2171 2429 2306 2489 erheben.
2357 2426 2434 2486 Aber
2466 2428 2520 2488 das
2557 2429 2615 2489 sind
2652 2429 2710 2489 nur

679 2456 765 2516 telten
801 2456 946 2516 Zeitalter
973 2459 1054 2519 hatte
1082 2459 1127 2519 der
1159 2462 1285 2522 Dichter,
1308 2462 1357 2522 der
1385 2464 1439 2524 wie
1467 2465 1520 2525 kein
1557 2465 1679 2525 anderer

1706 2464 1806 2524 Werke
1835 2465 1945 2525 Arthur
1975 2465 2167 2525 Schnitzlers,
2191 2466 2262 2526 nicht
2292 2468 2344 2528 sein
2383 2468 2498 2528 Wesen.
2542 2468 2618 2528 Sein
2652 2467 2709 2527 Un¬

672 2492 719 2552 die
758 2493 848 2553 Seele
882 2495 934 2555 des
973 2498 1168 2558 kaiserlichen,
1217 2501 1264 2561 des
1308 2502 1431 2562 gänzlich
1470 2504 1675 2564 unpolitischen

1708 2501 1885 2561 sterbliches,
1929 2504 1981 2564 das
2020 2502 2063 2562 ihn
2102 2503 2134 2563 an
2174 2506 2294 2566 Johann
2337 2504 2452 2564 Strauß
2496 2507 2548 2567 und
2587 2507 2639 2567 fast
2673 2507 2701 2567 an

667 2533 753 2593 Wien
792 2534 882 2594 liebte
921 2534 978 2594 und
1012 2537 1137 2597 begriff,
1181 2540 1272 2600 nichts
1311 2541 1392 2601 mehr
1426 2545 1459 2605 zu
1498 2543 1579 2603 sagen
1623 2543 1680 2603 und

1708 2543 1856 2603 Schubert
1875 2543 1966 2603 reiht,
1990 2543 2047 2603 war
2071 2543 2114 2603 die
2143 2543 2243 2603 Gabe,
2262 2543 2305 2603 die
2334 2544 2429 2604 Musik
2458 2545 2534 2605 einer
2563 2546 2644 2606 Zeit,
2664 2543 2706 2603 die

673 2572 807 2632 empfing
845 2573 909 2633 auch
942 2574 993 2634 von
1036 2575 1128 2635 diesem
1175 2579 1319 2639 Zeitalter
1357 2579 1430 2639 keine
1468 2582 1677 2642 entscheidende
1710 2582 1802 2642 Seele
1831 2581 1910 2641 einer
1943 2582 2035 2642 Stadt
2063 2582 2118 2642 und
2152 2582 2203 2642 das
2236 2584 2509 2644 Unterbewußtsein
2543 2584 2593 2644 der
2621 2585 2709 2645 Men¬

679 2611 842 2671 Anregung
880 2612 982 2672 mehr.
1030 2614 1094 2674 Das
1137 2617 1332 2677 schöpferische
1366 2618 1463 2678 Genie
1501 2620 1678 2680 Schnitzlers

1708 2620 1779 2680 schen
1813 2620 1904 2680 dieser
1934 2619 2028 2679 Stadt
2058 2620 2081 2680 in
2116 2620 2215 2680 Worte
2250 2623 2465 2683 einzufangen,
2494 2620 2517 2680 in
2552 2623 2699 2683 Gestalten

674 2650 737 2710 war
767 2650 825 2710 mit
851 2651 938 2711 1918,
958 2653 1101 2713 vielleicht
1131 2654 1199 2714 schon
1233 2656 1287 2716 mit
1317 2656 1400 2716 1914,
1425 2659 1474 2719 zum
1523 2661 1679 2721 Stillstand

1706 2662 1729 2722 zu
1759 2660 1951 2720 projizieren.
1985 2659 2052 2719 Das
2077 2659 2288 2719 Bezaubernde
2312 2661 2345 2721 an
2375 2659 2423 2719 den
2452 2661 2567 2721 Werken
2596 2662 2706 2722 Arthur

676 2688 862 2748 gekommen.
909 2692 978 2752 Das
1015 2692 1173 2752 Uhrwerk,
1202 2695 1252 2755 das
1290 2697 1336 2757 sich
1373 2698 1578 2758 weiterdrehte
1620 2698 1675 2758 und
1708 2697 1884 2757 Schnitzlers
1918 2698 1950 2758 ist
1978 2698 2024 2758 die
2052 2698 2261 2758 Gegend....
2266 2698 2307 2758 die
2336 2698 2451 2758 örtliche
2489 2700 2540 2760 und
2577 2701 2619 2761 die
2652 2701 2707 2761 see¬

676 2728 775 2788 Werke
806 2731 1041 2791 hervorbrachte,
1062 2733 1122 2793 war
1152 2734 1192 2794 die
1223 2736 1352 2796 Routine
1383 2740 1463 2800 eines
1494 2740 1669 2800 glänzenden
1705 2736 1785 2796 lische
1810 2736 1996 2796 Landschaft,
2016 2737 2051 2797 die
2076 2737 2121 2797 die
2147 2737 2272 2797 Figuren
2302 2737 2437 2797 umrankt
2463 2737 2512 2797 und
2543 2738 2593 2798 mit
2618 2738 2698 2798 ihnen

674 2767 821 2827 Könners

1703 2774 1771 2834 eins
1796 2775 1840 2835 ist.
1870 2774 1943 2834 Sein
1973 2776 2031 2836 Tod
2056 2776 2144 2836 stürzt
2169 2776 2223 2836 alle
2248 2776 2414 2836 Menschen,
2434 2776 2473 2836 die
2498 2776 2586 2836 dieser
2611 2778 2704 2838 Land¬

1713 2814 1794 2874 schaft
1828 2814 2019 2874 entstammen
2063 2814 2115 2874 und
2159 2814 2206 2874 von
2249 2814 2292 2874 ihr
2331 2815 2436 2875 seelisch
2475 2816 2608 2876 niemals
2647 2814 2709 2874 los¬

729 2814 808 2874 Aber
839 2817 890 2877 der
920 2817 1081 2877 Schnitzler
1112 2820 1162 2880 von
1204 2820 1253 2880 der
1284 2823 1597 2883 Jahrhundertwende
1632 2826 1682 2886 hat

673 2853 822 2913 Gestalten
859 2858 1032 2918 geschaffen,
1051 2859 1238 2919 unsterbliche
1262 2862 1490 2922 Schattenrisse,
1509 2865 1556 2925 von
1587 2865 1670 2925 denen
1708 2855 1840 2915 können,
1876 2853 1906 2913 in
1955 2853 2074 2913 ehrliche
2105 2853 2321 2913 Melancholie.
2358 2853 2466 2913 Selten
2514 2853 2610 2913 waren
2659 2853 2706 2913 die

1711 2892 1844 2952 Tränen,
1869 2890 1906 2950 die
1935 2889 1968 2949 um
2017 2890 2097 2950 einen
2131 2891 2202 2951 toten
2237 2892 2351 2952 Dichter
2380 2891 2499 2951 flossen,
2518 2892 2542 2952 so
2571 2892 2628 2952 echt
2652 2895 2704 2955 wie

675 2895 701 2955 so
729 2895 860 2955 mancher
893 2895 942 2955 aus
974 2897 1020 2957 der
1047 2898 1142 2958 Vision
1174 2898 1220 2958 des
1248 2901 1384 2961 Dichters
1411 2901 1433 2961 in
1466 2902 1510 2962 die
1539 2902 1683 2962 Wirklich¬

1706 2929 1787 2989 jene,
1806 2929 1849 2989 die
1873 2928 1959 2988 heute
1989 2928 2012 2988 in
2046 2928 2127 2988 Wien
2161 2930 2194 2990 an
2223 2931 2400 2991 Schnitzlers
2429 2931 2529 2991 Bahre
2559 2933 2697 2993 vergossen

666 2934 729 2994 keit
761 2934 887 2994 getreten
929 2937 978 2997 ist,
1024 2937 1077 2997 wie
1114 2937 1154 2997 die
1191 2940 1281 3000 Leben
1322 2940 1512 3000 gewordenen
1553 2942 1675 3002 Puppen

668 2971 757 3031 eines
794 2973 901 3033 großen
945 2978 1215 3038 Puppenspielers.
1264 2979 1311 3039 Da
1354 2979 1414 3039 war
1450 2979 1492 3039 die
1529 2981 1679 3041 Christine
1710 2968 1842 3028 werden.
1885 2968 1992 3028 Indem
2041 2968 2082 3028 die
2119 2967 2197 3027 alten
2234 2968 2360 3028 Wiener
2396 2968 2451 3028 und
2487 2969 2703 3029 Wienerinnen

1708 3006 1819 3066 Arthur
1843 3006 2001 3066 Schnitzler
2029 3006 2197 3066 beweinen,
2221 3009 2337 3069 trauern
2375 3009 2412 3069 sie
2441 3009 2473 3069 um
2520 3009 2580 3069 ihre
2609 3009 2706 3069 eigene

664 3010 730 3070 aus
764 3012 816 3072 der
851 3014 1037 3074 „Liebelei",
1081 3015 1186 3075 Urbild
1225 3016 1272 3076 des
1311 3018 1397 3078 süßen
1440 3019 1579 3079 Mädels,
1632 3018 1675 3078 de¬

1706 3044 1823 3104 Jugend
1855 3044 1904 3104 und
1932 3044 1968 3104 um
2009 3044 2054 3104 den
2086 3044 2212 3104 Spiegel
2236 3044 2321 3104 dieser
2349 3047 2484 3107 Jugend,
2503 3047 2620 3107 trauern
2657 3047 2688 3107 um

668 3050 880 3110 Frauentyps,
903 3051 953 3111 der
981 3053 1017 3113 um
1058 3053 1125 3113 1900
1153 3054 1198 3114 die
1226 3056 1343 3116 Wiener
1371 3056 1470 3116 Erotik
1498 3056 1683 3116 beherrschte.

669 3089 719 3149 Da
748 3089 810 3149 war
833 3092 990 3152 Monsieur
1019 3092 1131 3152 Anatol
1155 3094 1204 3154 aus
1233 3095 1588 3155 Wien=Rathausviertel
1611 3094 1678 3154 oder
1708 3090 1752 3150 die
1781 3083 1961 3143 Christinen,
1984 3083 2028 3143 die
2052 3083 2091 3143 sie
2114 3083 2198 3143 selbst
2221 3084 2333 3144 einmal
2362 3086 2548 3146 umarmten,
2571 3086 2627 3146 und
2656 3086 2689 3146 um

1706 3122 1845 3182 Anatols,
1864 3123 1912 3183 von
1946 3122 2032 3182 denen
2066 3122 2099 3182 sie
2128 3123 2171 3183 sich
2205 3122 2277 3182 einst
2302 3123 2344 3183 den
2378 3125 2435 3185 Hof
2465 3126 2565 3186 maßen
2599 3125 2709 3185 ließen.

668 3128 915 3188 Wien=Cottage,
964 3133 1197 3193 Oesterreicher,
1242 3134 1303 3194 doch
1339 3134 1396 3194 mit
1427 3136 1511 3196 einem
1560 3136 1674 3196 leichten

1703 3161 1765 3221 Der
1794 3163 1880 3223 große
1910 3161 1995 3221 Pan,
2015 3161 2063 3221 der
2092 3161 2178 3221 jener
2207 3162 2375 3222 zärtlichen,
2400 3161 2558 3221 galanten,
2582 3164 2615 3224 um
2659 3163 2701 3223 sich

668 3167 794 3227 Pariser
822 3169 994 3229 Einschlag,
1018 3171 1293 3231 Sentimentalität
1321 3173 1377 3233 mit
1406 3174 1508 3234 Esprit
1541 3176 1685 3236 gewürzt.

1708 3201 1789 3261 selbst
1828 3199 1975 3259 besorgten
2024 3200 2100 3260 und,
2144 3200 2220 3260 seien
2268 3200 2320 3260 wir
2364 3200 2536 3260 aufrichtig,
2585 3202 2699 3262 maßlos

668 3207 755 3267 Zwei
778 3208 962 3268 Jahrzehnte
989 3210 1055 3270 lang
1087 3212 1148 3272 war
1175 3212 1284 3272 Anatol
1307 3212 1360 3272 das
1387 3214 1593 3274 intellektuelle
1625 3212 1677 3272 und

1704 3239 1875 3299 egoistischen
1911 3236 1991 3296 Welt
2012 3237 2061 3297 des
2087 3239 2163 3299 alten
2194 3239 2273 3299 Wien
2310 3239 2365 3299 mit
2390 3240 2481 3300 seiner
2507 3242 2708 3302 erotisch=dra¬

668 3245 804 3305 crotische
832 3248 954 3308 Vorbild
981 3248 1027 3308 des
1055 3249 1177 3309 Wiener
1200 3250 1299 3310 Gent.
1336 3252 1422 3312 Dann
1455 3253 1532 3313 schuf
1555 3252 1672 3312 Schnitz

1708 3279 1910 3339 maturgischen
1945 3278 2023 3338 Flöte
2053 3280 2226 3340 aufspielte,
2246 3280 2280 3340 ist
2305 3280 2438 3340 tot.....

668 3283 716 3343 ler
742 3283 768 3343 im
817 3286 988 3346 „Leutnant
1015 3288 1120 3348 Gustl“
1151 3289 1190 3349 die
1222 3289 1472 3349 unvergleichliche
1503 3292 1674 3352 Silhouette

668 3322 717 3382 des
749 3325 853 3385 kleinen
886 3325 1054 3385 Leutnants
1086 3328 1131 3388 der
1154 3330 1263 3390 großen
1295 3329 1317 3389 k.
1340 3330 1395 3390 und
1422 3331 1444 3391 k.
1463 3331 1586 3391 Armee.
1613 3330 1681 3390 We¬

670 3363 721 3423 gen
752 3362 841 3422 dieser
871 3364 991 3424 Novelle
1017 3367 1064 3427 kam
1107 3367 1153 3427 der
1184 3367 1299 3427 Dichter
1326 3367 1351 3427 in
1381 3367 1590 3427 ehrenrätliche
1621 3367 1680 3427 Un¬

665 3401 858 3461 tersuchung.
880 3403 918 3463 Er
944 3403 1097 3463 bekleidete
1124 3406 1149 3466 in
1179 3406 1226 3466 der
1252 3406 1479 3466 Heeresreserve
1509 3408 1547 3468 die
1565 3408 1676 3468 Charge

667 3440 746 3500 eines
773 3443 1074 3503 Regimentsarztes,
1092 3445 1144 3505 und
1176 3445 1215 3505 ein
1246 3445 1445 3505 militärisches
1477 3448 1684 3508 Ehrengericht

661 3478 846 3538 beschäftigte
878 3480 922 3540 sich
958 3480 992 3540 um
1042 3480 1108 3540 1903
1144 3483 1232 3543 herum
1277 3483 1351 3543 allen
1392 3483 1511 3543 Ernstes
1547 3485 1604 3545 mit
1631 3486 1679 3546 der

671 3516 781 3576 Frage,
799 3518 830 3578 ob
857 3517 901 3577 der
932 3519 1038 3579 Doktor
1065 3522 1153 3582 Arth.
1171 3522 1330 3582 Schnitzler
1357 3522 1379 3582 in
1415 3522 1502 3582 seiner
1529 3522 1679 3582 Novelette

666 3555 843 3615 „Leutnant
866 3556 970 3616 Gustl“
993 3558 1043 3618 den
1075 3558 1098 3618 in
1130 3561 1175 3621 der
1203 3560 1225 3620 k.
1248 3560 1302 3620 und
1326 3558 1353 3618 k.
1371 3558 1475 3618 Armee
1503 3561 1553 3621 für
1581 3563 1680 3623 „Offi¬

666 3595 743 3655 ziere
798 3594 856 3654 und
893 3597 1143 3657 Gleichgestellte“
1198 3598 1347 3658 geltenden
1389 3599 1565 3659 Ehrbegriff
1620 3600 1679 3660 und

671 3633 856 3693 Ehrenkodex
888 3637 965 3697 nicht
988 3636 1114 3696 grausam
1160 3636 1204 3696 ins
1237 3636 1412 3696 Lächerliche
1440 3639 1562 3699 gezogen
1598 3638 1679 3698 habe.

663 3672 735 3732 Das
776 3672 835 3732 war
872 3675 1039 3735 allerdings
1076 3675 1125 3735 der
1162 3678 1243 3738 Fall,
1276 3678 1330 3738 und
1371 3677 1425 3737 das
1462 3678 1679 3738 österreichische

668 3710 879 3770 Ehrengericht
906 3712 1029 3772 erklärte
1065 3713 1223 3773 Schnitzler
1254 3713 1351 3773 seiner
1382 3713 1496 3773 Charge
1527 3714 1681 3774 verlustig.

663 3749 799 3809 Damals
826 3749 901 3809 lebte
932 3751 1109 3811 Schnitzler,
1131 3752 1202 3812 weil
1224 3753 1268 3813 die
1299 3752 1472 3812 Menschen,
1494 3754 1538 3814 die
1569 3752 1600 3812 er
1631 3754 1675 3814 sah

667 3786 722 3846 und
753 3786 911 3846 zeichnete,
928 3788 1022 3848 lebten
1057 3788 1112 3848 und
1143 3790 1186 3850 sich
1212 3791 1246 3851 an
1281 3791 1358 3851 ihrem
1401 3791 1516 3851 Dichter
1543 3791 1680 3851 befeuer¬

664 3825 735 3885 ten,
759 3824 785 3884 so
822 3825 876 3885 wie
908 3826 939 3886 er
972 3827 1030 3887 aus
1067 3827 1148 3887 ihnen
1189 3830 1234 3890 den
1275 3830 1388 3890 Funken
1429 3831 1474 3891 der
1510 3832 1668 3892 plastischen

664 3863 845 3923 Gestaltung
874 3863 984 3923 schlug.

723 3907 778 3967 Und
811 3909 834 3969 so
863 3910 914 3970 wie
943 3910 1055 3970 Anatol
1079 3910 1131 3970 und
1164 3911 1252 3971 Max,
1272 3913 1417 3973 Christine
1446 3913 1502 3973 und
1530 3913 1572 3973 die
1601 3912 1680 3972 Toni

663 3946 826 4006 Schlager,
854 3946 904 4006 der
941 3948 1035 4008 nette,
1068 3949 1263 4009 leichtsinnige
1300 3949 1454 4009 Leutnant
1487 3952 1591 4012 Gustl,
1623 3951 1672 4011 wie

666 3985 714 4045 der
741 3986 956 4046 schwermütige
979 3988 1058 4048 Herr
1080 3988 1128 4048 von
1160 3988 1234 4048 Sala
1265 3988 1287 4048 im
1332 3989 1459 4049 „Weiten
1490 3988 1587 4048 Land“
1618 3991 1671 4051 und

666 4024 708 4084 die
741 4024 862 4084 Wiener
895 4027 1011 4087 Frauen
1054 4027 1077 4087 in
1115 4027 1292 4087 „Freiwild“
1325 4028 1381 4088 und
1418 4030 1675 4090 „Zwischenspie!“

668 4063 726 4123 und
750 4063 776 4123 im
818 4066 963 4126 „Reigen“
991 4063 1081 4123 lebten
1114 4066 1167 4126 und
1195 4066 1318 4126 liebten,
1341 4068 1363 4128 so
1386 4066 1476 4126 pochte
1505 4069 1527 4129 in
1559 4069 1599 4129 all
1622 4069 1667 4129 den

663 4103 896 4163 Theaterstücken
936 4105 989 4165 und
1020 4105 1156 4165 Novellen
1192 4105 1333 4165 (weniger
1360 4106 1386 4166 in
1417 4105 1465 4165 den
1497 4108 1677 4168 Romanen)

664 4143 836 4203 Schnitzlers
869 4141 918 4201 der
946 4143 1133 4203 Rhythmus,
1156 4144 1206 4204 der
1234 4145 1439 4205 Liebesatem,
1462 4146 1507 4206 der
1540 4146 1676 4206 sinnlich¬

1518 4193 1563 4253 Me
