3344 4320
102 324 221 384 12.

302 327 872 387 Schnitzler's
942 333 1167 393 Death

325 843 586 903 OBS

709 849 1049 909 ERVER

416 894 429 954 1
448 899 576 959 österr.
585 903 736 963 behördl.
750 906 1047 966 konzessioniertes

366 942 603 1002 Unternehmen
635 942 680 1002 für
708 947 1095 1007 Zeitungs-Ausschnitte

416 998 573 1058 WIEN,
601 1005 648 1065 I.,

680 1007 956 1067 WOLLZEILE
1004 1011 1043 1071 11

515 1051 728 1111 TELEPHON
767 1058 943 1118 R-23-0-43

314 1193 534 1253 Ausschnitt
562 1195 653 1255 aus:

541 1252 665 1312 SRDES
697 1257 860 1317 VIKAXE
892 1267 1103 1327 TAGSDATI

314 1415 426 1475 vom:

605 1443 694 1503 16.
714 1438 841 1498 NOV.
869 1434 968 1494 1931

390 1521 622 1581 Gedenkfeier
646 1521 708 1581 für
732 1521 848 1581 Artux
879 1519 1096 1579 Schnitzler.

240 1580 367 1640 Gestern
395 1581 435 1641 um
476 1581 523 1641 die
551 1583 794 1643 Mittagstunde
815 1582 902 1642 ehrte
930 1580 976 1640 dus
1004 1578 1234 1638 Durgkheater
1261 1577 1315 1637 das

135 1628 329 1688 Gedächtnis
368 1630 464 1690 seines
503 1629 789 1689 heimgegangenen
827 1628 989 1688 Dichters.
1017 1626 1211 1686 Gemeinsam
1260 1622 1324 1682 mit

141 1676 190 1736 dem
235 1676 489 1736 Schutzverband
530 1676 684 1736 deutscher
718 1676 939 1736 Schriftsteller
973 1673 1000 1733 in
1034 1675 1238 1735 Oesterreich.
1261 1670 1327 1730 Die

141 1727 271 1787 Ehrung
304 1724 428 1784 geschah
462 1724 635 1784 weihevoll
663 1724 722 1784 und
760 1724 912 1784 würdig;
934 1723 972 1783 sie
1005 1721 1069 1781 war
1103 1720 1319 1780 unpathetisch

141 1776 199 1836 und
231 1775 288 1835 von
326 1775 410 1835 einem
458 1773 611 1833 schönen,
632 1775 727 1835 stillen
765 1775 881 1835 Ernste
908 1771 1060 1831 getragen
1098 1770 1161 1830 und
1198 1766 1330 1826 erfüllt.

142 1822 203 1882 Wie
232 1822 288 1882 mit
312 1822 402 1882 leisen
436 1821 690 1881 Flügelschlägen
725 1821 815 1881 schien
850 1819 900 1879 der
923 1816 1019 1876 wache
1048 1814 1132 1874 Geist
1161 1813 1206 1873 des
1235 1814 1324 1874 Ent¬

145 1870 306 1930 schlafenen
350 1870 425 1930 über
458 1870 512 1930 der
545 1867 917 1927 Trauerversammlung
955 1861 1327 1921 dahinzuschweben....

142 1921 220 1981 Alle,
244 1921 294 1981 die
318 1918 499 1978 gekommen
534 1918 659 1978 waren,
682 1918 732 1978 ihn
767 1918 800 1978 zu
830 1915 1023 1975 betrauern,
1046 1912 1153 1972 hatten
1194 1912 1239 1972 ihn
1273 1910 1329 1970 ge¬

133 1967 230 2027 kannt
258 1967 323 2027 und
351 1966 492 2026 geliebt,
509 1966 584 2026 denn
623 1965 688 2025 wer
721 1965 780 2025 sein
813 1963 905 2023 Werk
933 1963 1004 2023 oder
1037 1960 1101 2020 auch
1140 1959 1205 2019 nur
1233 1957 1319 2017 einen

138 2015 203 2075 Teil
231 2015 328 2075 seines
361 2014 485 2074 Werkes
518 2012 654 2072 kannte,
676 2013 702 2073 in
730 2011 784 2071 dem
828 2011 860 2071 er
888 2011 1039 2071 jederzeit
1062 2009 1142 2069 ganz
1170 2008 1202 2068 er
1235 2008 1327 2068 selbst

135 2064 291 2124 gewesen,
324 2062 394 2122 war
433 2061 459 2121 in
503 2062 551 2122 ein
595 2061 805 2121 persönliches
833 2058 1033 2118 Verhältnis
1072 2058 1103 2118 zu
1153 2054 1201 2114 ihm
1255 2051 1325 2111 ein¬

139 2113 269 2173 getreten
309 2110 371 2170 und
406 2111 490 2171 hatte
519 2108 570 2168 sich
599 2109 706 2169 damit
740 2109 802 2169 das
843 2107 944 2167 schöne
979 2105 1114 2165 Anrecht
1143 2100 1330 2160 erworben,

144 2161 236 2221 seinen
269 2157 403 2217 Verlust
426 2157 495 2217 auch
523 2157 572 2217 als
600 2156 686 2216 einen
719 2155 929 2215 persönlichen
963 2151 1103 2211 beklagen
1136 2151 1168 2211 zu
1196 2149 1330 2209 dürfen.

135 2213 173 2273 In
207 2208 307 2268 diesem
353 2203 464 2263 Sinne
493 2204 559 2264 war
588 2204 621 2264 es
649 2205 716 2265 eine
751 2204 867 2264 große,
890 2202 979 2262 durch
1013 2201 1058 2261 ein
1092 2196 1332 2256 unzerreißbar

137 2255 249 2315 starkes
277 2253 362 2313 Band
389 2253 614 2313 verbundene,
628 2253 754 2313 geistige
774 2253 926 2313 Famtille,
947 2252 986 2312 die
1013 2248 1119 2308 Artur
1139 2245 1331 2305 Schnitzler,

142 2306 195 2366 den
226 2303 440 2363 Entrückten,
459 2301 565 2361 ehrte.

241 2362 352 2422 Zuerst
368 2360 493 2420 spielten
524 2357 568 2417 die
591 2357 724 2417 Wiener
747 2354 1036 2414 Philharmoniker
1060 2354 1155 2414 unter
1179 2351 1326 2411 Clemens

139 2411 325 2471 Krauss'
344 2408 579 2468 Stabführung
610 2405 791 2465 Schuberts
815 2402 1027 2462 Symphonie
1052 2400 1117 2460 Nr.
1130 2399 1166 2459 7,
1179 2399 1335 2459 H-Moll,

1112 2444 1177 2504 Die
1226 2446 1338 2506 zarte,

135 2459 182 2519 die
231 2455 529 2515 „Unvollendete",
572 2455 603 2515 so
657 2451 806 2511 überaus
860 2449 1040 2509 vollendet.

146 2506 392 2566 melancholische
416 2503 560 2563 Melodie
585 2500 639 2560 des
663 2500 813 2560 Werkes,
832 2497 897 2557 ihre
922 2497 1102 2557 Süßigkeit
1127 2493 1205 2553 ohne
1229 2491 1325 2551 Süß¬

142 2554 269 2614 lichkeit,
305 2553 380 2613 ihre
416 2551 689 2611 wehmulsreiche
730 2546 928 2606 Heiterkeit,
969 2545 1015 2605 ihr
1057 2542 1184 2602 Lächeln
1237 2539 1330 2599 durch

148 2602 274 2662 Tränen
310 2599 321 2659 —
373 2598 437 2658 dies
467 2599 541 2659 alles
576 2599 610 2659 ist
635 2598 709 2658 auch
739 2596 767 2656 so
797 2593 976 2653 zutreffend
1011 2590 1242 2650 schnitzlerisch,
1266 2587 1335 2647 weil

141 2649 170 2709 es
199 2648 357 2708 durchaus
386 2646 584 2706 schubertisch
614 2645 660 2705 ist.
684 2644 718 2704 ..
736 2642 783 2702 In
819 2640 905 2700 tiefer
935 2640 1180 2700 Ergriffenheit
1204 2635 1332 2695 schieden

141 2699 186 2759 die
209 2697 317 2757 Hörer
346 2696 397 2756 von
432 2694 483 2754 dem
523 2691 740 2751 beseligenden
775 2688 1099 2748 Klangwunder....

240 2747 384 2807 Hierauf
408 2745 511 2805 sprach
548 2745 662 2805 Raoul
686 2743 831 2803 Aslan
867 2741 930 2801 mit
953 2736 1220 2796 eindrucksvoller
1250 2736 1335 2796 edler

148 2799 347 2859 Einfachheit
370 2797 487 2857 Worte
526 2796 587 2856 von
632 2796 743 2856 Oskar
777 2792 926 2852 Maurus
971 2790 1205 2850 Fontana,
1239 2785 1327 2845 einen

142 2845 296 2905 erfühlten
328 2843 592 2903 Dithyrambus,
609 2840 675 2900 eine
697 2840 805 2900 Artur
831 2838 1002 2898 Schnitzler
1029 2838 1085 2898 und
1117 2838 1163 2898 die
1184 2835 1235 2895 von
1267 2832 1318 2892 ihm

145 2893 328 2953 erschaffene
356 2888 447 2948 Welt
469 2887 701 2947 erschließende
729 2885 793 2945 und
821 2882 998 2942 erhellende
1031 2882 1225 2942 Rhapsodie,
1248 2878 1323 2938 Kein

144 2939 300 2999 trockener
338 2936 521 2996 Philolog,
554 2935 613 2995 kein
662 2933 878 2993 pedantischer
916 2930 1234 2990 Literarhistoriker,
1267 2927 1326 2987 kein

141 2989 407 3049 registrierender
451 2984 782 3044 Bibliothekenmann
843 2981 983 3041 äußerte
1028 2980 1076 3040 sich
1125 2978 1179 3038 zum
1245 2975 1342 3035 „Fall

151 3037 338 3097 Schnitzler"
383 3032 399 3092 —
455 3032 504 3092 ein
544 3032 798 3092 nachfühlender
832 3029 981 3089 Künstler
1021 3029 1125 3089 sprach
1165 3026 1225 3086 von
1270 3026 1319 3086 dem

153 3088 257 3148 Genie
286 3084 502 3144 Schnitzlers.

245 3143 310 3203 Zum
359 3139 477 3199 Schluß
516 3136 672 3196 gelangte
700 3134 879 3194 Schnitzler
912 3133 998 3193 selbst
1025 3131 1085 3191 zum
1129 3130 1247 3190 Worte
1280 3129 1339 3189 mit

150 3190 247 3250 seiner
284 3188 490 3248 grauenvoll
522 3184 738 3244 flackernden,
769 3184 825 3244 von
873 3181 1048 3241 satirischem
1100 3178 1193 3238 Geist
1229 3176 1337 3236 durch¬

141 3240 254 3300 zuckten
293 3234 618 3294 Spitals=Groteske
657 3232 754 3292 „Die
787 3230 944 3290 letzten
983 3227 1216 3287 Masken".
1243 3224 1313 3284 Zum

144 3285 315 3345 erstenmal
336 3283 360 3343 im
401 3282 644 3342 Burgtheater,
660 3278 766 3338 wohin
797 3276 846 3336 das
872 3276 973 3336 Spiel
994 3276 1059 3336 doch
1085 3273 1201 3333 immer
1227 3271 1337 3331 gehört

147 3337 252 3397 hatte.
268 3333 331 3393 Der
358 3330 442 3390 Witz
458 3330 494 3390 ist
516 3330 584 3390 hier
606 3328 832 3388 aufblitzendes
859 3324 1185 3384 Gewitterleuchten,
1202 3321 1259 3381 das
1286 3318 1328 3378 ein

147 3384 337 3444 grandioses
383 3380 514 3440 Dunkel
574 3379 624 3439 jäh
690 3374 851 3434 zerreißt.
907 3372 1007 3432 Danse
1073 3370 1218 3430 macabre
1284 3365 1339 3425 der

147 3429 369 3489 Sterbenden.
390 3428 457 3488 Den
488 3426 720 3486 Journalisten
757 3422 969 3482 Rademacher
995 3420 1114 3480 formte
1140 3417 1269 3477 Onno
1301 3418 1331 3478 zu

145 3480 227 3540 einer
264 3476 523 3536 erschütternden
561 3472 820 3532 pathologischen
862 3470 1002 3530 Studie.
1029 3464 1194 3524 Herrliche
1226 3464 1345 3524 Maske

148 3526 199 3586 des
230 3525 466 3585 abscheidenden
508 3524 631 3584 Dante.
658 3521 729 3581 Wie
761 3518 863 3578 wußte
894 3518 992 3578 Onno
1029 3515 1167 3575 lauernd
1199 3513 1229 3573 zu
1271 3510 1342 3570 ver¬

151 3575 320 3635 stummen,
352 3572 548 3632 fragenden,
580 3570 771 3630 klagenden,
803 3566 1019 3626 anklagenden
1061 3563 1200 3623 Blickes,
1227 3561 1335 3621 Neben

150 3623 191 3683 ihm
233 3623 299 3683 war
326 3620 409 3680 Frau
440 3618 684 3678 Pünkösdy
710 3617 767 3677 gar
794 3614 980 3674 wundersam
1022 3613 1104 3673 echt:
1120 3609 1182 3669 aus
1209 3609 1343 3669 leidiger

151 3669 372 3729 Gewohnheit
403 3667 624 3727 phlegmatisch
665 3663 760 3723 milde
796 3660 1113 3720 Spitalswärterin.
1159 3661 1209 3721 In
1270 3657 1325 3717 dem

150 3718 308 3778 winzigen
346 3715 488 3775 Röllchen
525 3715 573 3775 des
611 3714 694 3774 „Dr.
716 3712 832 3772 Tann"
859 3710 960 3770 zeigte
987 3708 1065 3768 Fred
1098 3706 1340 3766 Hennings

152 3768 206 3828 mit
237 3766 418 3826 sparsamen
454 3763 599 3823 Strichen
635 3760 821 3820 zwingende
851 3757 982 3817 Gewalt
1007 3754 1062 3814 der
1088 3751 1344 3811 Charakterisie¬

151 3815 251 3875 rung.
276 3813 371 3873 Paul
402 3811 658 3871 Hartmann
694 3809 754 3869 gab
790 3808 840 3868 dem
891 3805 955 3865 Dr.
981 3800 1222 3860 Halmschläger
1258 3800 1338 3860 seine

155 3862 329 3922 herzhafte,
352 3859 452 3919 etwas
485 3857 681 3917 burschikose
708 3855 963 3915 Männlichkeit.
990 3852 1080 3912 Hans
1112 3849 1250 3909 Marr
1283 3850 1340 3910 ließ

154 3911 202 3971 als
236 3907 461 3967 Schriftsteller
495 3906 661 3966 Weihgast
689 3903 732 3963 die
766 3902 920 3962 gehörnte
949 3899 1069 3959 Würde
1097 3897 1152 3957 des
1180 3897 1339 3957 Dutzend¬

159 3955 307 4015 menschen
344 3955 405 4015 und
436 3953 647 4013 Fachsimpels
678 3951 703 4011 in
740 3951 838 4011 seiner
864 3948 981 4008 ganzen
1013 3945 1213 4005 furchtbaren
1245 3941 1342 4001 Leere

153 4005 306 4065 pffenbar
333 4003 474 4063 werden.
496 4003 580 4063 Herr
607 3999 717 4059 Heim
760 3996 865 4056 wußte
898 3996 955 4056 mit
982 3996 1034 4056 dem
1077 3993 1335 4053 lungenkranken

159 4050 389 4110 Komödianten
417 4052 593 4112 Jackwerth
628 4050 709 4110 nicht
730 4047 887 4107 allzuviel
908 4048 941 4108 zu
969 4044 1145 4104 beginnen,
1166 4041 1335 4101 immerhin

157 4103 254 4163 störte
276 4100 308 4160 er
336 4100 438 4160 nicht.

1396 315 1528 375 box
1599 312 1730 372 44/

1779 1327 2494 1387 DOBSERVER

1865 1381 1891 1441 l.
1905 1384 2024 1444 österr.
2033 1384 2183 1444 behördl.
2198 1387 2494 1447 konzessioniertes

1819 1423 2051 1483 Unternehmen
2085 1425 2131 1485 für
2155 1425 2543 1485 Zeitungs-Ausschnitte

1869 1482 2020 1542 WIEN,
2048 1486 2096 1546 I.,
2124 1486 2413 1546 WOLLZEILE
2462 1488 2502 1548 11

1965 1537 2188 1597 TELEPHON
2221 1539 2401 1599 R-23-0-43

1766 1676 1981 1736 Ausschnitt
2007 1682 2198 1742 austKLS
2236 1685 2390 1745 WIXEXE
2422 1682 2606 1742 AONANAN

2217 1799 2308 1859 16.
2323 1785 2454 1845 NOV.
2483 1769 2586 1829 1937

1843 1944 2576 2004 Tagesneuigkeiten.

1694 1999 1853 2059 Manuskripte
1873 2001 1962 2061 werden
1988 2004 2052 2064 nicht
2072 2002 2257 2062 zurückgeschickt;
2277 2002 2450 2062 Schadenersatz
2470 2002 2526 2062 wird
2553 2005 2609 2065 nicht
2629 2004 2744 2064 geleistet.

1686 2188 2393 2248 Sichnihzler=Gedenhfeier
2432 2187 2484 2247 im
2559 2189 2757 2249 Burg¬

2105 2321 2335 2381 iheutet.

1845 2394 1960 2454 Musik,
1984 2396 2067 2456 Rede
2099 2397 2151 2457 und
2184 2396 2267 2456 „Die
2299 2396 2398 2456 letzten
2437 2393 2605 2453 Masken".

1732 2453 1814 2513 Eine
1842 2453 2028 2513 weihevolle
2056 2452 2152 2512 Feier
2181 2451 2235 2511 des
2270 2452 2449 2512 Gedenkens
2505 2453 2545 2513 an
2608 2453 2690 2513 einen
2733 2451 2814 2511 Ver¬

1628 2503 1804 2563 storbenen,
1835 2502 1893 2562 mit
1923 2500 1975 2560 dem
2024 2502 2076 2562 für
2113 2501 2183 2561 eine
2213 2503 2312 2563 ganze
2348 2503 2567 2563 Generation,
2591 2500 2679 2560 deren
2721 2501 2808 2561 Haar

1625 2551 1712 2611 heute
1763 2551 1839 2611 grau
1879 2549 1911 2609 zu
1945 2551 2067 2611 werden
2106 2551 2249 2611 beginnt,
2294 2550 2348 2610 der
2404 2551 2653 2611 repräsentative
2687 2549 2807 2609 Dichter

1627 2598 1825 2658 Oesterreichs
1865 2600 2119 2660 dahingegangen
2160 2600 2204 2660 ist.
2233 2601 2346 2661 Zuerst
2375 2600 2419 2660 die
2448 2599 2719 2659 „Unvollendete"
2748 2595 2804 2655 von

1629 2646 1796 2706 Schubert,
1821 2646 1911 2706 dieses
1948 2646 2025 2706 hohe
2056 2649 2122 2709 Lied
2152 2646 2380 2706 schmerzlicher
2411 2646 2573 2706 Wehmut,
2598 2646 2802 2706 vorgetragen

1627 2697 1680 2757 von
1708 2697 1755 2757 den
1783 2697 2079 2757 Philharmonikern
2107 2697 2198 2757 unter
2220 2697 2268 2757 der
2290 2695 2489 2755 liebevollen,
2506 2695 2586 2755 jedes
2609 2694 2813 2754 Dirigenten¬

1625 2745 1763 2805 mätzchen
1798 2747 2069 2807 verschmähenden
2099 2745 2225 2805 Leitung
2261 2745 2312 2805 von
2347 2745 2497 2805 Clemens
2527 2745 2694 2805 Krauß.
2717 2743 2803 2803 Dann

1626 2796 1691 2856 eine
1722 2795 1896 2855 plastische,
1939 2796 1998 2856 nur
2053 2795 2082 2855 im
2131 2795 2293 2855 Vergleich
2330 2795 2516 2855 Schnitzlers
2553 2794 2606 2854 mit
2637 2792 2793 2852 Tschechow

1630 2840 1835 2900 Widerspruch
1863 2842 2040 2902 erweckende
2068 2843 2262 2903 Gedenkrede
2284 2843 2338 2903 von
2365 2843 2467 2903 Oskar
2489 2841 2629 2901 Maurus
2652 2842 2818 2902 Fontana,

1625 2891 1674 2951 die
1707 2891 1817 2951 Raoul
1845 2891 1988 2951 Aslan
2023 2891 2138 2951 schlicht
2172 2892 2226 2952 und
2266 2891 2398 2951 einfach,
2427 2891 2498 2951 aber
2532 2891 2697 2951 bedeutsam
2741 2888 2813 2948 vor¬

1628 2941 1734 3001 gelesen
1780 2942 1847 3002 hat.
1876 2942 2001 3002 Endlich
2041 2942 2085 3002 die
2120 2941 2250 3001 „Letzten
2290 2941 2464 3001 Masken",
2493 2939 2544 2999 die
2579 2939 2606 2999 in
2646 2939 2730 2999 mehr
2765 2939 2809 2999 als

1627 2988 1709 3048 einer
1743 2989 1881 3049 Hinsicht
1909 2990 2113 3050 schmerzliche
2147 2990 2357 3050 Erinnerung
2391 2990 2533 3050 weckten,
2562 2989 2617 3049 vor
2651 2987 2727 3047 allem
2772 2987 2805 3047 an

1627 3035 1671 3095 die
1699 3038 1970 3098 unvergleichliche
1998 3038 2125 3098 Wiener
2148 3038 2419 3098 Erstaufführung
2453 3038 2535 3098 durch
2569 3037 2625 3097 das
2653 3036 2818 3096 Ensemble

1630 3087 1785 3147 Brahms,
1802 3085 1829 3145 in
1856 3087 1904 3147 der
1932 3088 2007 3148 Max
2034 3087 2212 3147 Reinhardt
2234 3087 2287 3147 den
2315 3085 2541 3145 Rademacher,
2563 3085 2676 3145 Albert
2693 3085 2811 3145 Basser¬

1630 3135 1720 3195 mann
1749 3136 1799 3196 den
1828 3136 1985 3196 Weihgast
2008 3136 2070 3196 und
2093 3136 2183 3196 Hans
2212 3134 2330 3194 Fischer
2358 3134 2409 3194 den
2438 3135 2657 3195 Schauspieler
2675 3133 2804 3193 Florian

1630 3184 1818 3244 darstellten.
1846 3184 1889 3244 Es
1923 3185 1978 3245 gab
2011 3185 2182 3245 immerhin
2222 3183 2288 3243 eine
2322 3183 2376 3243 von
2415 3184 2531 3244 Albert
2559 3184 2703 3244 Heine
2731 3184 2819 3244 sorg¬

1625 3235 1711 3295 fältig
1750 3235 1966 3295 abgestimmte
1999 3232 2205 3292 Aufführung
2244 3232 2335 3292 dieses
2375 3232 2564 3292 Einakters,
2591 3232 2618 3292 in
2662 3231 2711 3291 dem
2765 3230 2813 3290 der

1628 3282 1716 3342 junge
1750 3282 1921 3342 Schnitzler
1949 3282 2065 3342 bereits
2099 3281 2142 3341 die
2176 3280 2248 3340 tiefe
2276 3279 2431 3339 Weisheit
2465 3281 2514 3341 der
2548 3279 2647 3339 letzten
2687 3279 2819 3339 Lebens¬

1627 3330 1729 3390 stunde
1757 3330 1886 3390 erkannt
1909 3330 2011 3390 hatte.
2034 3330 2087 3390 Als
2120 3330 2331 3390 Rademacher
2359 3329 2412 3389 bot
2434 3330 2559 3390 Onno
2592 3330 2656 3390 eine
2684 3327 2813 3387 wirklich

1625 3378 1850 3438 erschütternde
1879 3380 2043 3440 Leistung,
2066 3378 2111 3438 die
2140 3378 2309 3438 tatsächlich
2338 3378 2394 3438 aus
2428 3378 2478 3438 dem
2524 3378 2733 3438 Verständnis
2762 3377 2812 3437 für

1627 3426 1676 3486 die
1699 3428 1792 3488 letzten
1826 3429 1925 3489 Dinge
1953 3430 2101 3490 geschöpft
2124 3429 2151 3489 zu
2179 3429 2234 3489 sein
2262 3428 2350 3488 schien
2378 3427 2438 3487 und
2467 3426 2488 3486 so
2516 3426 2709 3486 überragend
2737 3428 2820 3488 war,

1627 3474 1682 3534 daß
1716 3476 1765 3536 der
1798 3476 1952 3536 Weihgast
1981 3476 2069 3536 Hans
2102 3476 2256 3536 Marrs
2290 3476 2334 3536 ihm
2379 3475 2555 3535 gegenüber
2583 3474 2610 3534 in
2644 3473 2726 3533 jeder
2755 3470 2815 3530 Be¬

1629 3525 1755 3585 ziehung
1793 3524 1902 3584 blässer
1935 3524 2076 3584 erschien.
2103 3524 2166 3584 Dem
2214 3524 2430 3584 verstorbenen
2467 3524 2588 3584 Dichter
2625 3524 2672 3584 des
2709 3522 2814 3582 Burg¬

1629 3575 1765 3635 theaters
1819 3575 1939 3635 zuliebe
1992 3574 2098 3634 hatten
2156 3575 2245 3635 Paul
2293 3575 2551 3635 Hartmann
2615 3572 2672 3632 und
2731 3572 2809 3632 Fred

1636 3623 1868 3683 Hennings
1901 3623 1944 3683 die
1971 3621 2079 3681 beiden
2112 3623 2382 3683 Sekundarärzte,
2410 3620 2544 3680 Auguste
2572 3619 2809 3679 Pünkösdy

1630 3670 1677 3730 die
1704 3670 1962 3730 Pflegeschwester
1989 3670 2238 3730 übernommen.
2260 3673 2328 3733 Das
2355 3670 2513 3730 Publikum
2556 3670 2635 3730 nahm
2683 3667 2724 3727 die
2751 3667 2819 3727 drei

1636 3718 1744 3778 Phasen
1782 3718 1836 3778 der
1864 3719 1976 3779 Feier,
1999 3721 2220 3781 Symphonie,
2243 3720 2323 3780 Rede
2362 3721 2415 3781 und
2449 3721 2594 3781 Drama,
2622 3717 2681 3777 mit
2709 3716 2821 3776 weihe¬

2668 3769 2710 3829 F.
2733 3768 2775 3828 F.

1630 3769 1725 3829 vollem
1774 3766 1949 3826 Schweigen
1988 3770 2056 3830 auf.
