3344 4320
1429 273 1552 333 box
1630 276 1814 336 42/6

140 274 256 334 2.
316 276 912 336 Schnitzler's
982 273 1215 333 Death

1131 667 1389 727 RVER

676 684 936 744 OBS

771 745 796 805 I.
810 738 930 798 österr.
939 733 1090 793 behördl.
1103 720 1401 780 konzessioniertes

725 781 957 841 Unternehmen
989 774 1036 834 für
1063 763 1446 823 Zeitungs-Ausschnitte

782 839 927 899 WIEN,
955 837 1000 897 I.,
1028 826 1312 886 WOLLZEILE
1360 819 1399 879 11

876 887 1094 947 TELEPHON
1132 877 1307 937 R-23-0-43

1577 906 1630 966 ser
1673 908 1839 968 Wacht"

1583 997 1660 1057 diese
1691 998 1806 1058 Werke
1843 1002 1903 1062 sind
1934 1007 2127 1067 durchwegs
2158 1010 2285 1070 kürzere
2322 1010 2473 1070 Arbeiten

685 1037 907 1097 Ausschnitt
930 1029 1020 1089 aus:

1590 1046 1799 1106 erzählenden
1827 1052 1981 1112 Inhalts,
2004 1055 2153 1115 Novellen
2187 1058 2247 1118 und
2275 1061 2484 1121 Noveletten.

1587 1096 1779 1156 Schnitzlers
1824 1100 1967 1160 einziger
2006 1103 2122 1163 großer
2162 1106 2288 1166 Roman
2344 1108 2470 1168 erschien

668 1151 1016 1211 -Salzburger
1067 1142 1255 1202 Wacht,

1591 1142 1688 1202 1908:
1706 1145 1792 1205 „Der
1816 1146 1890 1206 Weg
1914 1148 1965 1208 ins
1989 1151 2122 1211 Freie",
2140 1153 2203 1213 eine
2226 1154 2301 1214 groß
2330 1157 2474 1217 gesehene

1588 1192 1751 1252 Synthese
1770 1193 1826 1253 des
1852 1196 1995 1256 geistigen
2027 1198 2158 1258 Wiener
2178 1199 2303 1259 Lebens
2329 1204 2384 1264 zur
2404 1201 2478 1261 Zeit

1579 1235 1638 1295 der
1661 1239 1759 1299 letzten
1792 1243 2165 1303 Jahrhundertwende.

1031 1252 1392 1312 2.10.193.

700 1262 811 1322 vom:

1651 1285 1692 1345 Es
1722 1287 1757 1347 ist
1781 1290 1822 1350 ein
1858 1292 2154 1352 charakteristisches
2178 1295 2349 1355 Merkmal
2373 1298 2426 1358 der
2450 1298 2473 1358 so

1585 1336 1773 1396 zahlreichen
1809 1339 1921 1399 Werke
1946 1344 2157 1404 Schnitzlers,
2176 1345 2223 1405 die
2247 1345 2299 1405 dem
2341 1347 2476 1407 Wiener

1589 1384 1700 1444 Milieu
1737 1387 1949 1447 entstammen
1986 1390 2044 1450 und
2081 1392 2151 1452 auch
2187 1393 2316 1453 solcher,
2341 1394 2388 1454 die
2418 1392 2482 1452 erst

1583 1428 1612 1488 in
1643 1433 1697 1493 den
1734 1434 1915 1494 allerletzten
1952 1437 2073 1497 Jahren
2110 1440 2279 1500 erschienen
2310 1442 2394 1502 sind,
2419 1443 2473 1503 daß

1588 1476 1623 1536 sie
1654 1482 1786 1542 zumeist
1817 1484 1925 1544 Bilder
1957 1485 2010 1545 der
2047 1485 2119 1545 Zeit
2144 1488 2210 1548 aus
2241 1490 2294 1550 des
2332 1490 2476 1550 Dichters

718 1501 878 1561 Artur
917 1507 1177 1567 Schnitzler
1215 1509 1500 1569 gestorben.

1587 1528 1731 1588 jüngeren
1766 1530 1887 1590 Jahren
1923 1533 2038 1593 geben.
2062 1533 2165 1593 Einer
2189 1535 2252 1595 viel
2276 1539 2466 1599 sorgloseren

724 1564 870 1624 Wien,
896 1569 944 1629 21.
969 1569 1123 1629 Oktober.
1142 1571 1246 1631 Heute
1271 1572 1486 1632 nachmittags
1517 1572 1553 1632 ist
1591 1576 1652 1636 und
1677 1579 1996 1639 unbekümmerteren
2028 1579 2131 1639 Welt,
2151 1582 2193 1642 als
2219 1584 2249 1644 es
2280 1586 2322 1646 die
2348 1586 2476 1646 heutige

659 1613 712 1673 der
737 1613 808 1673 weit
827 1616 904 1676 über
923 1616 970 1676 die
995 1617 1139 1677 Grenzen
1164 1621 1374 1681 Oesterreichs
1392 1622 1548 1682 bekannte
1586 1622 1639 1682 ist,
1658 1624 1747 1684 eines
1772 1626 1867 1686 satten
1904 1627 1963 1687 und
1994 1628 2090 1688 dabei
2115 1631 2355 1691 schöngeiftigen
2386 1631 2475 1691 Bür¬

661 1664 869 1724 Dramatiker
900 1664 961 1724 und
986 1665 1145 1725 Erzähler
1170 1668 1273 1728 Artur
1305 1669 1549 1729 Schnitzler
1581 1670 1752 1730 gertums,
1765 1673 1801 1733 an
1826 1675 1887 1735 das
1912 1673 2015 1733 soziale
2041 1676 2218 1736 Probleme
2237 1680 2328 1740 selten
2360 1681 2475 1741 heran¬

658 1709 686 1769 im
739 1709 797 1769 70.
820 1712 1041 1772 Lebensjahre
1079 1716 1152 1776 nach
1183 1718 1292 1778 kurzem
1345 1718 1463 1778 Leiden
1501 1717 1552 1777 ge=
1575 1718 1707 1778 treten.
1744 1720 1855 1780 Selten
1900 1724 1995 1784 hallen
2040 1724 2122 1784 seine
2152 1726 2269 1786 Werke
2300 1730 2328 1790 in
2366 1730 2454 1790 einem

660 1760 801 1820 storben.

1581 1766 1716 1826 schrillen
1746 1769 1813 1829 Ton
1848 1772 1927 1832 aus,
1950 1772 1983 1832 sie
2012 1775 2194 1835 verklingen
2234 1778 2290 1838 und
2324 1781 2477 1841 verdäm¬

1582 1813 1692 1873 mern.
1723 1816 1827 1876 Seine
1852 1819 1962 1879 weiche
1994 1821 2054 1881 und
2086 1822 2183 1882 dabei
2209 1823 2257 1883 oft
2283 1825 2466 1885 spielerische

725 1849 827 1909 Artur
857 1853 1027 1913 Schnitzler
1057 1858 1174 1918 wurde
1204 1858 1240 1918 am
1286 1858 1344 1918 15.
1367 1858 1440 1918 Mai
1463 1858 1543 1918 1862

1584 1864 1800 1924 Behandlung
1831 1866 1885 1926 der
1915 1867 2090 1927 Probleme
2121 1870 2192 1930 läßt
2217 1873 2392 1933 Schnitzler
2423 1875 2470 1935 als

661 1900 686 1960 in
724 1900 811 1960 Wien
849 1903 1012 1963 geboren,
1037 1903 1087 1963 als
1119 1904 1206 1964 Sohn
1245 1906 1300 1966 des
1332 1908 1545 1968 ordentlichen
1583 1912 1877 1972 ausgesprochenen
1910 1915 2166 1975 österreichischen
2198 1919 2323 1979 Dichter
2349 1920 2480 1980 erschei¬

659 1947 844 2007 Professors
875 1946 904 2006 an
941 1948 988 2008 der
1020 1952 1151 2012 Wiener
1176 1954 1393 2014 Universität,
1411 1957 1471 2017 Dr.
1489 1955 1549 2015 Jo=
1580 1957 1663 2017 nen,
1682 1960 1729 2020 als
1755 1962 1880 2022 Dichter
1905 1963 1988 2023 eines
2019 1968 2242 2028 vergangenen
2278 1969 2392 2029 Wien,
2405 1969 2470 2029 des¬

651 1996 737 2056 hann
771 1996 963 2056 Schnitzler,
984 1999 1070 2059 eines
1104 2002 1355 2062 Laryngologen
1390 2004 1449 2064 von
1483 2002 1548 2062 Be=
1576 2003 1621 2063 sen
1656 2010 1848 2070 Landschaft
1868 2012 1927 2072 und
1961 2014 2153 2074 Umgebung
2181 2018 2207 2078 in
2241 2019 2340 2079 seinen
2374 2021 2466 2081 Wer¬

653 2043 818 2103 deutung.
851 2045 1024 2105 Schnitzler
1050 2048 1203 2108 studierte
1236 2052 1409 2112 gleichfalls
1441 2049 1549 2109 Medi=
1582 2053 1633 2113 ken
1660 2057 1806 2117 lebendig
1833 2060 1934 2120 wird.

659 2095 698 2155 zin
738 2093 795 2153 und
829 2092 896 2152 war
926 2092 976 2152 bis
1011 2094 1084 2154 1893
1119 2097 1271 2157 Assistent
1301 2100 1396 2160 seines
1431 2098 1549 2158 Vaters

655 2138 689 2198 an
729 2139 785 2199 der
825 2139 955 2199 Wiener
989 2143 1203 2203 allgemeinen
1249 2145 1441 2205 Poliklinik.
1476 2146 1543 2206 Den

653 2187 947 2247 militärärztlichen
974 2191 1101 2251 Dienst,
1121 2191 1139 2251 in
1172 2193 1222 2253 den
1249 2194 1422 2254 Schnitzler
1448 2193 1550 2253 später

653 2236 735 2296 trat,
754 2236 865 2296 mußte
890 2235 918 2295 er
943 2238 1013 2298 nach
1043 2238 1096 2298 der
1120 2241 1421 2301 Veröffentlichung
1445 2243 1545 2303 seines

656 2285 849 2345 „Leutnant
874 2285 985 2345 Gustl"
1015 2288 1197 2348 aufgeben.
1227 2289 1308 2349 Bald
1338 2291 1485 2351 widmete
1515 2291 1544 2351 er

657 2334 707 2394 sich
739 2333 974 2393 ausschließlich
1006 2335 1055 2395 der
1088 2336 1277 2396 Literatur.

718 2390 783 2450 Die
821 2393 1042 2453 Atmosphäre
1087 2394 1138 2454 der
1184 2396 1389 2456 Geistigkeit,
1420 2396 1471 2456 die
1516 2396 1545 2456 in

655 2439 846 2499 Schnitzlers
878 2440 1070 2500 Vaterhaus
1102 2443 1274 2503 herrschte,
1294 2444 1344 2504 die
1371 2443 1453 2503 enge
1486 2440 1549 2500 Be¬

650 2486 799 2546 rührung
846 2488 909 2548 mit
950 2488 1001 2548 der
1036 2491 1256 2551 sogenannten
1297 2494 1388 2554 guten
1429 2491 1550 2551 Gesell¬

654 2536 746 2596 schaft
775 2536 827 2596 der
862 2533 936 2593 80er
972 2537 1029 2597 und
1070 2538 1139 2598 90er
1175 2539 1295 2599 Jahre,
1319 2542 1405 2602 einer
1441 2542 1550 2602 eigen¬

642 2584 794 2644 artigen,
814 2587 966 2647 spezifisch
992 2587 1258 2647 österreichischen
1291 2589 1455 2649 Mischung
1487 2590 1544 2650 von

652 2632 861 2692 heterogenen
900 2634 1110 2694 Elementen,
1132 2636 1187 2696 von
1221 2636 1419 2696 Gelehrten,
1436 2635 1551 2695 Groß¬

647 2679 857 2739 kaufleuten,
891 2680 1102 2740 Advokaten,
1143 2685 1342 2745 Künstlern,
1382 2685 1547 2745 Bankiers

654 2729 689 2789 u.
708 2728 755 2788 a.,
781 2729 835 2789 der
865 2728 944 2788 enge
975 2731 1119 2791 Kontakt
1150 2731 1211 2791 mit
1236 2730 1289 2790 den
1327 2732 1459 2792 Größen
1496 2733 1550 2793 der

653 2775 765 2835 „ersten
807 2775 967 2835 deutschen
1009 2778 1168 2838 Bühne",
1199 2778 1252 2838 des
1288 2781 1554 2841 Burgtheaters,

647 2823 694 2883 die
719 2823 742 2883 in
772 2823 872 2883 seines
897 2824 1015 2884 Vaters
1040 2827 1146 2887 Hause
1170 2829 1247 2889 aus-
1272 2829 1331 2889 und
1355 2832 1550 2892 eingingen,

644 2870 865 2930 beeinflußten
913 2875 1111 2935 Schnitzlers
1153 2876 1404 2936 Entwicklung;
1446 2876 1545 2936 dieses

648 2921 897 2981 Jugendmilieu
928 2921 1038 2981 drückt
1063 2924 1166 2984 seinem
1215 2927 1355 2987 späteren
1392 2925 1538 2985 Schaffen

648 2968 731 3028 nicht
760 2969 900 3029 weniger
929 2971 984 3031 den
1020 2971 1175 3031 Stempel
1197 2974 1259 3034 auf
1281 2975 1344 3035 wie
1373 2975 1428 3035 sein
1457 2975 1548 3035 ärzt¬

639 3016 733 3076 licher
759 3016 891 3076 Beruf.

713 3064 898 3124 Abgesehen
928 3067 984 3127 von
1014 3064 1192 3124 kleineren,
1208 3069 1321 3129 längst
1344 3070 1536 3130 vergessenen

643 3112 816 3172 Arbeiten,
842 3114 915 3174 war
947 3115 1002 3175 sein
1040 3115 1157 3175 erstes,
1183 3115 1541 3175 aufsehenerregendes

644 3160 703 3220 und
739 3160 762 3220 in
799 3162 851 3222 der
876 3163 1065 3223 damaligen
1102 3166 1173 3226 Zeit
1203 3163 1250 3223 als
1281 3163 1357 3223 kühn
1387 3165 1547 3225 empfun¬

644 3208 745 3268 denes
780 3208 893 3268 Werk:
922 3214 1110 3274 „Anatol",
1139 3211 1206 3271 eine
1235 3211 1337 3271 Reihe
1372 3212 1428 3272 von
1469 3213 1547 3273 dra¬

647 3256 812 3316 matischen
842 3257 1026 3317 Dialogen,
1050 3258 1097 3318 die
1122 3258 1186 3318 mit
1210 3258 1292 3318 ihren
1329 3258 1423 3318 scharf
1447 3261 1547 3321 beob¬

643 3304 779 3364 achteten
813 3306 978 3366 Menschen
1007 3306 1068 3366 und
1091 3306 1182 3366 deren
1217 3308 1375 3368 graziöser
1399 3309 1539 3369 Sprache

644 3353 666 3413 in
708 3351 789 3411 einer
819 3351 882 3411 fast
906 3354 1116 3414 spielerischen
1146 3354 1215 3414 Art
1239 3357 1314 3417 schon
1350 3354 1395 3414 die
1426 3357 1547 3417 Eigen¬

647 3402 698 3462 art
722 3401 779 3461 von
815 3402 1006 3462 Schnitzlers
1036 3405 1157 3465 Talent
1180 3405 1308 3465 zeigen.
1343 3402 1418 3462 Sein
1453 3408 1545 3468 näch¬

645 3448 702 3508 stes
743 3450 801 3510 und
836 3451 969 3511 zugleich
1005 3451 1062 3511 das
1098 3453 1172 3513 erste
1208 3453 1416 3513 aufgeführte
1452 3453 1544 3513 Werk

647 3497 717 3557 war
748 3494 829 3554 „Das
860 3497 1036 3557 Märchen"
1072 3498 1196 3558 (1893).
1215 3499 1255 3559 In
1285 3501 1338 3561 der
1362 3501 1450 3561 gleich
1480 3502 1533 3562 den

637 3545 880 3605 vorgenannten
911 3548 1142 3608 Schöpfungen
1173 3546 1225 3606 dem
1262 3548 1392 3608 Wiener
1416 3548 1534 3608 Milieu

646 3591 898 3651 entnommenen
935 3596 1133 3656 „Liebelei",
1152 3598 1344 3658 Schnitzlers
1375 3599 1543 3659 seinerzeit

647 3641 905 3701 meistgespieltem
960 3644 1163 3704 Schauspiel,
1185 3644 1285 3704 klingt
1314 3644 1367 3704 das
1402 3645 1544 3705 Anatol¬

646 3691 742 3751 motiv
771 3688 906 3748 wieder.
935 3689 1042 3749 Dessen
1076 3693 1325 3753 Uraufführung
1360 3694 1466 3754 (1895)
1484 3693 1517 3753 am

647 3738 865 3798 Burgtheater
889 3736 954 3796 war
978 3739 1167 3799 Schnitzlers
1197 3739 1285 3799 erster
1310 3741 1427 3801 großer
1451 3742 1539 3802 Büh¬

643 3787 827 3847 nenerfolg.
865 3787 908 3847 In
952 3789 1044 3849 Wien
1083 3790 1180 3850 spielt
1213 3790 1283 3850 auch
1322 3788 1375 3848 das
1414 3790 1538 3850 nächste

647 3835 759 3895 Stück:
783 3832 978 3892 „Freiwild"
1014 3836 1137 3896 (1896).
1162 3837 1202 3897 In
1232 3838 1315 3898 diese
1339 3838 1445 3898 Jahre
1469 3838 1539 3898 fällt

637 3879 683 3939 die
707 3880 906 3940 Entstehung
935 3882 987 3942 des
1017 3883 1204 3943 „Reigen",
1222 3888 1291 3948 zehn
1322 3885 1450 3945 Szenen
1480 3885 1537 3945 mit

642 3930 695 3990 dem
743 3930 875 3990 gleichen
913 3930 1076 3990 erotischen
1114 3931 1357 3991 Grundmotiv,
1384 3935 1426 3995 die
1458 3933 1537 3993 aber

637 3975 695 4035 erst
725 3976 788 4036 viel
818 3978 922 4038 später
958 3979 1103 4039 gedruckt
1133 3979 1197 4039 und
1233 3981 1308 4041 1920
1344 3981 1536 4041 aufgeführt

636 4026 794 4086 wurden.
822 4028 1019 4088 Schnitzlers
1048 4026 1166 4086 Werke
1194 4029 1295 4089 reihen
1335 4029 1380 4089 sich
1415 4030 1476 4090 nun
1510 4029 1538 4089 in

638 4074 762 4134 rascher
786 4075 904 4135 Folge.
935 4075 982 4135 Es
1006 4076 1207 4136 erschienen:
1231 4078 1320 4138 „Das
1350 4078 1539 4138 Vermächt¬

641 4122 717 4182 nis"
751 4122 878 4182 (1897),
901 4124 950 4184 die
978 4124 1050 4184 drei
1078 4127 1255 4187 Einakter:
1283 4127 1543 4187 „Paracelsus“,
