3436 4352
1551 356 1673 416 box
1751 354 1982 414 43/26

438 371 1023 431 Schnitzler's
1090 362 1324 422 Death

253 377 372 437 12.

1326 735 2051 795 OBSERVER

1419 810 1439 870 l.
1452 807 1579 867 österr.
1588 798 1740 858 behördl.
1754 786 2054 846 konzessioniertes

241 801 959 861 OBSERVER

1376 846 1613 906 Unternehmen
1640 840 1691 900 für
1713 828 2101 888 Zeitungs-Ausschnitte

325 861 350 921 I.
363 861 484 921 österr.
497 857 643 917 behördl.
656 850 961 910 konzessioniertes

282 900 519 960 Unternehmen
549 897 596 957 für
622 891 1009 951 Zeitungs-Ausschnitte

1426 903 1577 963 WIEN,
1605 902 1651 962 I.,
1678 894 1970 954 WOLLZEILE
2017 888 2056 948 11

1528 952 1743 1012 TELEPHON
1779 942 1953 1002 R-23-0-43

341 959 488 1019 WIEN,
517 958 563 1018 I.,
590 953 874 1013 WOLLZEILE
921 950 968 1010 11

435 1009 648 1069 TELEPHON
681 1002 858 1062 R-23-0-43

2082 1127 2215 1187 Bern

1474 1150 1638 1210 Ver
1696 1145 1943 1205 Bund

1256 1153 1377 1213 irnal:

240 1155 462 1215 Ausschnitt
486 1153 577 1213 aus:

1802 1200 1833 1260 er
1873 1197 1891 1257 pe

1257 1229 1382 1289 resse:

1880 1243 2126 1303 JCIODAE

1266 1309 1322 1369 te:
1337 1300 1818 1360 Abend=Ausgabe

442 1317 501 1377 10
639 1321 697 1381 16

1521 1449 1808 1509 Schnitzlers
1853 1460 2062 1520 Nachlaß

1359 1506 1404 1566 In
1444 1512 1586 1572 Nachlaß
1615 1518 1802 1578 Schnitzlers
1832 1524 1985 1584 befinden
2014 1532 2065 1592 sich
2089 1537 2139 1597 die
2163 1542 2264 1602 Frag.

435 1542 563 1602 Arthur
600 1546 796 1606 Schuitzlers
840 1553 1047 1613 literarischer
1085 1553 1195 1613 Nach¬

1322 1550 1424 1610 mente
1451 1553 1538 1613 eines
1564 1559 1735 1619 Nomans,
1751 1562 1838 1622 eines
1865 1571 2071 1631 Schauspiels
2097 1583 2185 1643 „Zug
2211 1585 2262 1645 der

325 1588 407 1648 laß.
440 1589 510 1649 Aus
536 1592 663 1652 Wien
697 1595 779 1655 wird
812 1598 997 1658 gemeidet:
1024 1603 1100 1663 Das
1126 1604 1196 1664 sehr

1320 1593 1492 1653 Schatten“
1537 1598 1630 1658 sowie
1665 1607 1989 1667 Tagebuchnotizen,
2015 1618 2064 1678 die
2099 1621 2148 1681 bis
2183 1625 2256 1685 1895

328 1640 576 1700 umfangreiche
614 1644 814 1704 Testament
841 1646 898 1706 des
936 1651 1089 1711 Dichters
1126 1651 1200 1711 ent¬

1312 1637 1536 1697 zurückreichen
1571 1643 1632 1703 und
1662 1646 1718 1706 vom
1757 1653 1886 1713 Dichter
1915 1657 1944 1717 zu
1978 1661 2063 1721 einer
2093 1667 2260 1727 Autobio¬

328 1684 403 1744 hält
441 1688 522 1748 über
561 1690 615 1750 den
659 1694 881 1754 literarischen
925 1699 1071 1759 Nachlaß
1115 1702 1195 1762 aus¬

1310 1682 1448 1742 graphie
1473 1685 1680 1745 verarbeitet
1704 1692 1824 1752 werden
1858 1701 1988 1761 sollten.
2017 1707 2079 1767 Die
2103 1712 2257 1772 Verwal¬

1315 1724 1391 1784 tung
1418 1727 1469 1787 des
1490 1730 1690 1790 Nachlasses,
1706 1736 1757 1796 der
1773 1740 1917 1800 darüber
1938 1747 2056 1807 hinaus
2082 1755 2252 1815 zahlreiche

330 1733 485 1793 führliche
515 1739 816 1799 Bestimmungen.
840 1744 1018 1804 Zunächst:
1042 1747 1111 1807 Die
1129 1746 1197 1806 Ta¬

326 1781 485 1841 gebüchet
517 1784 630 1844 dürfen
667 1786 728 1846 von
770 1790 821 1850 nie
838 1793 925 1853 nand
962 1795 1080 1855 gelesen
1117 1795 1199 1855 wer¬

326 1828 408 1888 den,
431 1831 502 1891 auch
536 1834 597 1894 vom
642 1836 740 1896 Sohn
781 1839 874 1899 nicht;
902 1841 951 1901 die
980 1844 1196 1904 Tagebücher

1280 1840 1559 1900 Aufzeichnungen
1590 1840 1652 1900 und
1678 1845 1807 1905 Skizzen
1834 1846 1983 1906 enthält,
2004 1852 2081 1912 liegt
2108 1855 2133 1915 in
2165 1855 2216 1915 den

327 1876 376 1936 bis
421 1879 509 1939 1899
549 1882 665 1942 dürfen
711 1888 877 1948 vielmehr
916 1890 983 1950 erst
1044 1895 1188 1955 zwanzig

1275 1882 1407 1942 Händen
1443 1883 1496 1943 des
1526 1885 1777 1945 Dramaturgen
1821 1890 1875 1950 der
1915 1896 2219 1956 Reinhardt=Büh¬

328 1927 441 1987 Jahre
469 1927 538 1987 nach
572 1930 625 1990 dem
675 1933 750 1993 Tod
783 1933 837 1993 des
871 1937 1043 1997 Dichters,
1066 1938 1114 1998 die
1142 1939 1195 1999 an¬

1275 1925 1351 1985 nen,
1378 1927 1444 1987 Dr.
1471 1928 1578 1988 Hosch,
1605 1929 1656 1989 der
1687 1933 1913 1993 gegenwärtig
1950 1937 2022 1997 eine
2053 1941 2207 2001 Sichtung

1276 1968 1484 2028 vornimmt.

325 1974 422 2034 deren
466 1976 525 2036 erst
558 1978 676 2038 vierzig
715 1983 828 2043 Jahre
867 1984 975 2044 später
1013 1988 1196 2048 veröffent¬

1316 2011 1390 2071 Wie
1417 2022 1469 2082 der
1502 2022 1591 2082 Sohn
1623 2025 1814 2085 Schnitzlers
1846 2031 2005 2091 mitteilt,
2026 2034 2085 2094 hat
2112 2034 2143 2094 er
2170 2034 2195 2094 im

325 2022 396 2082 licht
433 2024 577 2084 werden.
604 2026 650 2086 Es
687 2029 764 2089 gibt
795 2031 867 2091 auch
909 2031 976 2091 eine
1007 2034 1198 2094 Lebensbe¬

1274 2065 1412 2125 Nachlaß
1439 2068 1536 2128 seines
1563 2067 1681 2127 Vaters
1707 2071 1856 2131 folgende
1877 2077 2113 2137 Verfügungen
2140 2079 2211 2139 vor¬

324 2070 511 2130 schreibung
556 2075 772 2135 Schnitzlers,
806 2079 861 2139 die
900 2080 1066 2140 ebenfalls
1133 2086 1199 2146 erst

1269 2109 1454 2169 gefunden:
1490 2111 1794 2171 „Bestimmungen,
1810 2116 1855 2176 die
1872 2118 1907 2178 ich
1928 2118 2020 2178 gleich
2047 2121 2113 2181 nach
2134 2121 2216 2181 mei¬

326 2120 504 2180 frühestens
538 2120 565 2180 in
599 2124 744 2184 zwanzig
785 2127 913 2187 Jahren
952 2129 1007 2189 der
1036 2131 1198 2191 Oeffent¬

1269 2153 1323 2213 nem
1374 2153 1520 2213 Ableben
1556 2155 1586 2215 zu
1622 2155 1758 2215 erfüllen
1798 2156 1899 2216 bitte:
1925 2161 2101 2221 Herzstich,
2127 2156 2212 2216 keine

319 2165 446 2225 lichkeit
484 2171 776 2231 bekanntgegeben
825 2175 951 2235 werden
1001 2179 1095 2239 darf.
1133 2181 1180 2241 Im

1270 2196 1417 2256 Kränze,
1452 2197 1540 2257 keine
1575 2196 1708 2256 schwarz
1748 2200 1934 2260 umrahmte
1969 2198 2219 2258 Kundgebung,

326 2216 519 2276 Testament
548 2216 635 2276 heißt
658 2220 691 2280 es
720 2222 886 2282 wörtlich,
908 2226 969 2286 daß
997 2228 1124 2288 sowohl
1147 2228 1196 2288 die

1269 2240 1338 2300 auch
1374 2240 1404 2300 in
1445 2240 1500 2300 der
1531 2240 1672 2300 Zeitung
1718 2241 1819 2301 nicht.
1865 2243 2061 2303 Begräbnis
2108 2241 2218 2301 letzter

325 2264 626 2324 Autobiographie
669 2267 722 2327 als
765 2270 838 2330 auch
881 2273 934 2333 die
977 2276 1193 2336 Tagebücher

1266 2282 1395 2342 Klasse.
1423 2285 1492 2345 Das
1520 2285 1607 2345 durch
1634 2285 1818 2345 Befolgung
1852 2285 1948 2345 dieser
1971 2285 2209 2345 Verfügungen

323 2315 372 2375 „in
411 2312 515 2372 keiner
550 2315 660 2375 Weise
699 2320 887 2380 verfälscht,
921 2322 987 2382 also
1021 2325 1109 2385 nicht
1137 2326 1192 2386 ge¬

1269 2327 1435 2387 erübrigte
1476 2328 1560 2388 Gelb
1607 2330 1647 2390 ist
1682 2331 1935 2391 Spitalzwecken
1981 2330 2222 2390 zuzuwenden.

321 2359 474 2419 mildert,
506 2362 638 2422 gekürzt
675 2365 760 2425 oder
797 2368 944 2428 sonstwie
988 2370 1182 2430 verändert“

1269 2371 1374 2431 Keine
1405 2371 1541 2431 Reden,
1561 2371 1789 2431 Vermeidung
1825 2374 1910 2434 allen
1946 2371 2102 2431 rituellen
2143 2371 2223 2431 Bei¬

320 2407 449 2467 werden
487 2410 627 2470 dürfen.
655 2413 768 2473 Unter
801 2414 854 2474 den
898 2420 1189 2480 unveröffentlich¬

1269 2413 1387 2473 werks.
1424 2416 1527 2476 Keine
1559 2418 1811 2478 Trauerkränze
1844 2419 1910 2479 nach
1947 2419 2071 2479 meinem
2118 2416 2221 2476 Tode.

1273 2458 1408 2518 Absolut
1439 2461 1536 2521 keine.

319 2455 370 2515 ten
404 2456 534 2516 Werken
569 2458 767 2518 Schnitzlers
796 2464 903 2524 findet
926 2466 976 2526 sich
1006 2467 1067 2527 vor
1091 2470 1169 2530 allem

2106 2465 2174 2525 ag.

317 2503 388 2563 „ine
417 2506 516 2566 Reihe
544 2508 599 2568 von
633 2509 832 2569 Einaktern,
855 2512 904 2572 die
927 2514 1015 2574 meist
1038 2517 1098 2577 aus
1126 2518 1192 2578 viel

317 2553 472 2613 früheren
517 2556 650 2616 Jahren
689 2559 872 2619 stammen.
906 2562 1084 2622 Darunter
1124 2565 1190 2625 sind

1351 2588 1418 2648 Exi
1441 2589 1496 2649 eit
1519 2592 1557 2652 du
1592 2595 1765 2655 Journal:

317 2601 394 2661 auch
428 2601 543 2661 solche,
571 2604 620 2664 die
654 2605 736 2665 schon
776 2605 803 2665 in
842 2612 1190 2672 Schreibmaschinen¬

322 2649 425 2709 schrift
451 2652 654 2712 übertragen
690 2655 846 2715 wurden,
867 2658 939 2718 doch
976 2660 1085 2720 weisen
1117 2661 1189 2721 auch

1868 2655 2151 2715 COPENHACUE

314 2696 398 2756 diese
441 2700 678 2760 Reinschriften
721 2704 842 2764 immer
885 2706 1007 2766 wieder
1050 2709 1191 2769 Korrek¬

1363 2698 1400 2758 Ad
1439 2702 1529 2762 ue:
1554 2714 1697 2774 TIE

1750 2752 1804 2812 28
1837 2738 2107 2798 OCTOBRE
2151 2727 2214 2787 35

316 2744 409 2804 turen
443 2747 515 2807 auf.
537 2747 614 2807 Fast
643 2750 813 2810 vollendet
836 2753 991 2813 erscheint
1013 2755 1057 2815 ein
1080 2757 1190 2817 Stück,

318 2791 416 2851 dessen
456 2796 672 2856 vorläufiger
700 2798 799 2858 Titel
827 2801 927 2861 „Das
960 2803 1081 2863 Wort“
1115 2805 1187 2865 lau¬

1371 2804 1490 2864 Det:

314 2839 398 2899 tete.
436 2843 563 2903 Ferner
600 2846 780 2906 Entwürfe
823 2849 854 2909 zu
903 2849 993 2909 einem
1051 2855 1183 2915 Drama

314 2889 378 2949 aus
422 2890 481 2950 der
519 2894 849 2954 Landsknechtszeit,
882 2898 935 2958 die
975 2901 1044 2961 auch
1088 2903 1168 2963 schon

310 2938 452 2998 ziemlich
485 2938 563 2998 weit
590 2944 801 3004 ausgeführt
834 2944 965 3004 waren.
992 2947 1081 3007 Sehr
1113 2948 1187 3008 um¬

316 2989 479 3049 fangreich
517 2986 553 3046 ist
586 2988 644 3048 das
681 2993 903 3053 vorhandene
941 2996 1184 3056 Novellenma¬

1374 3031 1714 3091 Schnitzlers
1745 3028 2070 3088 Testament

310 3034 434 3094 terial.
456 3037 504 3097 Es
537 3040 650 3100 finden
688 3040 736 3100 sich
775 3042 807 3102 so
840 3043 974 3103 manche
1007 3046 1190 3106 darunter,

312 3082 366 3142 die
405 3086 531 3146 dreißig
582 3088 648 3148 und
693 3089 813 3149 vierzig
863 3092 979 3152 Jahre
1018 3093 1189 3153 zurücklie¬

1353 3132 1432 3192 Han
1476 3131 1617 3191 onsker
1642 3127 2030 3187 Fattigbegravelse.

310 3130 366 3190 gen
408 3132 470 3192 und
507 3134 651 3194 niemals
688 3135 744 3195 zur
781 3140 1097 3200 Veröffentlichung
1134 3140 1190 3200 be¬

311 3180 430 3240 stimmt
467 3180 597 3240 waren.
629 3183 675 3243 Es
712 3186 847 3246 dürften
895 3188 968 3248 auch
1005 3189 1077 3249 jetzt
1109 3191 1181 3251 nach

1752 3207 1883 3267 Berlin,
1905 3207 2062 3267 Torsdag.

314 3226 366 3286 dem
415 3228 489 3288 Tod
516 3231 569 3291 des
601 3232 755 3292 Dichters
787 3233 872 3293 viele
894 3236 978 3296 nicht
1000 3237 1090 3297 mehr
1117 3236 1191 3296 her¬

1404 3261 1424 3321 I
1440 3261 1481 3321 sit
1502 3258 1678 3318 Testament
1704 3255 1755 3315 har
1776 3255 1895 3315 Arthur
1916 3254 2092 3314 Schnitzler

309 3279 526 3339 ausgegeben
559 3279 707 3339 werden.
729 3283 814 3343 Auch
846 3285 952 3345 große
979 3285 1074 3345 Teile
1101 3286 1185 3346 eines

1350 3309 1502 3369 bestemt,
1517 3306 1551 3366 at
1571 3306 1625 3366 der
1645 3306 1713 3366 ikke
1739 3303 1802 3363 maa
1832 3303 1969 3363 afholdes
1994 3303 2087 3363 nogen

314 3325 493 3385 Romans,
515 3326 572 3386 für
599 3326 656 3386 den
694 3329 883 3389 allerdings
921 3333 989 3393 noch
1027 3333 1110 3393 kein/
1122 3335 1184 3395 Ti¬

1351 3356 1671 3416 Sergehejtidelighed
1715 3350 1763 3410 for
1797 3350 1888 3410 ham.
1938 3350 2008 3410 Han
2052 3350 2100 3410 vil

313 3371 360 3431 tel
391 3372 450 3432 vom
499 3377 638 3437 Dichter
669 3381 814 3441 gegeben
856 3383 946 3443 war,
972 3383 1092 3443 fanden
1128 3386 1182 3446 sich

1353 3407 1427 3467 have
1469 3404 1506 3464 en
1539 3403 1585 3463 6.
1619 3400 1740 3460 Klasses
1778 3401 1978 3461 Begravelse,
2012 3399 2086 3459 uden

315 3420 395 3480 vor.

1356 3455 1494 3515 Kranse,
1510 3455 1541 3515 og
1569 3453 1621 3513 de,
1638 3452 1691 3512 der
1712 3449 1807 3509 folger
1829 3451 1919 3511 ham,
1936 3449 1998 3509 maa
2026 3449 2094 3509 ikke

1355 3504 1437 3564 mode
1462 3503 1476 3563 i
1496 3503 1559 3563 sort
1584 3500 1651 3560 Tej.

815 3538 1246 3598 LENDAUSGABE

1408 3550 1585 3610 Schnitzler
1613 3547 1663 3607 har
1692 3547 1841 3607 efterladt
1869 3547 1907 3607 sig
1941 3547 1968 3607 et
1997 3545 2096 3605 Skue¬

1354 3606 1428 3666 spil,
1460 3600 1656 3660 Skyggernes
1692 3598 1767 3658 Tog,
1794 3595 1828 3655 en
1864 3595 1975 3655 næsten
2016 3592 2101 3652 fuld¬

1355 3649 1428 3709 endt
1458 3647 1571 3707 Roman
1611 3646 1645 3706 og
1690 3646 1797 3706 talrige
1827 3644 2093 3704 avtobiografiske

395 3654 511 3714 vom:

791 3685 856 3745 26
913 3682 1044 3742 OKT.
1064 3673 1165 3733 1037

1343 3697 1580 3757 Optegnelser,

311 3846 482 3906 Schnitzlerg
504 3843 654 3903 Nachlaß.
690 3842 723 3902 Im
765 3837 937 3897 Testament
966 3834 1054 3894 Artur
1083 3831 1254 3891 Schnitzlers
1275 3830 1336 3890 sind
1358 3827 1412 3887 be¬

240 3888 352 3948 sondere
384 3886 595 3946 Verfugungen
631 3884 703 3944 üde.
735 3879 827 3939 seinen
863 3876 1053 3936 literarischen
1090 3874 1214 3934 „achlaß
1250 3871 1414 3931 enthalten.

231 3932 285 3992 Die
317 3929 511 3989 Verwaltung
553 3929 597 3989 des
635 3925 824 3985 literarischen
861 3920 956 3980 Erbes
993 3917 1065 3977 wird
1102 3917 1183 3977 neben
1224 3916 1273 3976 dem
1324 3915 1405 3975 Sohn

232 3973 403 4033 Schnitzlers
432 3971 480 4031 der
509 3971 561 4031 mit
580 3970 627 4030 dem
666 3968 775 4028 Dichter
805 3966 852 4026 seit
876 3962 985 4022 Jahren
1019 3959 1200 4019 befreundete
1229 3957 1405 4017 Dramaturg

232 4018 278 4078 der
306 4016 445 4076 Berliner
478 4011 803 4071 Reinhardt=Bühnen,
827 4007 882 4067 Dr.
911 4006 1008 4066 Franz
1036 4004 1180 4064 Horch,
1204 4001 1417 4061 übernehmen,

232 4058 287 4118 Der
315 4058 445 4118 Nachlaß
478 4056 589 4116 enthält
613 4054 697 4114 unter
725 4049 850 4109 anderem
893 4049 929 4109 ein
962 4047 1013 4107 fest
1037 4046 1213 4106 vollendetes
1247 4043 1418 4103 Schauspiel

245 4103 309 4163 „Der
340 4103 400 4163 Zug
430 4100 481 4160 der
501 4098 662 4158 Schatten“
688 4093 783 4153 ferner
813 4091 1065 4151 Aufzeichnungen
1096 4088 1327 4148 biographisher
1353 4085 1422 4145 Art,

238 4144 277 4204 die
312 4146 341 4206 zu
380 4142 463 4202 einem
518 4139 827 4199 autobiographischen
866 4132 955 4192 Werk
989 4129 1264 4189 zusammengefaßt
1304 4126 1411 4186 werden

241 4189 334 4249 ollen,
359 4189 413 4249 und
448 4186 624 4246 Bruchstücke
655 4184 733 4244 eines
763 4180 954 4240 begonnenen
989 4176 1141 4236 Romans.

2804 1683 3081 1743 RVER

2378 1688 2629 1748 OBS

2463 1747 2486 1807 I.
2505 1747 2622 1807 österr.
2642 1744 2788 1804 behördl.
2807 1739 3094 1799 konzessioniertes

2434 1789 2660 1849 Unternehmen
2690 1784 2734 1844 für
2759 1781 3123 1841 Zeitungs-Ausschnitte

2481 1848 2632 1908 WIEN,
2646 1847 2694 1907 I.,
2715 1845 2996 1905 WOLLZEILE
3039 1842 3079 1902 11

2566 1897 2784 1957 TELEPHON
2818 1894 2992 1954 R-23-0-43

2373 2043 2594 2103 Ausschnitt
2616 2041 2705 2101 aus:
2740 2054 2906 2114 GRIZER
2934 2059 3176 2119 TAGESEOET

2674 2147 2733 2207 20
2784 2140 2912 2200 OKT.
2934 2130 3023 2190 1931

2411 2270 2670 2330 Interessantes
2713 2270 2740 2330 im
2797 2270 2951 2330 Nachlaß
2987 2270 3043 2330 von
3079 2272 3219 2332 Arthur

2349 2320 2557 2380 Schnitzler.
2601 2321 2661 2381 Die
2693 2321 2766 2381 erste
2798 2322 2969 2382 Eröffnung
3013 2322 3062 2382 von
3106 2324 3222 2384 Arthur

2354 2370 2524 2430 Schnitzlers
2557 2371 2750 2431 literarischem
2800 2370 2926 2430 Nachlaß
2965 2371 3014 2431 hat
3048 2371 3119 2431 zwei
3147 2373 3202 2433 Ein

2347 2419 2420 2479 akter
2458 2419 2505 2479 zum
2558 2419 2706 2479 Vorschein
2743 2419 2897 2479 gebracht.
2934 2419 2992 2479 Der
3029 2422 3092 2482 erste
3130 2422 3161 2482 ist
3193 2422 3219 2482 in

2350 2467 2449 2527 Versen
2488 2467 2659 2527 geschrieben
2699 2470 2748 2530 und
2782 2467 2864 2527 spielt
2892 2467 2914 2527 im
2959 2471 3218 2531 Dreißigjährigen

2348 2518 2451 2578 Krieg,
2472 2521 2520 2581 der
2548 2518 2644 2578 zweite
2665 2518 2802 2578 Einakter
2824 2518 2905 2578 trägt
2934 2518 2981 2578 den
3003 2521 3091 2581 Titel
3113 2521 3215 2581 „Haus

2336 2598 2430 2658 Delor
2448 2599 2513 2659 ie",
2537 2601 2619 2661 spielt
2644 2601 2673 2661 in
2703 2601 2779 2661 einer
2803 2601 3045 2661 Theaterfamilie
3075 2598 3128 2658 und
3158 2601 3210 2661 hat

2335 2649 2380 2709 die
2414 2650 2651 2710 Schauspielerin
2691 2649 2781 2709 Adele
2816 2650 2967 2710 Sindrock
3002 2650 3052 2710 zur
3092 2649 3210 2709 Heldin.

2336 2696 2400 2756 Das
2442 2697 2542 2757 tük,
2578 2700 2625 2760 vor
2661 2700 2695 2760 30
2737 2700 2860 2760 Jahreit
2896 2700 3085 2760 geschrieben,
3127 2697 3208 2757 sollte

2335 2747 2454 2807 damals
2488 2747 2516 2807 in
2562 2750 2664 2810 Berlin
2710 2750 2760 2810 zur
2801 2749 3027 2809 Uraufführung
3067 2747 3214 2807 kommen,

2333 2798 2488 2858 Schnitzler
2524 2798 2575 2858 zog
2616 2796 2644 2856 es
2680 2798 2766 2858 indes
2813 2798 2841 2858 in
2899 2798 2991 2858 letzten
3038 2796 3211 2856 Augenblick

2339 2848 2434 2908 zurück
2463 2849 2514 2909 und
2548 2848 2599 2908 hat
2622 2846 2649 2906 es
2684 2847 2729 2907 bis
2758 2851 2786 2911 zu
2820 2848 2911 2908 seinem
2957 2846 3018 2906 Tod
3053 2846 3216 2906 verwahrt.

2336 2897 2436 2957 Außer
2466 2897 2519 2957 den
2555 2900 2713 2960 Einaktern
2755 2897 2790 2957 ist
2814 2897 2885 2957 alch
2921 2897 2967 2957 der
2997 2897 3144 2957 Entwurf
3175 2896 3203 2956 zu

2340 2946 2411 3006 einer
2442 2947 2586 3007 Komödie
2616 2947 2761 3007 gefunden
2792 2945 2924 3005 worden,
2955 2947 2996 3007 die
3027 2949 3050 3009 im
3105 2947 3213 3007 Peter¬

2343 2995 2607 3055 Altenberg-Kreis
2640 2998 2743 3058 spielen
2783 2995 2879 3055 follt.
