3392 4384
207 359 358 419 Artur
414 362 716 422 Schnitzlers
772 363 901 423 död.

210 1364 266 1424 Som
310 1366 391 1426 förut
418 1366 538 1426 nämnts
564 1369 615 1429 har
642 1369 733 1429 Artur
755 1369 927 1429 Schnitzler

171 1417 203 1477 på
232 1417 391 1477 onsdagen
425 1417 532 1477 avlidit
552 1414 565 1474 i
584 1414 687 1474 Wien.

206 1465 300 1525 Artur
331 1465 520 1525 Schnitzlers
555 1467 602 1527 far
633 1467 684 1527 och
719 1468 817 1528 farfar
848 1468 921 1528 voro

171 1514 270 1574 läkare
293 1514 347 1574 och
375 1515 452 1575 själy
476 1515 539 1575 slog
567 1515 621 1575 han
648 1515 721 1575 även
749 1517 771 1577 in
804 1518 835 1578 på
863 1518 917 1578 den

170 1563 355 1623 medicinska
390 1565 489 1625 banan
524 1565 571 1625 för
597 1563 644 1623 att
671 1566 744 1626 dock
779 1566 826 1626 vid
861 1569 925 1629 om¬

168 1614 248 1674 kring
275 1614 372 1674 trettio
399 1614 448 1674 Ars
470 1614 555 1674 alder
577 1614 674 1674 lämna
701 1615 755 1675 den
782 1616 834 1676 och
862 1617 923 1677 helt

166 1663 239 1723 ägna
276 1664 316 1724 sig
349 1663 385 1723 ât
408 1665 618 1725 litteraturen.
660 1665 673 1725 I
697 1665 774 1725 hans
806 1668 916 1728 många

164 1713 305 1773 dramer,
343 1715 493 1775 romaner
531 1713 585 1773 och
619 1714 752 1774 noveller
782 1715 923 1775 kommer

169 1761 226 1821 oita
262 1763 408 1823 läkarens
444 1763 639 1823 illusionstria
675 1766 923 1826 människokun-

170 1812 236 1872 skap
264 1814 308 1874 till
326 1814 437 1874 synes.
473 1811 544 1871 Men
571 1814 745 1874 Schnitzler
772 1816 820 1876 /ar
839 1817 923 1877 sam¬

170 1865 258 1925 tidigt
276 1864 307 1924 en
334 1862 506 1922 drömmare
533 1863 594 1923 med
622 1865 670 1925 den
697 1865 807 1925 finaste
830 1868 923 1928 käns¬

171 1913 261 1973 lighet
291 1913 338 1973 för
363 1913 453 1973 livets
483 1913 612 1973 mystik,
632 1913 679 1973 för
704 1915 747 1975 illi
762 1916 919 1976 sionernas

169 1963 252 2023 makt
272 1960 341 2020 över
361 1963 598 2023 människorna,
613 1963 659 2023 för
678 1965 926 2025 "livslögnens",

165 2011 219 2071 det
251 2013 378 2073 fromma
420 2014 715 2074 självbedrägeriets
752 2015 811 2075 roll
838 2014 852 2074 i
884 2017 920 2077 de

165 2062 360 2122 individuella
388 2064 506 2124 ödenas
534 2065 743 2125 utformning.
780 2065 839 2125 Det
862 2067 921 2127 tra¬

169 2113 250 2173 giska
278 2113 386 2173 bestod
414 2113 464 2173 för
487 2113 586 2173 honom
623 2113 636 2173 i
655 2113 709 2173 den
737 2116 918 2176 ofránkom¬

166 2163 222 2223 liga
250 2161 470 2221 besvikelsen,
489 2163 540 2223 som
583 2163 695 2223 väntar
719 2164 751 2224 på
784 2165 835 2225 var
859 2166 915 2226 och

165 2210 196 2270 en
233 2210 291 2270 när
323 2211 482 2271 illusioner
515 2211 569 2271 och
606 2211 733 2271 drömda
770 2216 919 2276 förhopp¬

165 2262 276 2322 ningar
300 2260 328 2320 en
361 2262 440 2322 gång
474 2262 566 2322 mäste
595 2264 707 2324 brista,
726 2265 777 2325 när
806 2265 852 2325 det
881 2265 922 2325 vi¬

165 2310 213 2370 sar
247 2310 290 2370 sig
329 2312 372 2372 att
406 2313 439 2373 de
478 2313 574 2373 aldrig
609 2313 681 2373 hört
710 2313 758 2373 till
787 2316 922 2376 verklig¬

169 2359 275 2419 hetens
304 2361 404 2421 värld.

203 2408 311 2468 Denna
337 2411 424 2471 livets
450 2411 533 2471 stora
564 2411 722 2471 maskerad
756 2411 819 2471 med
848 2414 919 2474 dess

169 2459 304 2519 Fiutliga,
351 2462 519 2522 ohjälpliga
586 2462 800 2522 demaskering
862 2464 922 2524 har

162 2507 334 2567 Schnitzler
357 2509 489 2569 skildrat
512 2512 524 2572 i
543 2510 617 2570 olika
649 2513 834 2573 variationer
861 2513 914 2573 och

165 2558 239 2618 clika
268 2558 422 2618 tonarter.
460 2561 524 2621 Han
553 2561 604 2621 har
628 2561 712 2621 tagit
726 2561 787 2621 lätt
806 2564 838 2624 pä
867 2564 922 2624 sa-

165 2605 218 2665 ken
246 2607 269 2667 t.
288 2608 337 2668 ex.
356 2608 364 2668 i
388 2608 515 2668 Anatol,
534 2608 583 2668 det
607 2611 702 2671 första
726 2611 916 2671 dramatiska

168 2656 267 2716 arbete
302 2656 336 2716 av
371 2659 475 2719 honom
519 2659 575 2719 som
619 2662 809 2722 uppfördes.
853 2664 921 2724 Han

164 2708 214 2768 har
242 2707 328 2767 gjort
355 2710 487 2770 greppet
515 2710 642 2770 hardare
674 2710 728 2770 och
761 2710 879 2770 fastare
907 2713 920 2773 i

167 2758 339 2818 skådespel
366 2758 423 2818 som
472 2759 538 2819 Der
569 2758 705 2818 einsame
746 2762 820 2822 Weg
856 2764 913 2824 och

165 2806 228 2866 Das
260 2806 350 2866 weite
383 2809 486 2869 Land,
510 2809 523 2869 i
551 2809 686 2869 noveller
719 2809 772 2869 som
823 2811 918 2871 Däm¬

162 2855 332 2915 merselen,
358 2856 370 2916 i
399 2856 453 2916 den
487 2858 574 2918 stora
608 2859 815 2919 tidsromanen
853 2861 919 2921 Der

169 2903 236 2963 Weg
264 2905 305 2965 ins
329 2904 429 2964 Freie,
448 2907 498 2967 där
521 2907 745 2967 judendomens
768 2910 928 2970 problem,

165 2953 237 3013 vilka
274 2957 333 3017 han
366 2956 379 3016 i
407 2958 465 3018 hög
507 2958 575 3018 grad
612 2958 712 3018 kände
750 2961 804 3021 som
850 2961 913 3021 sina

167 3006 260 3066 egna,
283 3006 322 3066 bli
345 3006 486 3066 belysta.
522 3009 597 3069 Frán
633 3009 664 3069 de
691 3009 801 3069 senare
828 3012 921 3072 ârens

164 3053 345 3113 produktion
375 3056 491 3116 minnes
518 3056 582 3116 man
613 3057 664 3117 den
690 3061 914 3121 melankoliska

159 3104 345 3164 berättelsen
408 3107 594 3167 Casanovas
639 3110 830 3170 Heimfahrt,
857 3110 914 3170 den

164 3155 220 3215 sina
251 3155 488 3215 Traumnovelle
518 3157 570 3217 och
605 3158 747 3218 romanen
782 3161 915 3221 Therese

230 3203 305 3263 hans
341 3203 415 3263 sista
451 3206 557 3266 arbete
588 3206 601 3266 —
659 3209 716 3269 där
748 3209 804 3269 han
845 3211 910 3271 med

160 3253 235 3313 stilla
267 3253 319 3313 och
355 3256 524 3316 medlidsam
569 3256 689 3316 skepsis
716 3259 849 3319 skildrar
881 3260 911 3320 en

165 3303 315 3363 obetydlig
352 3307 548 3367 guvernants
581 3309 663 3369 trista
704 3308 759 3368 väg
800 3310 896 3370 genom

168 3352 258 3412 lvet.

202 3403 265 3463 Med
301 3406 342 3466 sin
379 3406 520 3466 förnäma
552 3406 712 3466 stilkonst,
735 3409 794 3469 sitt
817 3412 912 3472 skep-

159 3454 381 3514 tiskt-ironiska
413 3457 513 3517 behov
541 3457 577 3517 av
605 3457 650 3517 att
673 3458 768 3518 sticka
800 3461 850 3521 há!
873 3463 909 3523 på

154 3502 294 3562 allsköns
322 3504 494 3564 glänsande
522 3507 732 3567 såpbubblor,
751 3507 791 3567 sin
823 3510 909 3570 elaka

153 3552 200 3612 lek
259 3555 326 3615 med
369 3555 543 3615 högtidliga
582 3558 817 3618 moralbegrepp
851 3560 908 3620 och

160 3603 332 3663 sanningar
382 3606 482 3666 tillhör
523 3606 696 3666 Schnitzler
728 3609 914 3669 nittiotalets

154 3652 211 3712 och
243 3654 455 3714 sekelskiftets
491 3657 646 3717 tidevarv,
673 3658 725 3718 där
757 3658 810 3718 han
845 3660 911 3720 stär

159 3701 204 3761 víd
232 3703 313 3763 sidan
341 3705 372 3765 av
400 3706 559 3766 författare
582 3707 632 3767 som
669 3707 696 3767 t.
714 3707 764 3767 ex.
783 3710 910 3770 Anatole

160 3752 290 3812 France,
309 3755 448 3815 Hjalmar
477 3755 649 3815 Söderberg
682 3758 751 3818 eller
775 3756 789 3816 —
841 3758 910 3818 var¬

156 3800 205 3860 för
230 3802 294 3862 icke
319 3801 333 3861 —
383 3805 486 3865 Oskar
511 3806 624 3866 Wilde.
664 3806 837 3866 Samtidigt
862 3808 915 3868 var

153 3851 210 3911 han
246 3852 378 3912 wienare
405 3854 457 3914 och
489 3855 595 3915 besatt
622 3857 745 3917 mycket
772 3857 807 3917 av
838 3857 913 3917 wie-

160 3902 267 3962 narens
301 3904 390 3964 lätta,
414 3905 545 3965 smidiga
578 3907 700 3967 kynne.
738 3906 785 3966 De
818 3907 911 3967 hárda

163 3952 390 4012 kontrasterna,
422 3955 454 4015 de
491 3955 586 4015 grova
623 3956 846 4016 konflikterna,
874 3958 909 4018 de

154 4000 238 4060 stora
294 4003 458 4063 känslorna
505 4006 673 4066 mildrades
706 4006 799 4066 under
833 4006 912 4066 hans

204 4170 934 4230 d.

465 4224 603 4284 n
645 4227 765 4287 anofi

1471 1320 1987 1380 Soman.
2028 1309 2355 1369 fobder

1671 1495 1865 1555 /0

1979 1677 2002 1737 )

1611 1767 1897 1827 Författaren
1943 1769 2103 1829 Arthur
2131 1772 2344 1832 Schnitz¬

1884 1865 1942 1925 ler
1989 1868 2108 1928 död.
2140 1908 2273 1968 3

1689 2002 1768 2062 Från
1806 2003 1889 2063 Wien
1923 2004 2020 2064 ingår
2049 2003 2272 2063 meddelande
2301 2004 2351 2064 att

1611 2053 1816 2113 författaren
1877 2053 2003 2113 Arthur
2060 2053 2251 2113 Schnitzler
2308 2055 2345 2115 på

1614 2105 1908 2165 mändagskvällen
1946 2104 2082 2164 hastigt
2115 2104 2236 2164 avlidit
2269 2104 2353 2164 efter

1609 2155 1656 2215 ett
1681 2154 1886 2214 slaganfall,
1905 2154 1938 2214 69
1967 2154 2005 2214 år
2035 2154 2206 2214 gammal.

1691 2205 1757 2265 Han
1815 2203 1872 2263 var
1902 2202 1978 2262 född
2013 2204 2026 2264 1
2061 2204 2142 2264 Wien
2181 2205 2238 2265 och
2277 2204 2353 2264 pro-

1613 2253 1807 2313 moverades
1856 2253 1926 2313 1885
1962 2255 2010 2315 vid
2046 2253 2120 2313 dess
2152 2253 2354 2313 universitet

1609 2306 1660 2366 till
1684 2304 1848 2364 medicine
1881 2304 2017 2364 doktor.
2041 2304 2111 2364 Men
2149 2306 2238 2366 efter
2266 2306 2350 2366 någ¬

1614 2357 1641 2417 ra
1670 2355 1707 2415 år
1731 2356 1791 2416 gav
1815 2355 1880 2415 han
1913 2355 2147 2415 läkerkonsten
2181 2355 2217 2415 pä
2251 2355 2343 2415 båten

1611 2405 1660 2465 och
1705 2405 1838 2465 ägnade
1873 2405 1917 2465 sig
1952 2405 2026 2465 helt
2061 2405 2095 2465 åt
2130 2405 2194 2465 sitt
2224 2405 2356 2465 förfat-

1609 2453 1763 2513 tarskap.
1807 2453 1942 2513 Främst
1976 2453 2043 2513 har
2077 2453 2140 2513 han
2179 2456 2270 2516 gjort
2304 2456 2347 2516 sig

1611 2504 1690 2564 känd
1752 2503 1803 2563 för
1855 2504 1925 2564 sina
1964 2504 2250 2564 utomordentligt
2288 2503 2353 2563 ele-

1611 2556 1710 2616 ganta
1746 2555 1937 2615 komedier,
1955 2555 2164 2615 sprudlande
2200 2554 2236 2614 av
2268 2555 2354 2615 sati-

1611 2603 1668 2663 risk
1707 2604 1885 2664 kvickhet.
1929 2602 1943 2662 I
1977 2602 2112 2662 Sverige
2166 2603 2232 2663 har
2281 2603 2348 2663 han

1614 2654 1698 2714 varit
1726 2653 1862 2713 mycket
1886 2653 2031 2713 populär
2055 2653 2111 2713 och
2149 2653 2181 2713 en
2215 2653 2275 2713 hel
2294 2656 2350 2716 rad

1614 2706 1645 2766 av
1700 2704 1790 2764 hans
1828 2704 2036 2764 dramatiska
2074 2704 2146 2764 verk
2188 2704 2228 2764 ha
2270 2704 2355 2764 upp-

1611 2755 1699 2815 förts
1747 2755 1826 2815 här.
1869 2755 1944 2815 Man
1982 2754 2047 2814 kan
2086 2755 2193 2815 erinra
2231 2754 2268 2814 on
2320 2754 2357 2814 de

1614 2803 1726 2863 Wahls
1777 2803 2063 2863 bravurnummer
2109 2803 2126 2863 1
2154 2805 2222 2865 Den
2259 2803 2349 2863 stora

1613 2853 1754 2913 scenen,
1797 2852 1908 2912 vidare
1943 2853 1981 2913 om
2033 2853 2072 2913 de
2106 2853 2174 2913 smâ
2209 2853 2354 2913 Anatol¬

1612 2904 1789 2964 pjäserna,
1832 2901 1872 2961 av
1910 2901 1998 2961 vilka
2035 2901 2118 2961 flera
2156 2901 2317 2961 uppförts
2349 2901 2364 2961 1

1610 2954 1720 3014 radlo,
1743 2953 1778 3013 om
1832 2952 2066 3012 »Paracelsus,
2098 2952 2150 3012 som
2199 2952 2354 3012 spelades

1643 3003 1741 3063 Gefle
1770 3003 1812 3063 på
1846 3002 1892 3062 sin
1930 3001 1972 3061 tid
2011 3000 2048 3060 av
2082 3000 2181 3060 ingen
2219 3000 2350 3060 mindre

1611 3053 1644 3113 än
1678 3050 1808 3110 Molssi,
1823 3050 1876 3110 och
1910 3050 1948 3110 nu
1977 3050 2097 3110 senast
2118 3050 2151 3110 om
2194 3050 2252 3110 det
2272 3050 2358 3110 full¬

1614 3102 1745 3162 ändade
1796 3098 2000 3158 radiospelet
2055 3099 2214 3159 »Alskog,
2242 3101 2296 3161 som
2347 3101 2360 3161 i

1621 3152 1756 3212 söndags
1834 3149 1997 3209 utsändes
2052 3149 2152 3209 genom
2225 3149 2355 3209 Radio-

1618 3201 1738 3261 tjänst.
1779 3198 1824 3258 En
1860 3200 1950 3260 mörk
2006 3199 2182 3259 pessimism
2249 3197 2354 3257 ligger

1617 3252 1649 3312 på
1701 3250 1812 3310 botten
1869 3248 1905 3308 av
1957 3248 2022 3308 allt
2070 3248 2130 3308 vad
2163 3248 2353 3308 Schnitzler

1619 3298 1917 3358 överhuvudtaget
1950 3296 2086 3356 skrivit,
2118 3298 2190 3358 men
2227 3297 2244 3357 1
2277 3295 2353 3355 tea-

1617 3346 1823 3406 terpjäserna
1862 3346 1963 3406 döljes
1997 3346 2054 3406 den
2093 3346 2203 3406 oftast
2233 3346 2271 3406 av
2305 3346 2357 3406 ett

1614 3397 1796 3457 glittrande
1848 3397 2012 3457 skimmer
2045 3397 2082 3457 på
2115 3397 2218 3457 ytan.
2260 3397 2353 3457 Hans

1619 3448 1786 3508 romaner,
1805 3446 1846 3506 av
1873 3445 1959 3505 viika
1992 3445 2069 3505 även
2106 3448 2205 3508 nagra
2238 3447 2355 3507 finnas

1619 3498 1777 3558 översatta
1835 3495 1892 3555 till
1936 3495 2103 3555 svenska,
2127 3497 2261 3557 präglas
2295 3495 2352 3555 ge-

1611 3546 1820 3606 nomgående
1871 3544 1911 3604 av
1943 3545 1979 3605 en
2021 3546 2125 3606 bister
2158 3546 2212 3606 och
2249 3546 2349 3606 stun¬

1614 3600 1668 3660 dom
1719 3597 1962 3657 fränstötande
1997 3597 2146 3657 cynism.
