3344 4352
178 296 255 356 2.

321 301 813 361 Schnitzler
871 302 910 362 s
978 301 1219 361 Death

1433 302 1554 362 box
1632 303 1868 363 43/19

2368 139 2475 199 ceumen
2505 150 2553 210 Tur
2574 170 2954 230 Zeilungs-Ausschnitte

2284 190 2430 250 WIEN,
2454 205 2508 265 I.,
2533 223 2820 283 WOLLZENE
2867 239 2881 299 1

2374 258 2589 318 TELEPHON
2624 275 2798 335 R-23-0-43

2162 379 2393 439 Ausschnitt
2423 395 2511 455 aus:

2362 506 2545 566 Glornale
2560 511 2695 571 d'talis

2141 596 2273 656 vom:

2448 657 2529 717 4.
2548 663 2675 723 OKT.
2695 661 2794 721 1937

2184 856 2397 916 Arturo
2470 861 2813 921 Schnitzler

2244 921 2317 981 (Dal
2340 920 2451 980 nostro
2474 918 2748 978 corriopondlonte)

2439 968 2601 1028 VIENNA,
2627 969 2658 1029 22
2689 968 2829 1028 ottobre.

2198 1016 2232 1076 E'
2254 1019 2349 1079 morto
2379 1019 2543 1079 fulminato
2574 1022 2608 1082 da
2638 1019 2767 1079 paralisi
2789 1019 2853 1079 car¬

2161 1055 2241 1115 diaca
2275 1058 2298 1118 il
2323 1059 2368 1119 più
2401 1058 2547 1118 viennese
2572 1058 2624 1118 del
2649 1058 2746 1118 poeti,
2767 1060 2791 1120 il
2812 1056 2860 1116 ro¬

2162 1097 2312 1157 manziere
2342 1097 2398 1157 che
2428 1094 2520 1154 aveva
2550 1097 2660 1157 saputo
2690 1097 2856 1157 sviscerare

2168 1136 2219 1196 con
2259 1136 2349 1196 acuta
2389 1136 2506 1196 analisi
2538 1136 2566 1196 la
2601 1136 2766 1196 psicologia
2810 1136 2861 1196 det

2151 1172 2231 1232 suol
2254 1174 2474 1234 concittadini,
2494 1174 2520 1234 il
2544 1174 2772 1234 drammaturgo
2803 1174 2855 1234 che

2162 1210 2253 1270 aveva
2283 1213 2360 1273 fatto
2386 1213 2525 1273 muovere
2552 1215 2621 1275 sulla
2651 1213 2735 1273 scena
2765 1213 2857 1273 figure

2169 1249 2261 1309 reall,
2290 1252 2489 1312 autentiche,
2522 1252 2858 1312 inconfondibilmente

2167 1291 2327 1351 viennesi.

2195 1328 2258 1388 Non
2298 1327 2464 1387 dobblamo
2500 1330 2646 1390 spingere
2682 1330 2705 1390 il
2737 1330 2863 1390 roman¬

2165 1368 2282 1428 ticismo
2312 1368 2369 1428 fino
2400 1371 2433 1431 ad
2462 1368 2592 1428 asserire
2617 1368 2672 1428 che
2697 1370 2722 1430 lo
2752 1371 2785 1431 ha
2815 1371 2864 1431 uc¬

2163 1405 2225 1465 olso
2246 1407 2271 1467 il
2288 1407 2409 1467 dolore;
2430 1407 2450 1467 lo
2476 1409 2513 1469 ha
2539 1407 2634 1467 ucciso
2664 1407 2685 1467 il
2702 1407 2793 1467 male.
2810 1407 2856 1467 Ma

2163 1446 2269 1506 questo
2301 1446 2379 1506 male
2411 1446 2556 1506 derlvava
2588 1446 2623 1506 da
2659 1446 2717 1506 uno
2749 1448 2859 1508 strazio

2165 1485 2319 1545 psichico;
2345 1485 2357 1545 e
2391 1485 2516 1545 dall'ora
2546 1485 2571 1545 in
2605 1485 2659 1545 cui
2685 1485 2793 1545 l'unica
2823 1485 2864 1545 fi¬

2162 1524 2236 1584 glia,
2254 1526 2266 1586 a
2293 1524 2323 1584 20
2350 1524 2446 1584 anni,
2464 1524 2507 1584 gli
2530 1524 2577 1584 era
2608 1524 2753 1584 mancata
2784 1527 2862 1587 nelie

2162 1562 2300 1622 tragiche
2332 1562 2344 1622 e
2380 1562 2435 1622 ben
2471 1562 2541 1622 note
2578 1562 2767 1622 circostanze
2807 1560 2862 1620 Ar¬

2164 1601 2231 1661 turo
2259 1600 2447 1660 Schmitzler
2475 1601 2546 1661 s'era
2578 1601 2751 1661 accasclato
2783 1604 2857 1664 nella

2163 1640 2330 1700 solitudine
2359 1640 2436 1700 della
2465 1640 2518 1700 sua
2551 1640 2628 1700 vita,
2649 1641 2825 1701 offrendosi
2846 1643 2858 1703 a

2169 1679 2263 1739 quella
2294 1679 2388 1739 morte
2414 1679 2469 1739 che
2496 1679 2603 1739 troppo
2629 1679 2775 1739 tardava.

2205 1718 2298 1778 Aveva
2327 1718 2436 1778 scritto
2465 1718 2600 1778 ancora,
2620 1721 2669 1781 più
2698 1719 2750 1779 per
2779 1718 2856 1778 forza

2161 1756 2307 1816 d'inerzia
2342 1756 2397 1816 che
2428 1757 2483 1817 per
2514 1756 2647 1816 impulso
2682 1756 2772 1816 aveva
2811 1758 2866 1818 da¬

2165 1795 2194 1855 to
2223 1795 2281 1855 alle
2307 1795 2398 1855 scene
2428 1798 2498 1858 quel
2519 1795 2727 1855 poeticissimo
2757 1795 2861 1855 dram¬

2164 1832 2212 1892 ma
2243 1834 2256 1894 «
2274 1834 2331 1894 Der
2358 1834 2415 1894 weg
2447 1834 2499 1894 zum
2548 1834 2667 1894 Weiher
2681 1835 2694 1895 »
2721 1837 2773 1897 del
2796 1834 2866 1894 qua¬

2167 1873 2188 1933 le
2215 1873 2244 1933 vi
2266 1873 2374 1933 scrissi
2396 1875 2421 1935 in
2452 1874 2512 1934 una
2542 1873 2598 1933 mia
2629 1874 2865 1934 corrisponden¬

2164 1912 2194 1972 za
2221 1912 2371 1972 teatrale.
2390 1915 2486 1975 Opera
2518 1915 2549 1975 di
2571 1915 2677 1975 poeta,
2696 1915 2739 1975 ma
2771 1915 2859 1975 opura

2165 1953 2332 2013 indebolita
2363 1953 2397 2013 da
2427 1953 2457 2013 un
2487 1953 2577 2013 senso
2603 1953 2637 2013 di
2659 1953 2865 2013 spossatezza,

2163 1992 2216 2052 che
2247 1994 2381 2054 segnava
2412 1993 2438 2053 la
2474 1992 2648 2052 decadenza
2684 1992 2697 2052 e
2729 1992 2786 2052 che
2818 1990 2862 2050 ri¬

2164 2029 2259 2089 scosse
2290 2030 2324 2090 un
2359 2031 2501 2091 successo
2533 2031 2567 2091 di
2589 2031 2701 2091 stima,
2728 2031 2762 2091 un
2797 2031 2848 2091 sue

2164 2067 2248 2127 cesso
2276 2067 2391 2127 locale.

2204 2106 2274 2166 Era,
2293 2109 2326 2169 da
2360 2109 2468 2169 alcunt
2492 2109 2586 2169 anni,
2605 2111 2803 2171 sorpassato.
2822 2109 2859 2169 La

2164 2144 2212 2204 ua
2248 2144 2314 2204 arte
2346 2144 2460 2204 tradiva
2496 2147 2522 2207 la
2554 2144 2633 2204 dhce
2709 2147 2832 2207 anch

2161 2180 2182 2240 de
2209 2183 2295 2243 opere
2321 2183 2450 2243 teatrall
2468 2183 2515 2243 più
2542 2184 2744 2244 festegglate,
2758 2182 2861 2242 ormai

2167 2222 2358 2282 mostravano
2396 2221 2479 2281 certe
2514 2222 2634 2282 grinze,
2659 2222 2717 2282 non
2755 2224 2863 2284 regge¬

2169 2258 2239 2318 vano
2273 2261 2504 2321 all'evoluzione
2538 2261 2591 2321 del
2618 2264 2738 2324 tempo.

2195 2298 2263 2358 Ma,
2282 2300 2565 2360 innegabilmente,
2584 2303 2629 2363 fra
2658 2301 2684 2361 1l
2703 2300 2767 2360 1900
2795 2302 2808 2362 e
2836 2298 2863 2358 il

2165 2336 2240 2396 915.
2263 2338 2449 2398 Schmitzler
2476 2338 2569 2398 tenne
2600 2338 2622 2398 il
2649 2338 2782 2398 primato
2813 2337 2866 2397 nel

2166 2377 2272 2437 campo
2308 2377 2362 2437 del
2390 2377 2492 2437 teatro
2528 2377 2539 2437 e
2579 2377 2629 2437 del
2661 2377 2806 2437 romanzo
2842 2377 2853 2437 a

2164 2415 2301 2475 Vienna,
2322 2416 2443 2476 dominò
2472 2419 2501 2479 su
2531 2417 2622 2477 tutti,
2639 2416 2694 2476 per
2719 2417 2739 2477 la
2769 2416 2856 2476 finis¬

2160 2453 2237 2513 sima
2274 2455 2441 2515 psicologia
2478 2455 2494 2515 e
2531 2455 2583 2515 per
2621 2455 2645 2515 la
2686 2455 2857 2515 suggestiva

2165 2491 2349 2551 descrizione
2375 2494 2580 2554 d'ambiente.
2598 2494 2728 2554 Ininizio
2758 2495 2782 2555 la
2808 2496 2858 2556 sua

2164 2530 2266 2590 asces»
2298 2530 2380 2590 verso
2413 2530 2436 2590 la
2468 2532 2558 2592 gloria
2589 2532 2641 2592 con
2676 2532 2688 2592 «
2708 2532 2841 2592 Siebelei
2849 2532 2861 2592 »

2167 2568 2397 2628 (Amoruccio),
2425 2571 2666 2631 rappresentato
2699 2571 2774 2631 sulle
2810 2570 2873 2630 sce¬

2165 2607 2195 2667 ne
2226 2608 2277 2668 del
2299 2610 2512 2670 Bugtheater
2543 2610 2594 2670 nel
2621 2610 2703 2670 1895,
2725 2610 2859 2670 culmino

2164 2646 2188 2706 in
2223 2649 2314 2709 senso
2346 2649 2531 2709 scandaloso
2567 2649 2614 2709 con
2650 2649 2665 2709 i
2693 2649 2705 2709 «
2721 2649 2863 2709 Reigen»

2165 2685 2219 2745 nel
2240 2685 2315 2745 ’900,
2332 2687 2344 2747 e
2374 2688 2399 2748 in
2433 2688 2520 2748 senso
2550 2688 2617 2748 arte
2642 2691 2697 2751 con
2726 2691 2738 2751 «
2756 2692 2785 2752 Il
2806 2691 2868 2751 gio¬

2165 2727 2241 2787 vane
2270 2727 2445 2787 Medardo»
2474 2727 2531 2787 nel
2551 2727 2624 2787 ’910.

2198 2762 2211 2822 E
2241 2762 2271 2822 se
2293 2765 2344 2825 nel
2367 2765 2375 2825 «
2392 2765 2504 2825 Reigen
2526 2765 2539 2825 »
2565 2765 2772 2825 (Girotondo)
2794 2768 2858 2828 toc¬

2163 2804 2192 2864 co
2226 2804 2251 2864 il
2281 2804 2378 2864 fondo
2412 2804 2466 2864 del
2492 2805 2543 2865 plù
2581 2804 2767 2864 arrischiato
2801 2805 2868 2865 rea¬

2165 2843 2269 2903 lismo,
2294 2843 2492 2903 affrontando
2530 2843 2700 2903 situazioni
2724 2846 2865 2906 impossi-

2163 2882 2217 2942 bili
2242 2882 2255 2942 e
2289 2882 2473 2942 salvandosi
2503 2884 2583 2944 dalla
2617 2885 2764 2945 volgarità
2803 2884 2861 2944 sol¬

2165 2921 2252 2981 tanto
2281 2921 2306 2981 in
2340 2921 2440 2981 grazia
2470 2924 2528 2984 alla
2557 2924 2607 2984 sua
2641 2924 2758 2984 grande
2788 2924 2866 2984 arte,

2150 2959 2218 3019 non
2247 2959 2373 3019 ricadde
2402 2959 2446 3019 plù
2475 2959 2532 3019 nel
2553 2959 2662 3019 genere
2691 2959 2865 3019 licenzioso,

2160 2998 2372 3058 sollevandosi
2401 2998 2432 3058 al
2460 2998 2601 3058 dramma
2637 2998 2865 3058 storico-flloso¬

2161 3037 2234 3097 fico.
2255 3037 2438 3097 ritornando
2467 3040 2524 3100 poi
2545 3040 2577 3100 al
2598 3040 2650 3100 suo
2679 3039 2761 3099 tema
2790 3039 2863 3099 pre¬

2159 3076 2271 3136 ferlo,
2289 3079 2313 3139 la
2339 3076 2451 3136 società
2481 3076 2644 3136 viennese,
2665 3076 2795 3136 trattato
2825 3078 2858 3138 da

2164 3115 2277 3175 grande
2307 3115 2461 3175 maestro.
2478 3117 2494 3177 E
2531 3118 2555 3178 le
2584 3118 2751 3178 commedle
2781 3117 2866 3177 finis¬

2163 3152 2255 3212 sime,
2277 3155 2357 3215 tutte
2382 3153 2488 3213 spuma
2521 3154 2533 3214 e
2562 3155 2675 3215 satira,
2692 3154 2748 3214 pur
2778 3156 2866 3216 aven¬

2163 3192 2194 3252 do
2227 3193 2337 3253 spunto
2369 3193 2381 3253 e
2410 3195 2609 3255 conclusione
2638 3192 2864 3252 sentimentall,

2159 3234 2190 3294 sl
2211 3231 2356 3291 aggirano
2389 3231 2510 3291 intorno
2543 3234 2575 3294 ad
2608 3234 2668 3294 una
2701 3234 2858 3294 aggrazla¬

2161 3267 2192 3327 ta
2223 3270 2320 3330 tronia
2352 3273 2405 3333 che
2436 3273 2462 3333 le
2489 3275 2626 3335 suggella
2658 3274 2693 3334 di
2716 3273 2862 3333 persona¬

2164 3309 2276 3369 Ilssima
2311 3309 2511 3369 originalità.

2205 3349 2237 3409 La
2278 3350 2367 3410 sorda
2412 3350 2598 3410 malinconla
2640 3349 2676 3409 di
2709 3350 2854 3410 esistenze

2162 3388 2284 3448 chiuse,
2304 3389 2327 3449 la
2359 3389 2504 3449 sensuale
2532 3387 2670 3447 dolcezza
2702 3389 2737 3449 di
2761 3389 2859 3449 donne

2161 3425 2358 3485 innamorate
2390 3425 2472 3485 come
2504 3428 2638 3488 soltanto
2670 3428 2693 3488 le
2725 3428 2863 3488 viennesi

2161 3464 2209 3524 del
2230 3464 2286 3524 ’900
2311 3466 2466 3526 sapevano
2495 3466 2621 3526 esserlo,
2642 3467 2772 3527 l'orpello
2801 3467 2865 3527 del¬

2160 3503 2184 3563 la
2214 3503 2326 3563 plccola
2352 3506 2530 3566 borghesia,
2547 3506 2768 3566 l’epicureismo
2793 3506 2859 3566 del¬

2158 3544 2181 3604 la
2210 3541 2307 3601 classe
2332 3541 2568 3601 aristocratica,
2585 3544 2738 3604 l'egotsmo
2767 3544 2856 3604 senza

2155 3580 2222 3640 flele
2252 3580 2264 3640 e
2290 3580 2315 3640 la
2345 3583 2540 3643 maldicenza
2570 3583 2654 3643 priva
2680 3583 2718 3643 di
2735 3583 2858 3643 arguzia

2159 3619 2191 3679 di
2212 3619 2314 3679 donne
2343 3622 2355 3682 e
2384 3622 2420 3682 di
2441 3622 2568 3682 uomini
2593 3622 2645 3682 del
2666 3622 2731 3682 ceto
2760 3622 2858 3682 medio

2156 3658 2231 3718 sono
2256 3658 2281 3718 le
2307 3660 2398 3720 corde
2424 3661 2537 3721 ch'egll
2558 3662 2625 3722 fece
2650 3661 2771 3721 vibrare
2801 3660 2863 3720 me¬

2156 3697 2455 3757 ravigliosamente.

2197 3738 2206 3798 I
2234 3737 2342 3797 cinque
2366 3735 2431 3795 atti
2450 3738 2487 3798 di
2511 3738 2642 3798 Anatol,
2662 3738 2774 3798 quadri
2798 3738 2853 3798 che

2156 3774 2273 3834 stanno
2302 3777 2313 3837 a
2342 3775 2390 3835 sé,
2407 3775 2585 3835 pennellati
2605 3777 2654 3837 con
2687 3777 2747 3837 brio
2776 3777 2860 3837 ama¬

2156 3813 2204 3873 ro,
2224 3813 2272 3873 con
2305 3813 2503 3873 brillantezza
2536 3816 2669 3876 ironica,
2690 3816 2714 3876 lo
2743 3816 2851 3876 ridan¬

2156 3851 2192 3911 no
2216 3851 2297 3911 forse
2321 3852 2427 3912 megllo
2451 3855 2561 3915 d'ogni
2577 3855 2654 3915 altra
2678 3853 2763 3913 opera
2788 3855 2860 3915 sua,

2194 3888 2246 3948 Egh
2279 3890 2316 3950 la
2345 3891 2585 3951 compendiato,
2602 3891 2630 3951 in
2663 3891 2765 3951 queste
2794 3891 2858 3951 sce-

2156 3926 2196 3986 ne
2220 3928 2357 3988 staccate
2386 3929 2398 3989 e
2423 3930 2479 3990 che
2503 3932 2564 3992 pur
2589 3932 2617 3992 si
2637 3932 2791 3992 collegano
2824 3931 2847 3991 in

2154 3967 2322 4027 continultà
2358 3968 2396 4028 di
2418 3971 2561 4031 pensiero
2592 3971 2622 4031 se
2652 3971 2709 4031 non
2744 3971 2860 4031 d'azio¬

2155 4004 2204 4064 ne,
2226 4006 2305 4066 tutto
2331 4010 2356 4070 lo
2386 4007 2490 4067 spirito
2520 4008 2553 4068 di
2575 4007 2738 4067 superficle
2764 4009 2852 4069 vien¬

2154 4041 2246 4101 nese,
2271 4046 2392 4106 sempre
2431 4046 2556 4106 bonario
2594 4049 2694 4109 anche
2733 4049 2854 4109 quanco

2157 4082 2280 4142 ferlsce,
2299 4085 2421 4145 sempre
2449 4086 2563 4146 pronto
2591 4089 2604 4149 a
2636 4091 2777 4151 sperare,
2800 4087 2855 4147 an¬

2161 4121 2211 4181 che
2241 4120 2364 4180 quando
2390 4123 2406 4183 è
2436 4123 2546 4183 ferito.

2189 4159 2251 4219 Nel
2276 4165 2420 4225 romanzo
2454 4165 2642 4225 d'amblente
2676 4165 2685 4225 «
2705 4165 2763 4225 Der
2792 4165 2849 4225 wes
