3392 4256
190 258 299 318 2.
351 265 946 325 Schnitzler's
1018 275 1249 335 Death

1466 264 1592 324 box
1664 267 1853 327 43/1

381 1083 1110 1143 OBSERVER

470 1153 497 1213 I.
507 1153 630 1213 österr.
640 1153 792 1213 behördl.
802 1156 1109 1216 konzessioniertes

428 1195 664 1255 Unternehmen
696 1196 741 1256 für
769 1198 1155 1258 Zeitungs-Ausschnitte

488 1253 636 1313 WIEN,
657 1258 711 1318 I.,
732 1259 1016 1319 WOLLZEILE
1064 1258 1104 1318 11

578 1309 798 1369 TELEPHON
835 1309 1008 1369 R-23-0-43

377 1449 601 1509 Ausschnitt
625 1452 718 1512 aus:

615 1568 738 1628 Cren
796 1562 900 1622 hees

809 1621 896 1681 23.
915 1628 1038 1688 UKT.
1065 1628 1170 1688 1931

380 1676 490 1736 vom:

1351 1756 1419 1816 war
1450 1757 1508 1817 und
1543 1756 1596 1816 das
1631 1756 1725 1816 Leben
1765 1756 1872 1816 liebte,
1898 1756 2015 1816 horchte
2046 1756 2075 1816 er
2110 1756 2212 1816 hinein
2247 1756 2271 1816 in
2311 1755 2360 1815 den

484 1789 685 1849 Arthur
724 1789 1010 1849 Schnitzler

1343 1797 1602 1857 Dämmerschlaf
1626 1795 1674 1855 der
1703 1795 1867 1855 Geliebten
1901 1795 1958 1855 und
1988 1795 2107 1855 zögerte
2137 1795 2218 1855 doch,
2238 1795 2290 1855 das
2319 1793 2367 1853 er¬

1346 1835 1473 1895 forschte
1503 1834 1695 1894 Geheimnis
1730 1834 1783 1894 der
1813 1834 1906 1894 Seele
1936 1834 2103 1894 dichterisch
2133 1834 2231 1894 völlig
2261 1834 2368 1894 preis¬

387 1864 463 1924 Wie
483 1863 578 1923 unser
604 1861 912 1921 laollorresponden
957 1858 1015 1918 aus
1041 1858 1130 1918 Wien
1163 1858 1296 1918 meldet,

1346 1875 1503 1935 zugeben.
1542 1874 1628 1934 Aber
1658 1873 1681 1933 in
1715 1874 1815 1934 seiner
1844 1873 2074 1933 Mannesreife
2099 1873 2233 1933 schenkte
2257 1873 2290 1933 er
2319 1873 2362 1933 die

306 1911 348 1971 ist
370 1911 495 1971 Arthur
528 1910 700 1970 Schnitzler
723 1908 760 1968 am
804 1908 971 1968 Mittwoch
999 1908 1188 1968 nachmittag
1221 1908 1285 1968 nadh

1343 1914 1417 1974 tiefe
1437 1914 1634 1974 Erkenntnis
1659 1911 1762 1971 seiner
1782 1911 1979 1971 Einsamkeit
1999 1911 2092 1971 allen,
2113 1911 2156 1971 die
2182 1911 2220 1971 ein
2246 1911 2354 1971 Organ

1348 1951 1406 2011 und
1437 1950 1446 2010 —
1495 1951 1544 2011 den
1579 1952 1657 2012 Mut
1682 1950 1706 2010 zu
1741 1952 1834 2012 dieser
1864 1950 2060 2010 Erkenntnis
2085 1950 2227 2010 besitzen.
2262 1950 2354 2010 Denn

307 1962 420 2022 kurzem
472 1960 586 2020 Leiden
628 1959 653 2019 im
695 1959 746 2019 70.
762 1959 990 2019 Lebensjahre
1021 1956 1207 2016 gestorben.
1244 1954 1290 2014 Er

1347 1989 1376 2049 er
1407 1992 1477 2052 war
1503 1990 1532 2050 ja
1563 1990 1618 2050 bei
1644 1991 1719 2051 aller
1749 1992 1900 2052 Zartheit
1926 1990 1950 2050 so
1981 1990 2051 2050 viel
2077 1992 2288 2052 männlicher,
2308 1990 2353 2050 als

311 2010 382 2070 war
406 2010 445 2070 um
488 2010 521 2070 11
546 2010 613 2070 Uhr
638 2007 834 2067 vormittags
869 2007 921 2067 von
955 2007 1055 2067 seinem
1099 2007 1286 2067 gewohnten

1343 2031 1376 2091 es
1410 2029 1457 2089 den
1496 2028 1654 2088 Literaten
1688 2028 1750 2088 und
1784 2029 1831 2089 den
1870 2030 2090 2090 Vielzuvielen
2125 2029 2234 2089 schien.
2278 2030 2354 2090 Sein

312 2061 539 2121 Spaziergang
571 2058 638 2118 nach
659 2058 762 2118 Hause
783 2058 1027 2118 zurückgekehrt
1048 2055 1109 2115 und
1135 2055 1218 2115 hatte
1244 2055 1285 2115 sich

1343 2067 1370 2127 im
1413 2070 1506 2130 stillen
1539 2070 1651 2130 reiches
1685 2068 1783 2128 Leben
1816 2068 1881 2128 war
1910 2069 1937 2129 im
1980 2069 2116 2129 Grunde
2144 2070 2205 2130 nur
2234 2070 2359 2130 möglich

310 2108 336 2168 in
368 2108 421 2168 sein
453 2106 728 2166 Arbeitszimmer
750 2105 903 2165 begeben.
935 2105 1014 2165 Hier
1036 2102 1109 2162 fand
1131 2102 1179 2162 ihn
1211 2102 1290 2162 seine

1343 2108 1433 2168 durch
1467 2108 1510 2168 ein
1544 2108 1654 2168 frühes
1688 2108 1899 2168 Kompromiß
1933 2108 1990 2168 mit
2019 2108 2071 2168 dem
2115 2108 2220 2168 Tode.
2259 2108 2364 2168 Inso¬

1343 2147 1405 2207 fern
1435 2148 1501 2208 gibt
1526 2147 1554 2207 es
1583 2147 1664 2207 keine
1690 2147 2006 2207 Jugenddichtungen
2036 2147 2227 2207 Schnitzlers
2252 2144 2280 2204 in
2309 2147 2357 2207 der

310 2156 527 2216 Sekretärin,
554 2154 602 2214 die
634 2156 708 2216 kurz
741 2153 862 2213 darauf
895 2152 1091 2212 eingetreten
1129 2150 1219 2210 war,
1246 2148 1293 2208 be¬

1345 2186 1443 2246 Reihe
1471 2184 1522 2244 der
1555 2184 1666 2244 Bände
1695 2186 1792 2246 seiner
1825 2186 1987 2246 Dramen,
2006 2186 2173 2246 Romane,
2193 2186 2364 2246 Novellen.

308 2204 475 2264 wußtlos.
509 2202 578 2262 Dem
622 2203 703 2263 Arzt
726 2201 839 2261 gelang
867 2201 899 2261 es
927 2202 1007 2262 nicht
1030 2201 1138 2261 mehr,
1155 2199 1289 2259 Schnitz¬

1343 2225 1412 2285 Und
1441 2225 1515 2285 über
1543 2225 1650 2285 allem,
1674 2225 1739 2285 auch
1767 2225 1841 2285 über
1870 2225 1921 2285 den
1954 2225 2061 2285 frühen
2094 2225 2266 2285 Komödien
2299 2225 2355 2285 und

311 2254 359 2314 ler
386 2252 446 2312 aus
479 2252 527 2312 der
560 2249 847 2309 Bewußtlosigkeit
870 2251 902 2311 zu
935 2249 1108 2309 erwecken.
1146 2247 1195 2307 Um
1239 2247 1287 2307 ¼1

1346 2264 1634 2324 Tragikomödien,
1659 2264 1740 2324 liegt
1769 2264 1860 2324 jener
1890 2265 2004 2325 dunkle
2039 2264 2341 2324 Cypressenschatten

313 2298 377 2358 Uhr
404 2299 518 2359 abends
545 2299 583 2359 ist
600 2299 632 2359 er
659 2299 735 2359 ohne
757 2298 978 2358 Todeskampf
1000 2296 1206 2356 verschieden.
1223 2296 1287 2356 Die

1346 2302 1398 2362 der
1423 2302 1470 2362 die
1495 2300 1716 2360 bezaubernde
1741 2303 1894 2363 Zartheit
1914 2302 1991 2362 aller
2021 2303 2256 2363 Lebensfarben
2290 2302 2362 2362 aller

1346 2341 1439 2401 seiner
1469 2340 1637 2400 Geschöpfe
1667 2344 1814 2404 bedingt.
1855 2342 2165 2402 „Erkenntnisbaum
2219 2341 2253 2401 ist
2283 2344 2361 2404 nicht

311 2349 337 2409 im
386 2348 625 2408 Burgtheater,
647 2347 673 2407 im
717 2346 950 2406 Volkstheater
983 2345 1043 2405 und
1076 2344 1102 2404 im
1146 2344 1287 2404 Theater

1343 2383 1397 2443 des
1422 2381 1544 2441 Lebens
1569 2382 1706 2442 Baum.“
1756 2381 1819 2441 Die
1844 2383 1956 2443 großen
1986 2383 2172 2443 Pathetiker
2197 2383 2246 2443 des
2271 2383 2359 2443 Dra¬

303 2395 329 2455 in
379 2398 427 2458 der
466 2397 651 2457 Josefstadt
684 2395 716 2455 zu
761 2395 957 2455 Schnitzlers
1006 2393 1268 2453 bevorstehendem

1343 2420 1407 2480 mas
1436 2420 1572 2480 scheinen
1605 2421 1656 2481 das
1690 2421 1797 2481 Gesetz
1816 2422 1951 2482 Byrons
1985 2422 2012 2482 zu
2046 2422 2270 2482 überwinden.
2313 2422 2355 2482 In

297 2443 354 2503 70.
380 2445 589 2505 Geburtstag
631 2443 870 2503 vorbereiteten
918 2443 1282 2503 Neueinstudierungen

1343 2461 1428 2521 ihrem
1472 2461 1582 2521 Werk.
1616 2461 1667 2521 Im
1711 2459 1845 2519 Grunde
1884 2459 2003 2519 bleiben
2046 2461 2113 2521 auch
2156 2461 2194 2521 sie
2228 2462 2362 2522 einsam.

303 2493 364 2553 von
409 2493 508 2553 seinen
542 2493 675 2553 Werken
714 2493 803 2553 sollen
848 2493 919 2553 jetzt
953 2493 1003 2553 als
1042 2490 1275 2550 Gedenkseiern

1338 2500 1526 2560 Schnitzlers
1561 2499 1831 2559 unvergängliche
1861 2499 2054 2559 Bedeutung
2089 2499 2204 2559 scheint
2234 2499 2296 2559 mir
2330 2501 2354 2561 in

1337 2539 1422 2599 jener
1453 2541 1655 2601 dichterischen
1691 2538 1852 2598 Weisheit
1878 2538 1903 2598 zu
1939 2538 2054 2598 liegen,
2075 2539 2126 2599 die
2152 2540 2207 2600 tief
2233 2540 2358 2600 hinein¬

302 2546 437 2606 gegeben
475 2541 621 2601 werden.

1338 2579 1470 2639 leuchtet
1495 2577 1519 2637 in
1559 2577 1603 2637 die
1633 2577 1765 2637 Bezirke
1796 2577 1844 2637 des
1879 2579 2095 2639 Unbewußten
2134 2577 2193 2637 und

344 2608 416 2668 Nun
447 2610 503 2670 hat
525 2610 560 2670 er
592 2610 710 2670 denen,
741 2607 787 2667 die
824 2608 870 2668 ihn
917 2607 1055 2667 liebten,
1082 2606 1133 2666 ihn
1175 2605 1272 2665 lieben

1338 2619 1514 2679 allerdings
1544 2617 1578 2677 ist
1599 2618 1913 2678 lebensabgewandt
1933 2616 1942 2676 —
1982 2616 2031 2676 das
2051 2619 2149 2679 Wort
2169 2619 2218 2679 des
2243 2619 2331 2679 faust

263 2650 418 2710 mußten,
439 2649 505 2709 viel
525 2651 555 2711 zu
586 2649 656 2709 früh
697 2649 752 2709 das
778 2649 868 2709 Ende
894 2646 949 2706 des
980 2647 1136 2707 einsamen
1167 2648 1282 2708 Weges

1334 2658 1407 2718 schen
1456 2658 1620 2718 Menschen
1652 2658 1769 2718 Byron
1812 2658 1874 2718 mit
1912 2658 2178 2718 melancholischem
2226 2661 2347 2721 Lächeln

261 2690 410 2750 erreicht.
443 2687 695 2747 Hineingeraten
723 2688 746 2748 in
780 2687 826 2747 den
854 2684 1041 2744 Wirrwarr
1065 2684 1148 2744 einer
1176 2686 1283 2746 Flucht

1340 2695 1467 2755 bejaht.

262 2729 323 2789 vor
348 2729 444 2789 rohen
478 2729 616 2789 Feinden
650 2726 726 2786 alles
756 2726 894 2786 Zarten,
919 2726 976 2786 vor
1005 2724 1187 2784 unheimlich
1221 2723 1278 2783 und

1420 2735 1589 2795 Dennoch,
1616 2735 1700 2795 hätte
1727 2735 1858 2795 Arthur
1891 2735 2064 2795 Schnitzler
2097 2735 2196 2795 nichts
2229 2738 2344 2798 andres

262 2768 371 2828 plump
401 2768 687 2828 dahinkriechenden
712 2765 1022 2825 Kriegsmaschinen,
1042 2765 1085 2825 die
1104 2765 1156 2825 das
1176 2762 1281 2822 Platt¬

1335 2774 1542 2834 hinterlassen
1582 2773 1631 2833 als
1671 2773 1720 2833 den
1765 2774 1937 2834 genialsten
1987 2774 2145 2834 Einakter
2199 2777 2351 2837 deutscher

263 2807 384 2867 walzen
415 2805 647 2865 hochstehender
678 2804 794 2864 Kultur
825 2805 885 2865 und
911 2804 1098 2864 Geistigkeit
1124 2804 1285 2864 gründlich

1333 2813 1514 2873 Dramatik
1544 2813 1637 2873 „Der
1667 2813 1774 2873 grüne
1809 2813 1976 2873 Kakadu",
2001 2813 2059 2873 sein
2099 2815 2206 2875 Name
2241 2816 2349 2876 stünde

263 2847 328 2907 und
359 2846 515 2906 gefühllos
551 2846 718 2906 besorgen,
738 2843 809 2903 fand
840 2843 870 2903 er
901 2843 946 2903 sich
982 2842 1093 2902 immer
1124 2843 1219 2903 näher
1250 2844 1280 2904 zu

1335 2852 1521 2912 gleichwohl
1546 2852 1570 2912 im
1615 2852 1757 2912 Register
1787 2851 1835 2911 der
1860 2852 2115 2912 Unsterblichen.
2140 2853 2238 2913 Diese
2263 2854 2350 2914 Kon¬

261 2886 307 2946 sich
339 2884 442 2944 selbst.
484 2884 556 2944 Und
588 2882 624 2942 ist
651 2884 744 2944 dabei
770 2881 869 2941 gewiß
900 2881 1019 2941 immer
1051 2881 1207 2941 einsamer
1233 2880 1285 2940 ge¬

1333 2890 1540 2950 zentration,
1560 2889 1653 2949 dieses
1683 2890 1969 2950 Durchströmtsein
1999 2887 2028 2947 so
2058 2890 2156 2950 vieler
2186 2893 2344 2953 Gestalten

257 2923 409 2983 worden.
449 2923 498 2983 So
528 2923 606 2983 viele
636 2923 729 2983 haben
759 2923 808 2983 ihn
838 2920 1034 2980 analysiert!
1074 2920 1148 2980 Von
1178 2920 1276 2980 hohen

1333 2927 1392 2987 von
1422 2929 1475 2989 der
1500 2929 1769 2989 Paracelsusidee
1804 2929 1858 2989 (die
1883 2929 1951 2989 drei
1971 2929 2123 2989 Einakter
2153 2932 2358 2992 umspannt),

258 2962 435 3022 Kathedern
482 2962 577 3022 herab
624 2961 664 3021 ist
700 2960 755 3020 sein
803 2959 1051 3019 Wesensbezirk
1087 2960 1285 3020 abgegrenzt

1333 2968 1411 3028 diese
1441 2967 1519 3027 Art,
1539 2967 1568 3027 im
1618 2968 1805 3028 Ausschnitt
1830 2968 1883 3028 das
1913 2968 2036 3028 Leben,
2056 2968 2105 3028 die
2135 2971 2341 3031 bewegenden

257 3002 410 3062 worden.
445 3001 528 3061 Man
563 3003 617 3063 hat
637 3000 686 3060 ihm
731 2999 775 3059 die
805 3001 967 3061 Mischung
997 3000 1159 3060 klassischer
1189 2998 1282 3058 galli¬

1330 3007 1477 3067 geistigen
1512 3007 1625 3067 Kräfte
1655 3007 1743 3067 einer
1773 3007 1890 3067 ganzen
1925 3007 2042 3067 Epoche
2073 3007 2136 3067 und
2166 3010 2234 3070 ihre
2265 3009 2347 3069 Aus¬

262 3040 333 3100 scher
363 3042 468 3102 Kunst
493 3041 550 3101 und
579 3040 804 3100 romantischen
834 3040 1059 3100 Wienertums
1088 3037 1275 3097 bescheinigt

1334 3046 1520 3106 wirkungen
1558 3046 1702 3106 lebendig
1736 3046 1763 3106 zu
1801 3047 1917 3107 geben,
1941 3046 1992 3106 das
2025 3046 2062 3106 ist
2090 3048 2206 3108 einfach
2240 3049 2351 3109 genial

262 3083 311 3143 ihm
351 3080 424 3140 kühl
444 3080 615 3140 abwägend
640 3078 821 3138 Verdienste
846 3078 880 3138 um
920 3078 973 3138 das
1003 3078 1130 3138 deutsche
1155 3076 1273 3136 Drama

1335 3082 1396 3142 und
1421 3084 1473 3144 von
1503 3084 1651 3144 genialer
1675 3084 1876 3144 Einfachheit
1896 3084 1943 3144 bei
1963 3084 2092 3144 höchster
2116 3087 2351 3147 Kompliziert¬

262 3121 325 3181 und
360 3120 409 3180 die
439 3120 576 3180 deutsche
606 3117 684 3177 Epik
719 3118 920 3178 zugebilligt.
960 3117 1073 3177 Dabei
1103 3117 1171 3177 war
1206 3116 1274 3176 man

1328 3123 1397 3183 heit
1427 3123 1476 3183 des
1516 3124 1742 3184 Gedanklichen
1788 3124 1846 3184 und
1881 3126 1936 3186 des
1971 3123 2247 3183 revolutionären
2287 3126 2350 3186 Ge¬

263 3159 378 3219 immer
404 3159 601 3219 hinreichend
626 3157 767 3217 besorgt,
788 3156 833 3216 die
859 3156 1090 3216 Männlichkeit
1117 3155 1166 3215 des
1197 3153 1262 3213 nach

1336 3164 1496 3224 schehens.

262 3199 438 3259 geborenen
468 3198 679 3258 Beurteilers
708 3198 741 3258 an
770 3195 860 3255 einem
900 3197 1028 3257 Dichter
1053 3196 1081 3256 zu
1111 3195 1263 3255 erproben

1408 3201 1540 3261 Immer
1568 3201 1618 3261 hat
1640 3201 1673 3261 er
1696 3201 1840 3261 Schleier
1868 3201 2017 3261 gelüftet,
2034 3201 2150 3261 immer
2173 3203 2245 3263 jene
2267 3204 2350 3264 Ein¬

257 3240 314 3300 den
348 3240 414 3300 man
448 3240 568 3300 bißchen
602 3237 731 3297 feminin
766 3237 856 3297 fand.
895 3237 1019 3297 Womit
1044 3235 1096 3295 dem
1139 3234 1283 3294 Dichter,

1330 3240 1420 3300 blicke
1450 3240 1478 3300 in
1517 3240 1569 3300 das
1603 3240 1774 3300 purpurne
1804 3240 1937 3300 Dunkel
1967 3240 2019 3300 der
2048 3240 2167 3300 Seelen
2201 3244 2248 3304 sich
2282 3242 2344 3302 und

254 3276 316 3336 vom
359 3278 551 3338 Beurteiler
585 3278 776 3338 ungewollt,
810 3275 858 3335 die
887 3276 1092 3336 schöpferische
1127 3272 1275 3332 Zartheit

1333 3277 1433 3337 soinen
1467 3278 1571 3338 Lesern
1605 3278 1662 3338 und
1691 3278 1815 3338 Hörern
1844 3279 1997 3339 geöffnet.
2026 3280 2092 3340 Und
2121 3279 2236 3339 immer
2265 3279 2341 3339 wirt

259 3320 361 3380 seines
394 3317 817 3377 Einfühlungsvermögens
851 3314 966 3374 immer
1000 3314 1111 3374 wieder
1144 3314 1279 3374 bekannt

1333 3319 1388 3379 sein
1426 3317 1589 3377 einsamer
1622 3316 1691 3376 Weg
1729 3317 1906 3377 bezeichnet
1934 3317 2022 3377 durch
2055 3317 2139 3377 zwei
2167 3320 2348 3380 Gestalten,

261 3359 387 3419 wurde.
420 3359 501 3419 Doch
529 3357 583 3417 von
611 3356 660 3416 der
684 3356 710 3416 in
738 3353 942 3413 Schmerzen,
961 3353 983 3413 im
1024 3352 1274 3412 Schmiedefeuer

1326 3356 1380 3416 den
1408 3356 1604 3416 Paracelsus
1631 3356 1690 3416 und
1718 3356 1767 3416 den
1795 3356 1900 3416 Herrn
1927 3356 1959 3416 v.
1973 3356 2054 3416 Sala
2082 3359 2109 3419 im
2151 3359 2337 3419 „Einsamen

254 3395 306 3455 des
335 3398 455 3458 Lebens
484 3395 694 3455 gewonnenen
729 3395 814 3455 tiefen
844 3392 1006 3452 Weisheit
1026 3392 1212 3452 Schnitzlers
1242 3390 1275 3450 ist

1325 3397 1436 3457 Weg",
1460 3395 1513 3455 der
1542 3395 1590 3455 bis
1624 3395 1682 3455 auf
1711 3395 1763 3455 den
1803 3395 1918 3455 Grund
1953 3395 2005 3455 des
2040 3396 2174 3456 dunklen
2208 3398 2338 3458 Teiches

256 3437 312 3497 bei
331 3437 442 3497 alledem
480 3437 583 3497 wenig
607 3434 708 3494 gesagt
728 3434 872 3494 worden.
896 3434 961 3494 Und
989 3433 1064 3493 diese
1083 3432 1283 3492 dichterische,

1328 3435 1413 3495 sehen
1443 3434 1571 3494 gelernt
1591 3435 1657 3495 hat.
1682 3434 1753 3494 Der
1777 3434 1872 3494 macht
1897 3436 1973 3496 nicht
1992 3434 2078 3494 einem
2117 3437 2231 3497 Sohn,
2246 3437 2341 3497 macht

1328 3474 1375 3534 den
1410 3472 1539 3532 Söhnen
1573 3472 1625 3532 den
1654 3472 1726 3532 Weg
1756 3472 1836 3532 frei,
1851 3472 1928 3532 weil
1947 3472 1980 3532 er
2005 3472 2067 3532 aus
2097 3472 2197 3532 seiner
2221 3475 2341 3535 Vater¬

257 3475 532 3535 verkünderische,
567 3474 630 3534 aus
680 3473 939 3533 Metaphysischem
999 3472 1057 3532 tief
1097 3472 1273 3532 schöpfende

1327 3514 1420 3574 schaft
1440 3511 1519 3571 nicht
1544 3511 1745 3571 nachträglich
1775 3511 2021 3571 Lebenswärme
2046 3511 2094 3571 sich
2120 3511 2232 3571 stehlen
2262 3514 2331 3574 will

258 3517 424 3577 Weisheit
450 3514 626 3574 bezeichnet
657 3511 701 3571 ihn
737 3511 853 3571 stärker
889 3511 934 3571 als
975 3511 1030 3571 sein
1066 3511 1282 3571 Wienertum,

1328 3550 1392 3610 „Es
1417 3551 1524 3611 scheint
1549 3552 1623 3612 mir,
1638 3553 1691 3613 daß
1716 3550 1785 3610 jetzt
1805 3550 1918 3610 wieder
1943 3550 1987 3610 ein
2012 3551 2144 3611 besseres
2174 3551 2340 3611 Geschlecht

263 3558 307 3618 als
343 3556 423 3616 seine
454 3553 740 3613 altösterreichische
767 3550 907 3610 Kultur,
928 3550 977 3610 als
1013 3550 1088 3610 seine
1119 3550 1274 3610 gepflegte

1330 3589 1538 3649 heranwächst
1566 3588 1579 3648 —
1639 3590 1725 3650 mehr
1762 3589 1907 3649 Haltung
1944 3589 2007 3649 und
2044 3589 2189 3649 weniger
2222 3589 2326 3649 Geist.

262 3595 491 3655 Melancholie.
530 3592 668 3652 Gewisse
697 3589 988 3649 Offenbarungen,
1013 3589 1065 3649 wie
1099 3589 1151 3649 der
1180 3589 1275 3649 Emp¬

1326 3628 1377 3688 Da
1406 3629 1512 3689 spricht
1536 3631 1745 3691 schmerzliche
1769 3628 1954 3688 Erfahrung
1983 3629 2071 3689 eines
2099 3630 2266 3690 Dichters,
2285 3631 2336 3691 der

262 3634 482 3694 fangsbereite
512 3633 546 3693 se
576 3631 600 3691 in
635 3631 689 3691 dem
728 3628 841 3688 Werke
866 3629 1057 3689 Schnitzlers
1087 3628 1204 3688 erlebt,
1229 3625 1272 3685 be¬

1320 3666 1375 3726 dem
1418 3669 1614 3729 Augenblick
1643 3666 1703 3726 kein
1737 3667 1924 3727 „Verweile
1948 3666 2050 3726 doch!“
2079 3669 2215 3729 zurufen
2248 3669 2346 3729 kann,

256 3669 368 3729 weisen
401 3671 480 3731 ohne
504 3669 652 3729 weiteres
685 3668 732 3728 die
760 3669 947 3729 dichterische
975 3666 1035 3726 wie
1059 3667 1105 3727 die
1138 3667 1273 3727 Mensch¬

252 3711 518 3771 heitsbedeutung
554 3711 640 3771 eines
675 3711 897 3771 Begnadeten.
943 3711 1003 3771 Als
1034 3711 1159 3771 Anatol
1185 3709 1301 3769 jung!
1322 3709 1402 3769 weil
1422 3711 1467 3771 ihm
1503 3711 1548 3771 die
1569 3711 1851 3771 Vergänglichkeit
1867 3711 2023 3771 allzusehr
2044 3710 2103 3770 und
2124 3708 2199 3768 ohne
2220 3708 2340 3768 Unter¬

2422 1756 2473 1816 laß
2499 1758 2627 1818 bewußt
2647 1759 2697 1819 ist.
2717 1762 2858 1822 „Stehen
2885 1763 2948 1823 wir
2968 1765 3045 1825 denn
3078 1765 3135 1825 mit
3155 1766 3205 1826 dem
3245 1771 3333 1831 Auge

2420 1795 2520 1855 Brust
2546 1798 2575 1858 an
2606 1798 2721 1858 Brust,
2742 1799 2797 1859 wie
2823 1801 2883 1861 mit
2904 1804 2994 1864 einem
3035 1804 3181 1864 Freund,
3202 1807 3251 1867 den
3282 1808 3337 1868 wi¬

2420 1834 2527 1894 armen
2560 1834 2569 1894 —
2621 1837 2695 1897 oder
2724 1839 2784 1899 mit
2808 1840 2896 1900 einem
2944 1843 3060 1903 Feind,
3084 1844 3135 1904 der
3164 1846 3224 1906 uns
3252 1848 3326 1908 bedr

2420 1874 2471 1934 Ist
2497 1873 2549 1933 das
2580 1874 2688 1934 Wort,
2704 1876 2761 1936 das
2787 1878 2859 1938 eben
2891 1880 3061 1940 verklang,
3083 1883 3159 1943 nicht
3186 1885 3263 1945 schon
3294 1886 3335 1946 Er

2415 1911 2525 1971 rung?
2556 1912 2626 1972 Der
2653 1914 2743 1974 Ton,
2759 1917 2819 1977 mit
2840 1917 2890 1977 dem
2931 1920 3001 1980 eine
3027 1920 3174 1980 Melodie
3194 1923 3335 1983 begann,

2423 1950 2646 2010 Erinnerung,
2667 1953 2722 2013 ehe
2753 1954 2803 2014 das
2839 1956 2910 2016 Lied
2936 1959 3114 2019 geendet?"
3150 1960 3220 2020 Und
3257 1962 3332 2022 dant

2417 1986 2463 2046 die
2484 1989 2582 2049 starke
2609 1991 2780 2051 Bejahung
2812 1995 2863 2055 des
2894 1997 3013 2057 Lebens
3045 1998 3107 2058 und
3133 1999 3185 2059 des
3216 2001 3330 2061 Unver

2420 2025 2531 2085 lichen:
2558 2029 2701 2089 „Gerade
2733 2031 2759 2091 in
2787 2034 2902 2094 solchen
2935 2037 3104 2097 Stunden"
3131 2033 3141 2093 —
3190 2040 3258 2100 sagt
3285 2040 3327 2100 Sa

2420 2067 2595 2127 Johanna,
2611 2068 2657 2128 die
2679 2073 2776 2133 dieses
2802 2073 3004 2133 Bekenntnis
3030 2076 3087 2136 aus
3113 2076 3206 2136 tiefer
3227 2077 3325 2137 Erken

2421 2105 2545 2165 traurig
2574 2108 2670 2168 macht
2684 2111 2861 2171 —„gerade
2891 2112 2914 2172 in
2939 2114 3048 2174 solchen
3072 2114 3216 2174 Stunden
3240 2118 3321 2178 wisse

2423 2144 2472 2204 daß
2506 2144 2566 2204 wir
2600 2144 2693 2204 nichts
2727 2150 2870 2210 verloren
2910 2153 3003 2213 haben
3043 2156 3103 2216 und
3131 2156 3296 2216 eigentlich

2421 2183 2577 2243 verlieren
2610 2186 2752 2246 können.

2489 2222 2618 2282 Arthur
2654 2227 2849 2287 Schnitzlers
2891 2230 3086 2290 spielerische
3128 2234 3246 2294 Kunst,
3282 2234 3328 2294 die

2415 2261 2510 2321 Wesen
2547 2264 2602 2324 der
2628 2267 2806 2327 Dramatik
2837 2267 2903 2327 und
2934 2270 2989 2330 der
3020 2270 3137 2330 Bühne
3173 2273 3320 2333 ausmach

2423 2300 2496 2360 seine
2523 2304 2777 2364 melancholische
2804 2305 2973 2365 Weisheit
3000 2308 3058 2368 und
3090 2311 3158 2371 ihre
3190 2314 3306 2374 Lehren

2410 2341 2437 2401 in
2470 2344 2567 2404 starke
2595 2346 2801 2406 dramatische
2829 2346 2937 2406 Höhen
2981 2348 3166 2408 gefördert.
3210 2353 3280 2413 Aus

2415 2383 2559 2443 Naturen
2586 2383 2683 2443 haben
2709 2386 2921 2446 empfunden,
2938 2389 3024 2449 welch
3062 2390 3102 2450 ein
3134 2391 3227 2451 Stück
3248 2392 3335 2452 bishe

2407 2423 2642 2483 bezwungener
2673 2428 2950 2488 gesellschaftlicher
2981 2431 3252 2491 Schicksalsmacht
3278 2433 3302 2493 in

2410 2464 2551 2524 einzigen
2582 2467 2688 2527 Szene
2714 2467 2810 2527 liegt,
2825 2467 2885 2527 wie
2911 2467 2937 2527 in
2967 2469 3017 2529 der
3043 2471 3099 2531 der
3125 2470 3286 2530 „Liebelet

2407 2500 2459 2560 der
2487 2502 2607 2562 fremde
2635 2505 2719 2565 Herr
2756 2505 2851 2565 (welch
2884 2508 2952 2568 eine
2984 2508 3111 2568 Gestalt
3138 2511 3190 2571 für
3217 2511 3269 2571 den

2410 2541 2554 2601 spieler!)
2580 2542 2606 2602 in
2643 2544 2699 2604 das
2731 2545 2881 2605 Zimmer
2907 2546 2959 2606 des
2991 2549 3109 2609 jungen
3146 2550 3312 2610 Menschen

2410 2581 2507 2641 Jeber
2530 2583 2606 2643 weiß
2634 2583 2748 2643 sofort,
2765 2583 2830 2643 der
2852 2589 2922 2649 muß
2951 2589 3064 2649 fallen.
3082 2589 3157 2649 Man
3185 2591 3326 2651 vergleid

2414 2622 2606 2682 abgebogene
2641 2625 2809 2685 Tragödie
2839 2628 2893 2688 der
2928 2628 3051 2688 „Ehre"
3081 2631 3323 2691 Sudermanns

2403 2664 2481 2724 diese
2511 2663 2580 2723 eine
2615 2664 2737 2724 knappe
2767 2667 2875 2727 Szene
2905 2667 3116 2727 Schnitzlers.
3156 2670 3229 2730 Und
3264 2672 3317 2732 wie

2405 2702 2459 2762 das
2488 2702 2626 2762 Problem
2665 2705 2786 2765 „Ehre"
2809 2708 2859 2768 bis
2881 2708 2908 2768 in
2937 2708 2986 2768 die
3003 2708 3086 2768 letzte
3114 2711 3319 2771 Konsequenz

2407 2741 2634 2801 erschütternd,
2651 2744 2857 2804 bezwingend
2884 2747 3021 2807 erledigt
3043 2747 3090 2807 ist.

2481 2782 2554 2842 Das
2589 2783 2797 2843 Wienerische
2826 2785 2854 2845 in
2888 2786 2944 2846 der
2979 2786 3153 2846 „Liebelet"
3182 2789 3300 2849 beweis

2399 2822 2528 2882 zuletzt,
2549 2822 2606 2882 wie
2633 2822 2678 2882 die
2705 2825 2881 2885 Romantik
2907 2827 2985 2887 über
3017 2828 3073 2888 alle
3105 2829 3270 2889 Schicksale

2404 2862 2496 2922 reichs
2528 2863 2713 2923 unsterblich
2745 2866 2791 2926 sich
2823 2866 2942 2926 erhält.
2984 2866 3040 2926 Wo
3071 2867 3138 2927 gibt
3164 2868 3195 2928 es
3226 2868 3324 2928 Aktsch

2407 2898 2461 2958 wie
2492 2902 2567 2962 den,
2598 2900 2633 2960 da
2673 2902 2728 2962 der
2769 2905 2904 2965 plötzlich
2945 2905 3181 2965 vereinsamte,
3207 2909 3312 2969 todgen

2402 2943 2502 3003 junge
2529 2943 2650 3003 Mensch
2672 2944 2862 3004 aufgerissen
2894 2944 2973 3004 wird
3005 2946 3089 3006 durch
3116 2947 3168 3007 den
3201 2947 3322 3007 Marsch

2404 2983 2458 3043 sein
2496 2981 2658 3041 wissender
2691 2983 2826 3043 Freund
2859 2983 2913 3043 von
2952 2983 3005 3043 der
3038 2986 3162 3046 Straße
3195 2987 3324 3047 hinauft

2399 3019 2441 3079 um
2489 3022 2536 3082 ihn
2579 3024 2610 3084 zu
2648 3023 2848 3083 ermutigen.
2891 3025 2965 3085 Wie
2992 3025 3087 3085 fließt
3119 3025 3150 3085 da
3183 3026 3288 3086 heiße,

2404 3060 2491 3120 Liebe
2517 3063 2568 3123 zum
2610 3061 2729 3121 Leben,
2745 3063 2997 3123 Tragikomöbie
3019 3066 3069 3126 des
3096 3066 3286 3126 Schicksals,
3297 3064 3312 3124 L

2404 3099 2438 3159 um
2479 3102 2529 3162 den
2565 3102 2624 3162 Tod
2655 3102 2680 3162 in
2710 3102 2760 3162 der
2786 3105 2917 3165 Jugend
2948 3102 3123 3162 zusammen
3154 3105 3178 3165 in
3214 3104 3279 3164 eine

2485 3141 2520 3201 so
2561 3141 2811 3201 unvergeßlich,
2847 3142 2908 3202 wie
2955 3143 3000 3203 die
3047 3144 3194 3204 Sorma,
3231 3144 3281 3204 die

2404 3177 2579 3237 Christine,
2600 3180 2646 3240 die
2672 3181 2759 3241 keine
2786 3183 3054 3243 Oesterreicherin
3090 3184 3152 3244 war
3183 3186 3244 3246 und
3276 3186 3312 3246 de

2503 3222 2787 3282 nachschöpferische
2840 3225 3073 3285 Vollendung-
3125 3227 3227 3287 dieser

2405 3260 2616 3320 Schnitzlers.

2468 3308 2550 3368 Man
2584 3310 2639 3370 hat
2661 3311 2832 3371 Schnitzler
2866 3314 3064 3374 nachgesagt,
3081 3312 3125 3372 die
3153 3315 3274 3375 Tragik

2396 3348 2553 3408 Gestalten
2593 3350 2696 3410 werde
2726 3350 2914 3410 gemindert
2939 3354 3027 3414 durch
3062 3353 3125 3413 ihre
3155 3355 3308 3415 Vorteile

2396 3389 2628 3449 „Gesellschaft“
2688 3393 2722 3453 zu
2776 3392 2934 3452 gehören.
2994 3392 3181 3452 Seltsamer
3231 3394 3319 3454 Vorr

2397 3429 2575 3489 Christine,
2598 3431 2738 3491 Mizzie,
2760 3431 2851 3491 selbst
2879 3431 2927 3491 der
2960 3432 3176 3492 vielwissende
3209 3433 3327 3493 Medar

2391 3469 2451 3529 sind
2479 3468 2516 3528 sie
2544 3468 2620 3528 nicht
2648 3469 2751 3529 Volk?
2795 3472 2937 3532 Freilich
2965 3472 3013 3532 ihr
3041 3470 3150 3530 Boden
3183 3472 3221 3532 ist
3243 3473 3330 3533 durch

2393 3507 2474 3567 naue
2513 3508 2661 3568 Grenzen
2705 3511 2882 3571 bestimmt.
2931 3509 3017 3569 Aber
3056 3511 3103 3571 die
3143 3511 3315 3571 Sublimi¬

2391 3547 2476 3607 ihrer
2497 3548 2639 3608 Gefühle
2671 3550 2766 3610 macht
2788 3550 2813 3610 ja
2844 3550 2904 3610 erst
2930 3550 2970 3610 die
3001 3550 3057 3610 aus
3088 3550 3138 3610 dem
3179 3551 3306 3611 Gefühl

2390 3586 2564 3646 strömende
2589 3589 2778 3649 dichterische
2809 3589 2973 3649 Weisheit
2998 3591 3147 3651 möglich,
3167 3592 3217 3652 die
3247 3592 3301 3652 das

2390 3625 2509 3685 terische
2535 3629 2762 3689 Vermächtnis
2792 3631 2985 3691 Schnitzlers
3016 3631 3189 3691 bestimmt.
3230 3630 3298 3690 Wie

2397 3666 2557 3726 Schicksale
2599 3666 2655 3726 und
2702 3666 2758 3726 wie
2790 3671 3027 3731 mannigfacher
3054 3669 3115 3729 Art
3142 3669 3203 3729 sind
3235 3669 3265 3729 im

2385 3708 2574 3768 Schnitzlers
2615 3711 2822 3771 schicksalhaft
2857 3711 3041 3771 verbunden
3087 3712 3176 3772 burch
3210 3714 3310 3774 Logit
