3248 4384
210 267 299 327 2.
350 276 951 336 Schnitzler's
1012 274 1241 334 Death

1453 276 1591 336 box
1666 278 1912 338 43/12

576 797 673 857 80

241 1002 562 1062 Jahrgang1

920 1007 1321 1067 Beilage
1400 1010 1555 1070 der
1634 1008 2098 1068 Berliner
2177 1011 2672 1071 Jüdischen
2767 1011 3167 1071 Zeitung

2082 1167 2138 1227 das
2167 1169 2258 1229 selbst
2281 1169 2367 1229 seine
2390 1169 2561 1229 Freunde,
2585 1169 2669 1229 seine
2693 1169 2841 1229 Nächsten
2876 1169 2949 1229 nicht

2086 1211 2244 1271 glauben,
2266 1213 2303 1273 sie
2335 1211 2435 1271 suchen
2478 1213 2525 1273 ihm
2573 1214 2726 1274 Absichten
2769 1212 2827 1272 und
2864 1214 2954 1274 Ten¬

318 1244 700 1304 Neihue
790 1250 1358 1310 Schnhler,
1409 1253 1569 1313 der
1645 1249 1903 1309 Gade

2084 1256 2200 1316 denzen
2237 1259 2263 1319 zu
2295 1256 2507 1316 unterlegen.
2550 1256 2612 1316 Die
2645 1256 2729 1316 einen
2762 1256 2946 1316 bekämpfen

2086 1297 2155 1357 ihn,
2182 1297 2229 1357 die
2250 1297 2387 1357 anderen
2425 1298 2536 1358 wollen
2573 1300 2620 1360 ihn
2653 1300 2705 1360 für
2732 1300 2805 1360 ihre
2833 1300 2954 1360 Pattei

772 1333 866 1393 Von
914 1336 1119 1396 Summy
1160 1339 1475 1399 Gronemann

2088 1339 2115 1399 in
2161 1342 2313 1402 Beschlag
2359 1342 2511 1402 nehmen.
2569 1344 2619 1404 Er
2659 1345 2783 1405 weist
2818 1343 2947 1403 alles

2082 1387 2280 1447 lächelnd
2311 1387 2480 1447 zurück.

233 1402 250 1462 *
292 1405 374 1465 Man
411 1405 469 1465 lese
494 1405 742 1465 Professor
773 1406 1044 1466 Bernhardi

1203 1407 1256 1467 Ob
1284 1408 1460 1468 Schnitzler
1488 1408 1622 1468 bewußt
1649 1408 1718 1468 hier
1746 1408 1778 1468 an
1811 1408 1864 1468 das
1896 1408 2030 1468 Juden¬

2147 1444 2257 1504 Genau
2297 1447 2328 1507 so
2362 1447 2420 1507 wie
2453 1447 2485 1507 es
2525 1449 2648 1509 Arthur
2681 1448 2856 1508 Schnitzler
2890 1449 2941 1509 tun

231 1450 303 1510 man
340 1450 401 1510 lese
427 1450 473 1510 ihn
505 1446 514 1506 —
567 1449 741 1509 bedachtsam
783 1450 845 1510 und
876 1450 1020 1510 gesichert
1047 1450 1103 1510 vor

1160 1450 1293 1510 problem
1335 1450 1468 1510 rührte?
1511 1452 1563 1512 Ob
1591 1452 1622 1512 es
1649 1453 1712 1513 nur
1739 1453 1797 1513 aus
1824 1453 1871 1513 ihm
1915 1454 2036 1514 schrieb,

2084 1492 2215 1552 würde,
2253 1489 2363 1549 wollte
2407 1490 2480 1550 man
2534 1492 2586 1552 ihn
2639 1492 2697 1552 zum
2756 1492 2951 1552 Partei¬

228 1493 287 1553 dem
331 1492 415 1552 Lärm
465 1492 519 1552 der
549 1493 691 1553 Straße,
721 1490 736 1550 —
795 1492 864 1552 man
909 1494 1002 1554 lese
1042 1496 1110 1556 ihn.

1159 1494 1227 1554 wer
1272 1494 1355 1554 weiß
1405 1494 1464 1554 es?
1513 1495 1601 1555 Aber
1646 1494 1680 1554 es
1730 1495 1768 1555 ist
1813 1497 1877 1557 doch
1926 1497 2029 1557 anzu¬

2078 1534 2254 1594 gänger
2281 1533 2452 1593 stempeln.
2489 1530 2535 1590 Er
2562 1531 2624 1591 tat,
2645 1533 2707 1593 was
2739 1533 2770 1593 er
2796 1535 2858 1595 tat,
2880 1536 2957 1596 nicht

229 1536 313 1596 Man
346 1536 419 1596 hüte
446 1536 493 1596 sich
520 1536 636 1596 davor,
652 1534 700 1594 ihn
732 1534 758 1594 in
790 1535 880 1595 einer
907 1536 996 1596 jener
1023 1536 1107 1596 Auf¬

1163 1536 1309 1596 merken,
1324 1538 1379 1598 daß
1410 1536 1501 1596 jenes
1526 1538 1622 1598 Stück
1648 1539 1672 1599 in
1703 1539 1759 1599 der
1779 1539 1854 1599 Zeit
1880 1539 2036 1599 entstand,

2084 1575 2137 1635 als
2165 1578 2322 1638 Mitglied
2355 1576 2566 1636 irgendeiner
2599 1578 2729 1638 Partei.
2773 1578 2821 1638 Er
2849 1578 2952 1638 sprach

232 1581 417 1641 führungen
449 1581 476 1641 zu
508 1581 619 1641 sehen,
636 1580 661 1640 in
688 1578 741 1638 der
768 1579 821 1639 von
848 1581 1075 1641 rücksichts

1155 1578 1190 1638 da
1227 1580 1439 1640 Theodor
1470 1580 1609 1640 Herzl
1641 1581 1713 1641 den
1750 1581 2029 1641 Judenstaat

2080 1620 2267 1680 andächtig,
2288 1620 2358 1680 man
2389 1620 2465 1680 kann
2496 1621 2607 1681 sagen,
2628 1620 2871 1680 ehrfurhtsvoll
2897 1620 2947 1680 von

226 1624 352 1684 loser
390 1626 533 1686 Regie
570 1623 649 1683 etwa
687 1623 739 1683 des
777 1623 940 1683 grimmen
979 1623 1110 1683 Demo¬

1161 1623 1287 1683 schrieb.
1330 1623 1403 1683 Und
1436 1625 1615 1685 Schyitzler
1648 1626 1716 1686 war
1748 1626 1800 1686 der
1827 1626 2028 1686 intimste

2085 1662 2135 1722 dem
2181 1665 2390 1725 Schicksal
2413 1662 2486 1722 des
2515 1664 2735 1724 jüdischen
2770 1665 2956 1725 Volkes.

1164 1667 1343 1727 Freund
1381 1667 1465 1727 und
1497 1667 1570 1727 der
1608 1669 1882 1729 eigentliche
1914 1668 2025 1728 Ver¬

230 1668 337 1728 kraten
376 1668 705 1728 Pflugfelders
738 1668 824 1728 Rede
851 1668 1045 1728 Bernhardi
1073 1668 1094 1728 in

2084 1710 2157 1770 „Es
2192 1707 2242 1767 ist
2266 1707 2333 1767 ein
2367 1709 2577 1769 einziges
2611 1707 2763 1767 Volk,"
2792 1710 2877 1770 sagte
2906 1707 2956 1767 er,

1155 1711 1316 1771 traute
1347 1710 1423 1770 von
1459 1712 1616 1772 Herzl.
1657 1713 1727 1773 Ihm
1778 1713 1839 1773 und
1870 1713 1935 1773 nur
1966 1713 2011 1773 ihm

229 1714 287 1774 den
314 1713 420 1773 Mund
447 1713 553 1773 gelegt
569 1713 627 1773 und
654 1713 680 1773 so
702 1713 755 1773 des
777 1710 904 1770 Werkes
925 1710 1105 1770 tiefster

2081 1752 2169 1812 „mit
2197 1751 2285 1811 einem
2336 1753 2546 1813 einzigen
2586 1754 2818 1814 Schicksal,
2840 1751 2956 1811 nicht

1162 1751 1255 1811 allein
1295 1752 1350 1812 hat
1380 1751 1483 1811 Herzl
1523 1754 1656 1814 damals
1706 1754 1789 1814 seine
1834 1757 2026 1817 gewaltigen

231 1754 347 1814 Sinn
374 1754 622 1814 verfälscht
644 1754 739 1814 wird.
777 1754 856 1814 Man
883 1754 972 1814 lese
1000 1754 1105 1814 Bern¬

2081 1794 2439 1854 irgendeinem
2499 1796 2715 1856 anderen
2764 1796 2813 1856 zu
2851 1793 2953 1853 ver¬

1161 1796 1286 1856 Pläne,
1317 1794 1361 1854 die
1392 1796 1512 1856 tiefsten
1553 1796 1658 1856 seiner
1689 1799 1879 1859 Gedanken,
1910 1799 2030 1859 anver¬

232 1800 330 1860 hardi
361 1799 422 1859 und
466 1799 540 1859 man
583 1799 663 1859 wird
707 1799 762 1859 des
793 1799 947 1859 Dichters
979 1799 1095 1859 tiefstes

2081 1838 2308 1898 gleichen."
2357 1836 2406 1896 Er
2439 1838 2574 1898 glaubte
2601 1838 2638 1898 an
2672 1838 2726 1898 das
2759 1838 2953 1898 jüdische

1157 1838 1265 1898 traut,
1286 1838 1337 1898 für
1364 1838 1409 1898 den
1441 1838 1533 1898 Fall,
1550 1841 1622 1901 „daß
1654 1841 1689 1901 er
1716 1841 1818 1901 mitten
1850 1841 1875 1901 im
1917 1842 2025 1902 Werke

229 1844 341 1904 Wesen
369 1844 550 1904 erkennen.

2084 1880 2197 1940 Volk
2225 1880 2306 1940 und
2339 1880 2382 1940 an
2409 1880 2533 1940 seine
2561 1880 2783 1940 Zukunft.
2817 1880 2891 1940 Und
2919 1880 2951 1940 er

1159 1883 1336 1943 abberufen
1365 1881 1485 1941 werden
1519 1883 1644 1943 sollte".
1679 1885 1750 1945 Nur
1774 1886 1822 1946 ihm
1866 1886 2029 1946 vertraute

290 1896 358 1956 Und
388 1895 474 1955 wenn
504 1895 567 1955 ichs
590 1898 700 1958 wage,
718 1895 798 1955 jetzt,
816 1895 844 1955 da
874 1895 925 1955 der
955 1895 1018 1955 Tod
1047 1894 1098 1954 des

2086 1922 2132 1982 sah
2163 1925 2220 1985 mit
2241 1925 2406 1985 freudiger
2427 1924 2613 1984 Hoffnung,
2634 1925 2691 1985 wie
2712 1925 2763 1985 der
2789 1925 2861 1985 stille
2887 1923 2954 1983 Zu¬

1159 1925 1192 1985 er
1226 1927 1273 1987 sich
1307 1928 1388 1988 ganz
1417 1928 1479 1988 an,
1503 1928 1608 1988 keinem
1661 1928 1814 1988 Dritten.
1857 1928 1976 1988 Denn,
2001 1931 2024 1991 so

233 1939 389 1999 geliebten
430 1939 488 1999 und
523 1939 714 1999 ehrfürchtig
750 1936 912 1996 verehrten
953 1938 1103 1998 Dichters

2086 1967 2211 2027 schauer
2247 1966 2312 2026 aus
2358 1968 2458 2028 seinem
2514 1966 2705 2026 Verschlage
2746 1966 2957 2026 hexaustrat,

1164 1968 1290 2028 schreibt
1320 1966 1421 2026 Herzl
1447 1969 1482 2029 an
1523 1972 1720 2032 Schnitzler,
1745 1971 1836 2031 wenn
1872 1969 1948 2029 drei
1973 1972 2023 2032 von

228 1983 360 2043 Gestalt
400 1983 434 2043 zu
474 1981 671 2041 besonderem
721 1978 819 2038 Leben
869 1979 1001 2039 erweckt
1036 1981 1095 2041 hat

2090 2011 2200 2071 wittun
2240 2009 2361 2069 wollte,
2385 2011 2428 2071 sich
2462 2011 2562 2071 unter
2590 2012 2639 2072 die
2668 2012 2800 2072 Spieler
2829 2011 2951 2071 mischte

1160 2011 1250 2071 einem
1292 2011 1488 2071 Geheimnis
1519 2013 1646 2073 wissen,
1667 2014 1702 2074 ist
1728 2014 1757 2074 es
1789 2014 1849 2074 kein
1880 2014 2031 2074 Geheim¬

229 2026 354 2086 einiges
390 2026 465 2086 über
496 2026 556 2086 sein
586 2023 692 2083 Wesen
728 2024 757 2084 zu
788 2025 904 2085 sagen,
925 2023 989 2083 was
1025 2023 1105 2083 sonst

2087 2056 2148 2116 und
2175 2056 2227 2116 der
2254 2056 2378 2116 Rampe
2405 2055 2451 2115 sich
2478 2056 2628 2116 nähette.

1158 2053 1212 2113 nis
1253 2056 1358 2116 mehr.
1405 2056 1525 2116 Diesen
1566 2058 1798 2118 Briefwechsel
1834 2059 1909 2119 kann
1955 2059 2020 2119 man

224 2071 456 2131 verschwiegen
496 2068 554 2128 und
590 2068 683 2128 leicht
708 2068 870 2128 verkannt
901 2068 1004 2128 wird,
1029 2070 1097 2130 mag

1164 2099 1213 2159 bei
1236 2101 1347 2161 Leon
1386 2101 1581 2161 Kellner
1615 2104 1792 2164 nachlesen.

229 2114 302 2174 eben
351 2114 451 2174 dieses
484 2111 680 2171 Verkennen
723 2113 786 2173 zur
824 2111 1099 2171 Entschuldigung

2145 2118 2408 2178 Parteien
2454 2118 2652 2178 müssen
2699 2118 2807 2178 sein
2853 2116 2948 2176 und

232 2157 366 2217 dienen.
410 2155 452 2215 An
502 2154 555 2214 der
588 2155 702 2215 Bahre
740 2154 793 2214 des
837 2154 1096 2214 jüdischsten

2081 2161 2297 2221 Kämpfer
2341 2160 2432 2220 muß
2482 2160 2524 2220 es
2574 2160 2730 2220 geben.
2768 2160 2854 2220 Aber
2898 2157 2952 2217 die

1218 2160 1260 2220 Es
1288 2160 1325 2220 ist
1348 2160 1390 2220 ein
1418 2161 1532 2221 weiter
1559 2163 1629 2223 Weg
1657 2163 1716 2223 vom
1755 2163 1954 2223 „Freiwild"
1977 2163 2019 2223 bie

227 2199 469 2259 vielleicht
504 2199 631 2259 aller
672 2196 896 2256 jüdischen
943 2196 1098 2256 Malei

2084 2203 2240 2263 Wurzeln
2267 2202 2321 2262 der
2343 2202 2434 2262 Kraft
2456 2203 2554 2263 liegen
2581 2203 2608 2263 in
2635 2202 2683 2262 den
2711 2204 2889 2264 Wenigen,
2900 2202 2948 2262 die

1158 2207 1208 2267 zum
1259 2205 1350 2265 „Weg
1391 2205 1441 2265 ins
1477 2205 1599 2265 Freie“
1635 2208 1695 2268 und
1731 2208 1792 2268 zum
1843 2208 2025 2268 „Professor

226 2243 369 2303 unserer
396 2244 481 2304 Tage
508 2241 598 2301 wagt
620 2241 651 2301 es
683 2241 725 2301 ein
758 2241 815 2301 mit
842 2241 1017 2301 Blindheit
1039 2237 1102 2297 Ge¬

2081 2247 2206 2307 abseits
2234 2247 2288 2307 des
2321 2246 2533 2306 Getümmels
2566 2245 2615 2305 sich
2638 2245 2691 2305 den
2730 2247 2833 2307 klaren
2872 2247 2958 2307 Blick

1159 2247 1386 2307 Vernhardi".
1431 2248 1578 2308 Damals
1613 2250 1682 2310 war
1717 2250 1766 2310 der
1796 2250 1923 2310 Dichter
1954 2252 2022 2312 eben

232 2289 431 2349 schlagener,
460 2286 508 2346 dem
562 2286 665 2346 Toten
704 2286 757 2346 den
795 2286 958 2346 Urgrund
996 2286 1098 2346 seiner

2091 2292 2252 2352 erhalten,
2287 2289 2338 2349 den
2380 2289 2465 2349 Blick
2495 2289 2546 2349 des
2582 2289 2777 2349 Künstlers,
2807 2291 2858 2351 die
2899 2289 2950 2349 die

1157 2292 1221 2352 erst
1251 2292 1274 2352 in
1314 2292 1368 2352 den
1408 2292 1600 2352 Bannkreis
1635 2295 1727 2355 jenes
1762 2294 1944 2354 Problems
1979 2296 2013 2356 ge

231 2331 336 2391 Kunst
369 2328 702 2388 wegzudisputieren,
729 2328 765 2388 da
798 2328 850 2388 tut
882 2328 914 2388 es
951 2330 1030 2390 not,
1052 2328 1099 2388 sich

2084 2334 2279 2394 Sehnsüchte
2311 2334 2337 2394 zu
2375 2334 2523 2394 gestalten
2560 2331 2660 2391 wissen
2698 2334 2761 2394 und
2793 2334 2851 2394 aus
2883 2334 2930 2394 dem

1160 2334 1265 2394 langt,
1286 2334 1336 2394 das
1367 2334 1411 2394 ihn
1442 2336 1523 2396 nicht
1543 2337 1685 2397 losließ.
1706 2337 1892 2397 Allmählich
1918 2337 2023 2397 wurde

232 2372 398 2432 schirmend
429 2371 485 2431 vor
516 2370 566 2430 das
597 2371 688 2431 Grab
719 2370 769 2430 des
800 2370 917 2430 großen
948 2371 1099 2431 Dichters

2088 2378 2253 2438 flüchtigen
2295 2376 2431 2436 Wechsel
2467 2375 2520 2435 des
2562 2378 2757 2438 Geschehens
2799 2378 2952 2438 Ewig¬

1158 2377 1192 2437 es
1223 2376 1253 2436 in
1289 2378 1338 2438 ihm
1385 2378 1505 2438 stärker
1536 2380 1596 2440 und
1627 2379 1763 2439 stärker,
1788 2381 1819 2441 er
1850 2381 1950 2441 suchte
1981 2382 2020 2442 sich

230 2414 370 2474 unserer
403 2414 554 2474 jüdischen
593 2414 679 2474 Tage
723 2415 755 2475 zu
805 2414 929 2474 stellen,
967 2417 1015 2477 ihn
1059 2415 1096 2475 zu

2079 2420 2360 2480 keitswerte
2384 2420 2527 2480 formen.

1156 2421 1381 2481 diskutierend
1410 2423 1434 2483 im
1473 2423 1602 2483 Roman
1631 2425 1659 2485 zu
1693 2424 1852 2484 befreien,
1871 2423 1914 2483 bis
1943 2425 2019 2485 dann

231 2460 360 2520 schützen
396 2462 484 2522 gegen
520 2459 620 2519 Feind
650 2459 715 2519 und
745 2456 891 2516 Freund.

1158 2465 1227 2525 jene
1268 2465 1379 2525 große
1431 2465 1709 2525 Tragikomödie,
1755 2466 1805 2526 die
1861 2468 2007 2528 Tragi

2135 2483 2185 2543 In
2231 2483 2364 2543 Arthur
2397 2481 2582 2541 Schnitzler
2622 2483 2659 2543 ist
2693 2483 2858 2543 vielleicht
2897 2483 2948 2543 der

285 2512 374 2572 Auch
411 2511 507 2571 gegen
544 2512 760 2572 Freund!
791 2508 802 2568 —
857 2510 941 2570 Dies
978 2511 1019 2571 ist
1050 2508 1104 2568 be¬

1158 2507 1363 2567 komödie
1406 2510 1482 2570 des
1530 2513 1819 2573 Judentums
1871 2513 2030 2573 entstand,

2080 2531 2211 2591 erste,
2242 2528 2380 2588 große
2417 2528 2609 2588 jüdische
2646 2528 2947 2588 Dramatiker

1153 2549 1197 2609 die
1233 2552 1311 2612 über
1342 2552 1396 2612 das
1432 2553 1690 2613 Einzelproblem
1740 2555 2022 2615 hinauswachsend

236 2558 337 2618 hutsam
383 2559 411 2619 zu
440 2555 587 2615 schreiben
622 2553 684 2613 und
707 2552 854 2612 behutsam
901 2555 928 2615 zu
957 2552 1081 2612 lesen.-

2084 2575 2144 2635 seit
2167 2573 2314 2633 Urzeiten
2349 2570 2557 2630 entstanden.

1160 2593 1209 2653 die
1230 2595 1386 2655 Komödie
1412 2593 1462 2653 der
1488 2596 1563 2656 Zeit
1584 2596 1749 2656 geworden
1780 2599 1830 2659 ist.

232 2600 308 2660 Man
336 2599 395 2659 soll
412 2599 472 2659 uns
500 2599 581 2659 nicht
603 2596 766 2656 einreihen
794 2596 821 2656 in
849 2596 898 2656 den
931 2596 1099 2656 Fackelzug

2137 2635 2198 2695 Ich
2229 2634 2340 2694 möchte
2371 2633 2414 2693 ein
2446 2632 2544 2692 Wort
2570 2632 2655 2692 eines
2687 2632 2760 2692 auch
2786 2632 2841 2692 vor
2872 2632 2952 2692 nicht

230 2644 446 2704 zionistischer
484 2644 549 2704 und
587 2641 863 2701 fortschrittlicher
896 2639 1107 2699 Studenten,

1212 2641 1294 2701 Wer
1328 2647 1378 2707 ist,
1406 2647 1472 2707 was
1511 2648 1549 2708 ist
1583 2650 1682 2710 dieser
1716 2650 1881 2710 Professor
1915 2650 2025 2710 Bern¬

2084 2679 2203 2739 langer
2225 2678 2300 2738 Zeit
2323 2677 2625 2737 Heimgegangenen
2659 2677 2837 2737 anführen,
2859 2674 2945 2734 eines

226 2687 273 2747 die
295 2686 348 2746 dem
391 2686 443 2746 aus
471 2686 523 2746 der
545 2685 624 2745 Haft
641 2683 794 2743 befreiten
821 2683 985 2743 Professor
1012 2683 1096 2743 einen

1161 2692 1272 2752 hardi?
1315 2692 1394 2752 Auch
1416 2692 1447 2752 er
1474 2690 1532 2750 sitzt
1554 2691 1579 2751 in
1607 2692 1712 2752 seinem
1750 2694 1935 2754 Verschlage
1962 2695 2020 2755 nur

2082 2722 2229 2782 Mannes
2263 2721 2319 2781 der
2348 2722 2581 2782 Wissenschaft,
2599 2720 2649 2780 des
2679 2719 2820 2779 Rektors
2849 2719 2956 2779 Adolf

226 2731 400 2791 Fackelzug
432 2729 566 2789 bringen
597 2728 725 2788 wollen.
747 2727 756 2787 —
803 2727 886 2787 Man
917 2728 989 2788 soll,
1010 2725 1092 2785 venn

1163 2737 1221 2797 mit
1243 2734 1347 2794 seiner
1369 2734 1491 2794 Arbeit
1512 2736 1707 2796 beschäftigt,
1729 2737 1771 2797 sich
1804 2738 1882 2798 nicht
1904 2737 2019 2797 anders

2084 2767 2284 2827 Schwarz
2307 2766 2366 2826 aus
2393 2764 2506 2824 Wien.
2540 2764 2588 2824 Er
2616 2764 2739 2824 münzte
2762 2764 2794 2824 es
2822 2764 2881 2824 auf
2903 2764 2946 2824 die

226 2774 299 2834 man
358 2774 484 2834 Arthur
527 2773 722 2833 Schnitzler,
764 2770 817 2830 den
870 2770 1007 2830 Juden,
1044 2769 1102 2829 be¬

1163 2778 1219 2838 wie
1261 2779 1312 2839 als
1359 2779 1643 2839 teilnehmender,
1680 2779 1917 2839 mitfühlender
1959 2781 2025 2841 Zu¬

2080 2809 2316 2869 Wissenschaft,
2336 2809 2496 2869 vielleicht
2516 2809 2605 2869 trifft
2631 2811 2662 2871 es
2690 2809 2746 2869 auf
2773 2809 2823 2869 die
2843 2808 2951 2868 Kunst

227 2817 380 2877 trachtet,
392 2817 442 2877 ihn
465 2815 550 2875 nicht
568 2814 618 2874 für
641 2816 709 2876 eine
738 2814 851 2874 Partei
875 2814 1106 2874 reklamieren,

1160 2823 1283 2883 schauer
1309 2820 1346 2880 um
1382 2820 1438 2880 das
1465 2820 1558 2880 Leben
1589 2823 1790 2883 ringsherum
1832 2823 2033 2883 kümmernd,

2080 2853 2197 2913 ebenso
2230 2856 2283 2916 zu:

233 2862 313 2922 nicht
349 2861 400 2921 als
442 2861 610 2921 Zionisten
657 2860 732 2920 oder
762 2859 1005 2919 Nationalisten
1046 2857 1103 2917 ab¬

1154 2865 1195 2925 um
1242 2863 1293 2923 die
1325 2865 1506 2925 politischen
1548 2865 1870 2925 Quertreibereien,
1891 2866 1927 2926 um
1974 2868 2025 2928 die

2137 2908 2208 2968 Zum
2251 2906 2432 2966 Feststrauß
2469 2904 2498 2964 am
2548 2904 2813 2964 Laubhüttenfest
2838 2904 2952 2964 bindet

232 2904 413 2964 stempeln.

1157 2909 1373 2969 Klopffechter
1409 2907 1464 2967 der
1500 2911 1853 2971 Parteiprogramme,
1884 2910 1935 2970 die
1970 2910 2030 2970 mit

2080 2952 2154 3012 man
2186 2950 2408 3010 Palmzweig,
2430 2949 2562 3009 Myrthe
2594 2949 2657 3009 und
2684 2949 2795 3009 Weide
2827 2949 2948 3009 zusam¬

1157 2952 1264 3012 lautem
1312 2951 1492 3011 Spektakel
1519 2950 1570 3010 die
1596 2954 1705 3014 Szene
1736 2952 1855 3012 füllen.
1896 2953 1943 3013 Er
1969 2952 2025 3012 sitzt

289 2955 334 3015 Er
382 2958 447 3018 war
495 2956 594 3016 kein
648 2955 986 3015 Parteimann,
1026 2955 1092 3015 kein

2081 2996 2171 3056 men.
2217 2996 2297 3056 Man
2338 2995 2459 3055 nimmt
2485 2991 2585 3051 dazu,
2611 2994 2672 3054 frei
2702 2994 2732 3054 in
2768 2993 2823 3053 der
2854 2994 2944 3054 Hand

1157 2994 1191 3054 da
1222 2994 1282 3054 und
1313 2994 1363 3054 tut
1389 2994 1484 3054 nichts
1515 2994 1565 3054 als
1602 2996 1626 3056 in
1662 2997 1747 3057 jedem
1788 2997 1939 3057 Moment
1965 2996 2020 3056 das

226 3003 334 3063 Mann
371 3003 428 3063 der
454 3003 620 3063 Tendenz,
647 3003 744 3063 außer
771 3002 802 3062 in
833 3000 957 3060 einem.

2083 3038 2231 3098 haltend,
2253 3038 2295 3098 die
2322 3036 2433 3096 Frucht
2460 3035 2507 3095 des
2540 3035 2837 3095 Paradiesapfels.
2854 3035 2948 3095 Diese

1157 3038 1316 3098 Richtige,
1343 3036 1414 3096 eben
1452 3037 1487 3097 um
1534 3037 1591 3097 des
1622 3040 1787 3100 Richtigen
1824 3040 1927 3100 willen
1964 3039 2015 3099 von

284 3055 380 3115 „Wie
403 3053 527 3113 töricht,
551 3051 636 3111 welch
665 3050 993 3110 Mißverständnis!"
1022 3050 1101 3110 sagte

2079 3083 2197 3143 Frucht
2224 3082 2260 3142 ist
2286 3080 2343 3140 das
2370 3078 2515 3138 Symbol
2541 3079 2593 3139 der
2620 3080 2718 3140 freien
2755 3080 2952 3140 Forschung,

1163 3081 1230 3141 früh
1262 3083 1308 3143 bis
1340 3083 1417 3143 spät,
1433 3080 1490 3140 der
1517 3080 1620 3140 Mann
1657 3083 1735 3143 ohne
1761 3086 1932 3146 Tendenz,
1949 3083 2026 3143 ohne

235 3098 267 3158 er
300 3097 548 3157 achselzuckend.
595 3095 751 3155 „Meinen
791 3095 953 3155 Professor
994 3095 1097 3155 Bern¬

2081 3125 2134 3185 der
2173 3122 2405 3182 Wissenschaft.
2438 3122 2541 3182 Ohne
2574 3122 2617 3182 sie
2650 3122 2687 3182 ist
2721 3123 2774 3183 der
2813 3125 2942 3185 Strauß

1163 3126 1229 3186 eine
1251 3125 1369 3185 andere
1390 3123 1544 3183 Tendenz
1566 3125 1658 3185 eben,
1680 3126 1725 3186 als
1752 3128 1798 3188 ein
1825 3126 1912 3186 jedes
1938 3128 2020 3188 Ding

230 3140 325 3200 hardi
349 3143 382 3203 zu
416 3140 507 3200 einem
550 3140 779 3200 Tendenzstück
809 3140 837 3200 zu
871 3138 1009 3198 machen.
1048 3137 1095 3197 Es

2083 3167 2337 3227 unvollständig,
2364 3167 2517 3227 wertlos.
2555 3167 2644 3227 Aber
2676 3170 2840 3230 gebunden
2872 3170 2951 3230 darf

1158 3169 1197 3229 um
1243 3170 1343 3230 seiner
1375 3167 1465 3227 selbst
1496 3168 1596 3228 willen
1632 3170 1662 3230 zu
1698 3170 1773 3230 tun,
1793 3170 1960 3230 gerichtet,
1970 3169 2025 3229 auf

230 3187 269 3247 ist
289 3184 368 3244 alles
403 3182 472 3242 eher
502 3182 550 3242 als
575 3182 802 3242 tendenziös.“
827 3180 837 3240 —
887 3182 975 3242 „Und
1006 3182 1088 3242 doch,

2085 3221 2121 3281 sie
2145 3215 2230 3275 nicht
2248 3215 2332 3275 sein.

1163 3215 1446 3275 Ewigkeitsziele.
1485 3215 1560 3275 Und
1592 3217 1629 3277 er
1661 3216 1768 3276 erlebt
1795 3218 1844 3278 es,
1870 3218 1926 3278 daß
1952 3218 2008 3278 ihm

230 3229 334 3289 wagte
364 3227 420 3287 der
450 3227 602 3287 Besucher
631 3224 884 3284 ehrfurchtsvoll
913 3225 1103 3285 einzuwen¬

229 3271 285 3331 ben
317 3270 445 3330 „scheint
466 3268 497 3328 es
523 3268 584 3328 mir
606 3268 651 3328 ein
673 3268 920 3328 Tendenzstück,
936 3268 992 3328 das
1018 3268 1106 3328 Ten¬

842 3310 862 3370 —
930 3310 1023 3370 „Das
1070 3310 1106 3370 ist

229 3313 394 3373 denzstück
421 3313 516 3373 gegen
554 3313 601 3373 die
629 3313 804 3373 Tendenz!

231 3358 365 3418 richtig!
407 3359 453 3419 In
485 3356 537 3416 dem
584 3355 693 3415 Sinne
725 3355 760 3415 ist
782 3355 812 3415 es
844 3355 921 3415 denn
958 3352 1025 3412 doch
1057 3355 1097 3415 ein

230 3400 499 3460 Tendenzstück!"
543 3400 629 3460 sagte
662 3400 715 3460 der
748 3400 877 3460 Dichter
916 3400 1104 3460 überrascht

230 3445 300 3505 nach
334 3445 448 3505 kurzem
486 3442 671 3502 Besinnen.

217 3487 358 3547 Und
390 3498 426 3558 er
451 3495 611 3555 erzählte,
631 3495 692 3555 wie
717 3495 816 3555 dieses
841 3495 939 3555 Stück
965 3495 1106 3555 entstan¬

212 3543 287 3603 den
331 3540 400 3600 war
439 3538 494 3598 aus
540 3537 627 3597 einem
678 3537 854 3597 Gespräch,
886 3537 942 3597 das
981 3537 1011 3597 er
1044 3537 1105 3597 mit

229 3582 324 3642 einem
374 3582 530 3642 Prälaten
571 3581 702 3641 geführt
733 3579 833 3639 hatte,
859 3579 914 3639 das
955 3579 1020 3639 war
1056 3579 1100 3639 die

231 3627 407 3687 Keimzelle
458 3625 549 3685 jenes
605 3624 847 3684 wundervollen
904 3624 1100 3684 Gespräches

231 3670 377 3730 zwischen
413 3669 462 3729 dem
509 3669 675 3729 Professor
706 3667 766 3727 und
797 3666 847 3726 dem
894 3667 1035 3727 Pfarrer
1060 3669 1090 3729 im

230 3713 354 3773 pierten
389 3713 462 3773 Akt.
486 3713 554 3773 Und
583 3713 617 3773 er
646 3712 787 3772 erzählte
817 3711 947 3771 weiter,
965 3710 1027 3770 wie
1051 3710 1084 3770 am

226 3755 341 3815 Abend
368 3755 426 3815 der
448 3755 607 3815 Berliner
634 3752 887 3812 Uraufführung
914 3753 924 3813 —
968 3755 1099 3815 damals

231 3800 318 3860 hatte
370 3800 648 3860 Barnowsky
706 3797 808 3857 etwas
860 3797 999 3857 Großes
1046 3799 1102 3859 ge¬

235 3844 359 3904 schaffen
390 3843 442 3903 —,
453 3844 515 3904 wie
536 3842 572 3902 da
599 3842 748 3902 während
776 3842 827 3902 des
853 3842 972 3902 dritten
1004 3842 1097 3902 Aktes

230 3887 279 3947 die
313 3887 478 3947 Nachricht
512 3887 567 3947 vom
612 3884 727 3944 Tode
761 3884 866 3944 Otto
900 3885 1098 3945 Brahms

229 3930 418 3990 gekommen
468 3929 516 3989 sei
560 3929 619 3989 und
669 3928 733 3988 alle
777 3928 934 3988 Freunde
972 3929 1107 3989 nieder¬

228 3976 413 4036 geschlagen
437 3973 529 4033 habe.

292 4027 369 4087 Otto
402 4027 518 4087 Brahm
563 4027 639 4087 starb
673 4027 712 4087 an
746 4027 839 4087 jenem
884 4026 988 4086 Tage.
1028 4025 1099 4085 Der

232 4072 360 4132 Mann,
411 4072 466 4132 der
523 4072 590 4132 mit
640 4070 750 4130 seinen
806 4069 986 4129 Freunden
1048 4069 1103 4129 der

234 4114 440 4174 kämpfenden
486 4114 606 4174 jungen
657 4111 864 4171 Generation
910 4114 990 4174 einst
1026 4114 1086 4174 zum
