3392 4384
1397 363 1519 423 box
1597 366 1836 426 43/20

287 363 876 423 Schnitzler's
949 361 1177 421 Death

944 723 1657 783 OBSERVER

1024 784 1050 844 I.
1067 784 1188 844 österr.
1197 784 1349 844 behördl.
1362 784 1660 844 konzessioniertes

978 826 1214 886 Unternehmen
1246 826 1290 886 für
1318 826 1711 886 Zeitungs-Ausschnitte

1035 882 1182 942 WIEN,
1210 887 1256 947 I.,
1284 888 1572 948 WOLLZEILE
1621 888 1660 948 11

1131 938 1340 998 TELEPHON
1377 939 1555 999 R-23-0-43

1061 1124 1327 1184 Göteborgs
1366 1117 1749 1177 Handelstidning

1490 1268 1585 1328 1930

751 1733 1704 1793 Selinitzier

736 1999 1080 2059 sedd
1227 2004 1597 2064 Halr
1733 1996 2129 2056 Wien

1514 2179 1575 2239 Det
1604 2181 1703 2241 kanns
1732 2181 1764 2241 en
1798 2181 1849 2241 typ
1884 2181 1897 2241 i
1921 2179 2125 2239 Schnitz'ers
2154 2178 2224 2238 om¬

1120 2180 1239 2240 Wien
1285 2181 1299 2241 i
1335 2181 1413 2241 nov.

1482 2244 1623 2304 givning,
1641 2241 1694 2301 som
1734 2241 1871 2301 utövade
1898 2241 1924 2301 en
1956 2238 2092 2298 särskild
2124 2238 2221 2298 drag¬

747 2261 947 2321 Schnitzlers
975 2262 1160 2322 landsmän,
1179 2262 1233 2322 som
1275 2262 1360 2322 vuxit
1384 2263 1442 2323 upy

1477 2301 1667 2361 ningskraft
1712 2301 1746 2361 pä
1787 2301 1923 2361 honom:
1955 2298 2131 2358 offieeren,
2154 2299 2206 2359 som

705 2321 804 2381 under
830 2322 1029 2382 inflytandet
1050 2322 1083 2382 av
1109 2322 1187 2382 hans
1213 2322 1324 2382 namn,
1341 2322 1441 2382 kunna

1476 2368 1511 2428 pä
1544 2361 1589 2421 sin
1621 2361 1661 2421 tid
1689 2361 1848 2421 framstod
1880 2358 1934 2418 som
1975 2358 2029 2418 den
2062 2358 2216 2418 älskande

697 2378 773 2438 icke
803 2381 889 2441 fatta
919 2381 966 2441 att
995 2379 1086 2439 deras
1116 2381 1241 2441 diktare
1270 2381 1342 2441 gâtt
1367 2381 1453 2441 bort.

1480 2419 1532 2479 och
1564 2417 1696 2477 älskade
1724 2420 1857 2480 mannen
1884 2417 2029 2477 framför
2052 2417 2114 2477 alla
2141 2414 2220 2474 and-

696 2436 773 2496 Hon
810 2437 864 2497 var
897 2438 947 2498 för
979 2438 1028 2498 dem
1075 2439 1106 2499 en
1143 2438 1270 2498 symbol
1298 2440 1348 2500 för
1381 2441 1453 2501 sta¬

1477 2477 1510 2537 ra
1539 2476 1551 2536 —
1602 2476 1659 2536 och
1689 2477 1743 2537 som
1785 2477 1859 2537 dock
1893 2477 1976 2537 alltid
2010 2476 2109 2536 mäste
2139 2474 2213 2534 vara

702 2495 756 2555 den
784 2498 865 2558 Wien
893 2498 943 2558 och
971 2498 1048 2558 över
1071 2498 1171 2558 huvud
1198 2500 1248 2560 för
1271 2501 1321 2561 det
1340 2498 1444 2558 gamla

1476 2537 1591 2597 beredd
1621 2537 1673 2597 att
1698 2537 1755 2597 dö.
1799 2537 1866 2597 Han
1896 2537 1958 2597 har
1982 2537 2049 2597 ofta
2084 2534 2223 2594 skildrat

701 2555 869 2615 Österrike
915 2557 967 2617 och
1012 2558 1185 2618 knappast
1208 2558 1239 2618 en
1266 2558 1434 2618 människa

703 2611 761 2671 som
799 2613 887 2673 hade
917 2614 983 2674 rätt
1014 2615 1065 2675 att
1095 2617 1109 2677 à
1132 2617 1435 2677 dras.venn
1480 2601 1538 2661 den
1569 2593 1635 2653 icke
1666 2596 1768 2656 sällan
1799 2595 2005 2655 lättsinnige,
2028 2593 2109 2653 mest
2132 2593 2219 2653 myc-

1476 2656 1531 2716 ket
1574 2653 1751 2713 älskvärde
1789 2653 1868 2713 unge
1901 2653 2083 2713 officeren,
2116 2650 2214 2710 sådan

701 2671 768 2731 man
810 2674 868 2734 inte
910 2673 964 2733 vill
988 2674 1128 2734 erkänna
1170 2674 1224 2734 det
1252 2675 1306 2735 och
1343 2674 1442 2734 gärne

1478 2714 1533 2774 han
1567 2715 1622 2775 süg
1655 2713 1753 2773 honom
1795 2713 1809 2773 i
1833 2713 1935 2773 Wien.
1982 2710 2052 2770 Han
2085 2710 2122 2770 är
2150 2710 2215 2770 icke

702 2731 841 2791 dämpar
870 2733 911 2793 sin
944 2732 1051 2792 kärlek
1085 2734 1145 2794 med
1178 2734 1266 2794 ironi
1285 2734 1345 2794 har
1374 2734 1439 2794 man

1474 2773 1531 2833 den
1562 2773 1637 2833 ende
1664 2772 1703 2832 av
1730 2771 1929 2831 Schnitzlers
1956 2770 2132 2830 gestalter,
2150 2770 2203 2830 som

701 2789 759 2849 här
787 2791 818 2851 en
846 2791 937 2851 stark
965 2793 1073 2853 känsla
1106 2792 1155 2852 för
1179 2794 1247 2854 sina
1279 2791 1447 2851 represen-

1475 2832 1513 2892 nu
1542 2831 1580 2891 är
1605 2829 1725 2889 utdöd.
1764 2830 1835 2890 Han
1864 2829 1969 2889 kände
1999 2829 2080 2889 ännu
2110 2828 2220 2888 flanö-

699 2847 793 2907 tativa
826 2850 973 2910 diktare,
995 2850 1052 2910 och
1085 2850 1142 2910 när
1174 2853 1443 2913 Hofmenysthal

1478 2890 1547 2950 ren,
1571 2889 1707 2949 käsören
1746 2889 1797 2949 och
1835 2889 2027 2949 resonören,
2056 2889 2107 2949 den
2140 2887 2219 2947 unge

698 2907 762 2967 när
812 2907 980 2967 Altenberg
1034 2910 1133 2970 dogo,
1178 2910 1237 2970 var
1267 2910 1321 2970 det
1346 2912 1444 2972 djupe

1475 2949 1608 3009 mannen
1644 2949 1679 3009 av
1711 2949 1768 3009 god
1799 2949 1923 3009 familj,
1946 2949 2003 3009 som
2044 2949 2109 3009 inte
2137 2946 2216 3006 hade

702 2967 866 3027 intrycket
891 2967 1010 3027 tydligt
1035 2970 1218 3030 märkbart.
1259 2970 1327 3030 Men
1358 2970 1446 3030 detta

1478 3011 1574 3071 annat
1593 3009 1643 3069 att
1662 3009 1735 3069 göra
1759 3009 1795 3069 än
1823 3009 1873 3069 att
1892 3009 2025 3069 uppleva
2053 3009 2117 3069 sina
2141 3006 2218 3066 kär-

696 3027 824 3087 intryck
882 3027 939 3087 var
988 3027 1072 3087 mera
1108 3027 1302 3087 swärtsamt
1330 3028 1360 3088 nu
1396 3029 1444 3089 vid

1483 3067 1705 3127 leksäventyr,
1751 3067 1807 3127 den
1858 3066 2015 3126 åldrande
2066 3065 2222 3125 levnads-

697 3086 821 3146 Arthur
870 3086 1070 3146 Schnitzlers
1100 3086 1133 3146 sä
1167 3086 1325 3146 oväntade
1354 3087 1445 3147 bort¬

1475 3125 1691 3185 kon-tnären,
1727 3127 1778 3187 den
1813 3125 2051 3185 passionerade
2082 3125 2216 3185 kvinnan

693 3144 792 3204 gäng.
826 3146 901 3206 Man
925 3146 1119 3206 förberedde
1148 3146 1190 3206 sig
1219 3146 1228 3206 —
1281 3146 1332 3206 och
1357 3146 1441 3206 detta

1471 3185 1523 3245 och
1575 3185 1783 3245 framförallt
1835 3185 1887 3245 den
1920 3185 1953 3245 sä
1987 3185 2114 3245 kallade
2143 3183 2213 3243 söta

694 3203 766 3263 ieke
803 3203 889 3263 blott
921 3206 957 3266 på
994 3206 1162 3266 teatrarna
1208 3207 1221 3267 —
1276 3206 1330 3266 att
1362 3206 1430 3266 inom

1482 3245 1617 3305 flickan,
1636 3245 1693 3305 som
1738 3244 1891 3304 verkligen
1926 3245 1959 3305 en
1993 3245 2070 3305 gäng
2104 3244 2152 3304 lär
2176 3244 2214 3304 ha

696 3259 775 3319 kort
799 3263 864 3323 fira
897 3265 976 3325 hans
1004 3265 1265 3325 sjuttioärsdag.
1308 3265 1443 3325 Teater-

1474 3302 1651 3362 existerat.
1689 3304 1756 3364 Han
1784 3304 1843 3364 har
1871 3304 1944 3364 üven
1972 3301 2113 3361 skildrat
2137 3301 2218 3361 trot-

696 3322 955 3382 framgångarna
983 3322 1064 3382 gåvo
1097 3325 1279 3385 Schnitzler
1306 3322 1351 3382 ett
1375 3321 1447 3381 för-

1479 3368 1540 3428 sigt
1563 3363 1745 3423 värdefulla
1772 3364 1980 3424 människor,
1999 3361 2123 3421 sädana
2150 3361 2202 3421 som

700 3379 815 3439 spräng
847 3379 971 3439 kramom
1016 3382 1149 3442 mängen
1181 3382 1287 3442 annan
1318 3382 1429 3442 förkat

1473 3424 1642 3484 professor
1698 3424 1895 3484 Bernhardi,
1941 3421 1996 3481 och
2033 3421 2087 3481 han
2125 3421 2179 3481 har
2207 3422 2220 3482 i

696 3439 788 3499 tare.
833 3440 899 3500 Men
935 3440 983 3500 för
1015 3440 1067 3500 oss
1095 3442 1152 3502 var
1183 3442 1240 3502 han
1272 3442 1334 3502 inte
1365 3442 1440 3502 bara

1477 3480 1637 3540 tragedien
1668 3480 1699 3540 om
1739 3481 1797 3541 den
1829 3480 1904 3540 unge
1936 3480 2109 3540 Medardus
2136 3480 2220 3540 upp¬

696 3498 942 3558 dramatikern,
965 3499 1065 3559 vilken
1098 3501 1157 3561 kan
1189 3501 1280 3561 finna
1312 3501 1358 3561 sin
1390 3498 1449 3558 pu-

1478 3540 1595 3600 fängat
1619 3540 1687 3600 hela
1715 3540 1759 3600 sin
1787 3540 1860 3600 egen
1888 3540 1928 3600 tid
1961 3540 2015 3600 som
2052 3540 2061 3600 i
2084 3540 2115 3600 en
2143 3540 2215 3600 spe¬

696 3556 756 3616 blik
789 3555 944 3615 överallt,
964 3558 1024 3618 inte
1048 3558 1146 3618 heller
1170 3558 1254 3618 blott
1278 3560 1330 3620 den
1358 3558 1447 3618 mäs¬

1473 3602 1521 3662 gel
1549 3600 1619 3660 frän
1651 3600 1686 3660 en
1718 3600 1846 3660 period,
1869 3597 1922 3657 som
1967 3599 2025 3659 var
2056 3598 2100 3658 ett
2128 3597 2220 3657 sekel

696 3615 811 3675 terlige
860 3617 1068 3677 berettaren,
1091 3618 1165 3678 vars
1192 3618 1312 3678 böcker
1339 3618 1445 3678 sprid¬

1473 3658 1574 3718 äldre.
1620 3660 1688 3720 Men
1721 3657 1780 3717 han
1813 3657 1991 3717 ätervände
2019 3657 2106 3717 alltid
2139 3657 2212 3717 frän

698 3672 752 3732 des
779 3675 870 3735 längt
888 3675 961 3735 över
984 3675 1038 3735 det
1057 3677 1147 3737 tyska
1175 3678 1442 3738 spräkområdets

1471 3718 1533 3778 sina
1569 3718 1631 3778 med
1663 3716 1694 3776 en
1730 3717 1792 3777 viss
1819 3717 1903 3777 ironi
1926 3716 2100 3776 utrustade
2127 3716 2216 3776 hjäl-

695 3731 854 3791 gränser.
889 3734 1070 3794 Schnitzler
1097 3734 1152 3794 var
1178 3736 1208 3796 en
1239 3735 1290 3795 del
1312 3736 1346 3796 av
1377 3736 1445 3796 värt

1478 3777 1529 3837 tar
1553 3777 1599 3837 till
1618 3776 1669 3836 den
1702 3776 1804 3836 krets,
1819 3779 1869 3839 som
1907 3777 1977 3837 stod
2005 3776 2103 3836 honom
2141 3776 2215 3836 när¬

696 3791 755 3851 liv,
778 3791 832 3851 den
864 3794 942 3854 sista
974 3794 1247 3854 upprättstäende
1279 3794 1401 3854 pelaren

1478 3836 1577 3896 mast,
1619 3836 1673 3896 till
1715 3834 1983 3894 litteratörerna,
2024 3835 2079 3895 som
2148 3833 2215 3893 kör-

698 3848 772 3908 värt
801 3851 1015 3911 österrikiska
1049 3854 1231 3914 förflutna.
1283 3854 1353 3914 Med
1386 3851 1446 3911 ho-

1479 3893 1624 3953 fal-kade
1655 3893 1715 3953 sitt
1741 3893 1775 3953 liv
1806 3893 1856 3953 till
1882 3893 2007 3953 fraser,
2028 3893 2078 3953 till
2104 3893 2133 3953 de
2164 3893 2214 3953 re¬

699 3905 751 3965 nom
795 3907 834 3967 är
858 3910 891 3970 en
921 3910 993 3970 epok
1022 3910 1036 3970 i
1056 3910 1162 3970 Wiens
1191 3910 1230 3970 liv
1259 3910 1346 3970 förbi
1370 3913 1446 3973 eller

1476 3952 1576 4012 soluta
1630 3952 1832 4012 kvinnorna,
1871 3952 1957 4012 vilka
2006 3952 2097 4012 fingo
2145 3950 2217 4010 rütt

696 3965 822 4025 rättare
850 3970 936 4030 sagt,
955 3970 1009 4030 den
1036 3970 1095 4030 har
1119 3970 1209 4030 blivit
1232 3971 1386 4031 historia.

1472 4012 1635 4072 gentemot
1683 4011 1739 4071 dem
1791 4012 1847 4072 och
1875 4012 1927 4072 till
1946 4009 2129 4069 musikerna
2157 4009 2213 4069 och

742 4051 782 4111 Vi
803 4054 843 4114 ha
871 4054 931 4114 hár
959 4054 1080 4114 mycket
1107 4054 1195 4114 sinne
1222 4051 1276 4111 för
1304 4051 1438 4111 historia

1480 4071 1735 4131 musikanterna.
1781 4071 1968 4131 Schnitzler
2014 4069 2099 4129 hade
2139 4066 2212 4126 ike

756 4112 816 4172 och
850 4114 877 4174 vi
900 4114 993 4174 borde
1016 4114 1192 4174 egent'igen
1220 4111 1253 4171 ha
1287 4111 1363 4171 sngt
1381 4111 1435 4171 oss

1480 4129 1560 4189 varit
1607 4128 1746 4188 wienare
1793 4128 1827 4188 om
1874 4129 2013 4189 musiken
2043 4128 2215 4188 saknatsi

693 4170 749 4230 att
769 4173 869 4233 denna
908 4173 983 4233 epok
1009 4172 1103 4232 redan
1142 4173 1192 4233 för
1219 4169 1312 4229 länge
1338 4170 1432 4230 sedar

1479 4190 1557 4250 hans
1584 4191 1690 4251 vůrld.
1727 4191 1801 4251 Man
1833 4191 1891 4251 kan
1918 4191 2018 4251 tänka
2045 4189 2082 4249 pá
2114 4189 2214 4249 musi-

706 4227 757 4287 var
783 4231 886 4291 förbi,
908 4230 985 4290 även
1016 4233 1067 4293 för
1099 4230 1217 4290 Arthur
1249 4227 1430 4287 Sehnitzler

1778 4255 1826 4315 Laa
