3344 4320
134 570 205 630 en,
223 572 440 632 Donnerstag

940 577 1066 637 Neues
1096 577 1232 637 Wiener
1251 580 1424 640 Tagblat.

1912 583 1976 643 22.
2006 583 2154 643 Oktober
2183 582 2275 642 1931

1900 672 1961 732 Die
1988 673 2081 733 vielen
2117 675 2293 735 Stunden,
2330 674 2375 734 die
2407 674 2443 734 ich
2474 676 2531 736 mit
2557 676 2608 736 dem
2650 674 2774 734 Dichter
2806 676 2997 736 verbrachte,

1824 716 1929 776 waren
1977 718 2252 778 außerordentlich
2290 721 2474 781 anregend.
2501 721 2676 781 Schnitzler
2714 720 2798 780 hatte
2830 720 2898 780 eine
2936 719 2999 779 un¬

130 724 254 784 soo
355 733 693 793 Artur

805 739 1481 799 Schnitzlers.

1818 763 1938 823 erhört
1964 763 2079 823 subtile
2105 764 2180 824 Art,
2201 765 2260 825 auf
2286 764 2341 824 alle
2367 766 2583 826 Einzelheiten
2634 766 2735 826 seiner
2780 764 2885 824 Werke
2931 766 2996 826 ein¬

1823 809 1980 869 zugehen,
2005 807 2068 867 und
2103 808 2171 868 war
2221 807 2265 867 ein
2314 810 2554 870 ungewöhnlich
2609 810 2741 870 scharfer
2791 808 3001 868 Beobachter.

144 834 338 894 Dichter
369 836 504 896 einem
557 838 895 898 Gehirnschlag
935 841 1159 901 erlagen.

1821 851 1934 911 Nichts
1965 855 2094 915 entging
2131 855 2182 915 ihm
2229 852 2280 912 bei
2307 854 2358 914 den
2395 855 2549 915 Proben,
2576 854 2632 914 und
2669 854 2715 914 die
2741 855 2906 915 genaueste
2933 853 2999 913 Ab¬

1825 900 2036 960 schattierung
2072 903 2172 963 seiner
2203 903 2329 963 eigenen
2369 903 2459 963 Sätze
2511 903 2571 963 und
2606 902 2772 962 Gedanken
2828 903 2894 963 war
2939 903 2994 963 das

142 944 337 1004 itzlers
386 947 441 1007 kam
491 946 594 1006 selbst

1820 945 2067 1005 Interessante,
2088 946 2139 1006 das
2171 947 2351 1007 Belebende
2383 947 2444 1007 und
2476 948 2770 1008 Fruchtbringende
2801 950 2899 1010 seiner
2931 946 2997 1006 per¬

1021 956 1172 1016 Seine
1202 955 1403 1015 Werke.

1823 991 1970 1051 sönlichen
2010 989 2197 1049 Teilnahme
2228 991 2262 1051 am
2307 992 2591 1052 Bühnenbetrieb.

145 998 278 1058 schend.
330 998 446 1058 Wohl
478 999 586 1059 klagte

708 1013 814 1073 Artur
841 1015 1031 1075 Schnitzlers
1053 1018 1127 1078 erste
1149 1018 1424 1078 schriftstellerische
1446 1021 1599 1081 Versuche
1621 1022 1785 1082 erschiener

1921 1043 1965 1103 Er
2001 1044 2066 1104 war
2097 1045 2157 1105 mit
2188 1046 2238 1106 dem
2289 1046 2429 1106 Theater
2461 1049 2551 1109 innig
2586 1049 2798 1109 verwachsen,
2824 1050 2909 1110 einer
2939 1048 2989 1108 der

134 1052 197 1112 sren
236 1050 319 1110 über
351 1051 581 1111 verschiedene
620 1060 651 1120 in
690 1063 734 1123 der
767 1067 951 1127 „Deutschen
990 1068 1245 1128 Wochenschrift"
1278 1069 1302 1129 im
1348 1067 1449 1127 Jahre
1482 1068 1552 1128 1886
1584 1069 1641 1129 und
1680 1071 1705 1131 in
1744 1070 1788 1130 der

1821 1092 1923 1152 besten
1960 1093 2088 1153 Kenner
2120 1092 2171 1152 der
2202 1094 2536 1154 Schauspielerpsyche
2573 1096 2629 1156 und
2666 1096 2717 1156 des
2753 1097 2995 1157 Darstellungs¬

129 1103 221 1163 sicher
250 1105 497 1165 Behandlung
527 1107 584 1167 ge=
613 1112 804 1172 Zeitschrift
862 1114 925 1174 „An
972 1114 1028 1174 der
1070 1115 1190 1175 schönen
1238 1114 1352 1174 blauen
1399 1116 1542 1176 Donau"
1583 1118 1704 1178 (1889),
1733 1118 1785 1178 der

1824 1140 1904 1200 stils,
1925 1142 1985 1202 und
2017 1141 2041 1201 so
2072 1140 2138 1200 war
2164 1139 2214 1199 es,
2235 1142 2366 1202 trotzdam
2407 1144 2438 1204 es
2469 1142 2519 1202 für
2545 1144 2595 1204 den
2626 1142 2793 1202 Regisseur
2819 1145 2880 1205 und
2911 1144 2996 1204 Dar¬

151 1157 264 1217 letzten
297 1160 384 1220 Zeit
410 1157 467 1217 das
499 1157 574 1217 Bet

615 1160 815 1220 kommenden
851 1160 981 1220 Meister
1012 1161 1127 1221 verriet
1152 1163 1253 1223 zuerst
1278 1163 1323 1223 die
1363 1164 1574 1224 Dialogreihe
1620 1166 1770 1226 „Anatol

1824 1187 1926 1247 steller
1958 1187 2035 1247 nicht
2061 1187 2174 1247 immer
2206 1187 2293 1247 leicht
2319 1188 2401 1248 war,
2427 1190 2525 1250 seinen
2556 1190 2773 1250 Intentionen
2809 1191 2927 1251 gerecht
2959 1191 2984 1251 zu

612 1205 699 1265 dann
736 1207 776 1267 kam
823 1207 895 1267 1893
926 1209 1008 1269 „Das
1040 1208 1230 1268 Märchen",
1251 1210 1307 1270 das
1338 1210 1379 1270 die
1410 1211 1482 1271 erste
1508 1211 1683 1271 öffentliche
1714 1212 1781 1272 Auf

130 1211 379 1271 Enthaltungn
412 1213 437 1273 in
470 1213 571 1273 bezug

1825 1231 1965 1291 werden,
1991 1234 2031 1294 ein
2067 1234 2178 1294 großes
2209 1237 2430 1297 Vergnügen,
2451 1236 2506 1296 mit
2532 1239 2582 1299 ihm
2623 1240 2653 1300 zu
2689 1237 2824 1297 arbeiten
2860 1237 2930 1297 oder
2961 1235 2986 1295 in

612 1255 757 1315 führung
788 1255 978 1315 verzeichnen
1014 1258 1144 1318 konnte.
1164 1255 1229 1315 1895
1260 1256 1305 1316 kam
1366 1257 1415 1317 die
1456 1258 1692 1318 Urauffühung
1743 1259 1792 1319 des

185 1261 333 1321 Gestern
379 1264 579 1324 vormittag

1829 1280 1929 1340 seinem
1967 1282 2179 1342 freundlichen
2211 1282 2311 1342 Hause
2339 1283 2365 1343 in
2397 1284 2449 1344 der
2471 1284 2561 1344 Nähe
2588 1286 2635 1346 des
2662 1285 2996 1345 Türkenschanzparks

612 1303 838 1363 Schauspieles
859 1303 1028 1363 „Liebelei"
1049 1304 1079 1364 am
1121 1303 1358 1363 Burgtheater,
1369 1303 1420 1363 der
1436 1304 1507 1364 erste
1523 1306 1615 1366 große
1636 1306 1795 1366 Bühnen¬

136 1316 314 1376 iergang,
340 1320 402 1380 von
441 1318 561 1378 deme

1820 1324 1883 1384 mit
1910 1328 1963 1388 ihm
2011 1329 2042 1389 zu
2075 1330 2291 1390 diskutieren.
2335 1333 2440 1393 Seine
2488 1335 2620 1395 ruhige,
2663 1333 2721 1393 fast
2748 1333 2917 1393 bescheiden
2955 1332 2981 1392 zu

607 1349 732 1409 erfolg.
761 1352 816 1412 Ein
852 1352 935 1412 Jahr
964 1351 1069 1411 später
1098 1353 1216 1413 kommt
1245 1351 1433 1411 „Freiwild"
1462 1354 1595 1414 heraus,
1617 1357 1799 1417 „Reigen",
1828 1373 1995 1433 nennende
2024 1377 2108 1437 Art,
2123 1377 2185 1437 sein
2214 1378 2318 1438 feiner
2340 1378 2472 1438 Humor
2501 1379 2557 1439 und
2593 1380 2676 1440 seine
2698 1378 2817 1438 warme
2845 1379 2992 1439 Mensch¬

137 1366 242 1426 Villa
269 1369 301 1429 in
334 1371 511 1431 Währing
545 1369 577 1429 in

615 1400 681 1460 zehn
718 1399 816 1459 kühne
842 1399 965 1459 Szenen
998 1399 1162 1459 erotischer
1194 1400 1301 1460 Natur
1328 1401 1446 1461 werden
1478 1401 1503 1461 im
1545 1401 1668 1461 gleichen
1705 1401 1766 1461 Jah

145 1421 215 1481 Als
248 1425 350 1485 gegen
391 1423 480 1483 ¼12
507 1421 583 1481 Uhr

1819 1424 1942 1484 lichkeit
1970 1423 2121 1483 umgaben
2154 1426 2202 1486 ihn
2240 1425 2299 1485 mit
2327 1425 2407 1485 einer
2440 1427 2662 1487 wohltuenden
2695 1425 2927 1485 Atmosphäre,
2949 1424 2991 1484 die

615 1444 800 1504 begonnen,
816 1446 885 1506 aber
911 1446 971 1506 viel
992 1449 1092 1509 später
1117 1449 1253 1509 gedruckt
1274 1447 1334 1507 und
1364 1449 1419 1509 erst
1440 1449 1525 1509 1920,
1540 1449 1595 1509 fast
1616 1451 1706 1511 gegen
1737 1447 1781 1507 der

1818 1474 2071 1534 gefangennahm
2124 1473 2182 1533 und
2225 1473 2324 1533 haften
2372 1473 2452 1533 blieb
2494 1475 2552 1535 und
2589 1473 2657 1533 auch
2690 1473 2805 1533 bleiben
2843 1473 2916 1533 wird
2948 1473 2974 1533 im

140 1473 176 1533 um
214 1476 432 1536 Schnitzlers
457 1476 587 1536 Diktat

612 1494 728 1554 Willen
760 1494 807 1554 des
834 1495 976 1555 Dichters
1003 1497 1066 1557 und
1088 1497 1140 1557 bei
1156 1496 1288 1556 heftigem
1331 1496 1547 1556 Widerspruch
1574 1497 1795 1557 rechtsstehen¬

1828 1521 2031 1581 Bewußtsein
2062 1521 2154 1581 aller,
2173 1524 2216 1584 die
2241 1524 2296 1584 mit
2322 1522 2364 1582 ihm
2408 1522 2431 1582 in
2463 1521 2574 1581 nähere
2599 1521 2796 1581 Berührung
2822 1522 2944 1582 kamen.

162 1529 369 1589 bewußtlos
409 1530 474 1590 auf
507 1530 559 1590 dem
618 1539 669 1599 der
696 1542 820 1602 Kreise,
834 1545 1035 1605 aufgeführt.
1055 1543 1126 1603 1897
1154 1544 1316 1604 erschienen
1369 1546 1459 1606 „Das
1500 1545 1688 1605 Veilchen",
1721 1544 1772 1604 189

131 1585 203 1645 ler
231 1584 271 1644 zu
306 1585 399 1645 Bett
426 1586 493 1646 und
527 1584 579 1644 be¬

606 1590 865 1650 „Paracelsus",
887 1592 968 1652 „Die
996 1587 1190 1647 Gefährtin"
1235 1591 1294 1651 und
1327 1592 1380 1652 der
1408 1593 1510 1653 grüne
1538 1593 1684 1653 Kakadu"

2113 1605 2289 1665 Hofrat
2316 1604 2450 1664 Hugo
2485 1602 2695 1662 Thimig.

189 1637 326 1697 abends
404 1636 577 1696 verschiel

612 1637 781 1697 Einakter,
798 1639 839 1699 ein
866 1639 951 1699 Jahr
994 1638 1099 1698 später
1142 1639 1200 1699 das
1238 1640 1364 1700 Drama
1429 1640 1512 1700 „Der
1556 1638 1698 1698 Schleier

1904 1676 1969 1736 Das
2016 1676 2212 1736 Hinscheiden
2259 1676 2370 1736 Artur
2411 1676 2687 1736 Schnitzlers
2727 1677 2766 1737 ist
2806 1679 2891 1739 einer
2931 1679 2983 1739 der

605 1685 800 1745 Beatrice",
816 1685 884 1745 1901
911 1683 963 1743 der
991 1685 1254 1745 Einakterzyklus
1286 1685 1476 1745 „Lebendige
1508 1688 1697 1748 Stunden",
1719 1685 1787 1745 190:

130 1694 162 1754 r
188 1694 343 1754 erlangt
377 1694 408 1754 zu
455 1693 557 1753 haben

608 1733 667 1793 das
698 1736 817 1796 Drama
848 1735 931 1795 „Der
956 1733 1094 1793 einsame
1136 1735 1256 1795 Weg",
1287 1734 1358 1794 1904
1407 1733 1454 1793 die
1491 1735 1647 1795 Komödie
1695 1733 1785 1793 „Das
1816 1726 1947 1786 größten
1990 1724 2152 1784 Verluste,
2176 1724 2230 1784 den
2266 1724 2458 1784 Oesterreich
2495 1724 2518 1784 in
2555 1724 2650 1784 dieser
2687 1726 2801 1786 wirren
2843 1727 2927 1787 Zeit,
2952 1727 2981 1787 in

144 1748 456 1808 zurückzuführen
500 1748 580 1808 sein.

1812 1773 1911 1833 dieser
1950 1772 2021 1832 Zeit
2055 1770 2104 1830 des
2138 1772 2293 1832 Abbaues
2327 1772 2403 1832 aller
2437 1772 2552 1832 Ideale
2586 1772 2719 1832 erleiden
2758 1775 2890 1835 konnte.
2930 1774 2973 1834 Um

606 1782 870 1842 Zwischenspiel"
892 1781 951 1841 und
978 1781 1022 1841 die
1044 1781 1286 1841 Einakterreihe
1308 1781 1589 1841 „Marionetten".
1601 1783 1643 1843 Im
1682 1781 1768 1841 Jahr

131 1806 211 1866 lten
253 1810 321 1870 sein
369 1808 484 1868 sofort
519 1808 572 1868 be¬

1810 1822 1845 1882 so
1887 1819 2111 1879 schmerzlicher
2154 1819 2313 1879 empfinde
2343 1819 2384 1879 ich
2420 1820 2608 1880 Schnitzlers
2645 1821 2709 1881 Tod
2746 1824 2828 1884 jetzt,
2858 1822 2893 1882 da
2929 1822 2987 1882 wir

605 1826 679 1886 1909
711 1830 805 1890 folgte
838 1828 911 1888 dann
944 1828 1139 1888 Schnitzlers
1171 1831 1356 1891 historisches
1388 1831 1509 1891 Drama
1558 1828 1647 1888 „Der
1690 1832 1768 1892 jung

122 1859 193 1919 Dr.
216 1861 347 1921 Julius
376 1859 571 1919 Schnitzler

608 1875 829 1935 Medardus",
848 1876 937 1936 dessen
962 1876 1136 1936 Titelrolle
1155 1876 1245 1936 Josef
1270 1876 1407 1936 Kainz
1426 1878 1606 1938 zugedacht,
1624 1876 1690 1936 aber
1715 1874 1768 1934 dem
1818 1869 1931 1929 gerade
1962 1867 1991 1927 im
2034 1867 2178 1927 Begriffe
2208 1869 2334 1929 waren,
2359 1868 2413 1928 den
2450 1868 2503 1928 70.
2522 1867 2725 1927 Geburtstag
2762 1870 2810 1930 des
2840 1869 2984 1929 Dichters

127 1912 176 1972 den
215 1915 470 1975 Angehörigen
515 1916 570 1976 des
610 1922 759 1982 Künstler
785 1924 865 1984 nicht
885 1924 972 1984 mehr
997 1925 1028 1985 zu
1054 1924 1166 1984 spielen
1198 1924 1360 1984 vergönnt
1380 1926 1460 1986 war,
1480 1925 1548 1985 1910
1575 1924 1674 1984 folgte
1694 1923 1780 1983 „Das
1812 1918 1949 1978 feierlich
1981 1918 2012 1978 zu
2051 1918 2207 1978 begehen.
2239 1918 2288 1978 Da
2320 1916 2357 1976 ich
2395 1914 2444 1974 das
2483 1914 2576 1974 Glück
2602 1917 2702 1977 hatte,
2727 1918 2789 1978 mit
2815 1918 2989 1978 Schnitzler

1812 1966 2001 2026 befreundet
2028 1963 2158 2023 gewesen
2196 1966 2222 2026 zu
2255 1967 2336 2027 sein,
2359 1966 2385 2026 so
2413 1966 2483 2026 war
2510 1966 2537 2026 er
2564 1968 2628 2028 mir
2657 1967 2737 2027 nicht
2765 1967 2824 2027 nur
2852 1968 2905 2028 der
2932 1967 2986 2027 an¬

134 1968 359 2028 spositionen
399 1967 489 2027 über
528 1968 572 2028 die

601 1970 696 2030 weite
723 1972 828 2032 Land"
860 1972 918 2032 und
950 1972 1018 2032 1912
1045 1973 1230 2033 „Professor
1257 1972 1484 2032 Bernhardi",
1501 1972 1579 2032 schon
1611 1972 1664 2032 bei
1686 1971 1769 2031 seine

1813 2013 1956 2073 mutige,
1986 2014 2159 2074 geistvolle,
2189 2015 2373 2075 tiefsinnige
2410 2014 2553 2074 Dichter,
2588 2014 2681 2074 dessen
2722 2014 2895 2074 Verdienst
2931 2016 2970 2076 um

126 2022 148 2082 i
178 2019 252 2079 will
282 2019 495 2079 abwarten,
519 2019 564 2079 bis
605 2020 825 2080 Aufführung
854 2019 911 2079 viel
935 2019 1137 2079 umstritten.
1149 2022 1194 2082 Im
1230 2022 1339 2082 Jahre
1362 2019 1431 2079 1915
1455 2019 1622 2079 erschienen
1651 2019 1697 2079 die
1721 2019 1772 2079 dre

1812 2061 1867 2121 das
1917 2061 2054 2121 deutsche
2099 2061 2259 2121 Theater,
2298 2061 2353 2121 das
2403 2061 2535 2121 Wiener
2580 2061 2718 2121 Theater
2768 2064 2894 2124 zumal,
2934 2064 2977 2124 ein

602 2068 758 2128 Einakter
785 2067 957 2127 „Komödie
980 2069 1033 2129 der
1061 2067 1206 2127 Worte",
1228 2067 1292 2127 1917
1325 2069 1422 2129 „Fink
1450 2068 1508 2128 und
1536 2065 1773 2125 Fliederbusch"

117 2073 151 2133 r
180 2073 317 2133 Sohn,
339 2074 400 2134 der
428 2076 545 2136 Schau

1810 2109 1989 2169 bleibendes
2020 2109 2074 2169 ist,
2093 2109 2218 2169 sondern
2255 2109 2309 2169 vor
2339 2110 2411 2170 allem
2460 2110 2543 2170 einer
2568 2109 2622 2169 der
2647 2112 2766 2172 edelsten
2803 2114 2983 2174 Menschen,

601 2115 672 2175 1919
704 2117 781 2177 „Die
807 2118 997 2178 Schwestern
1029 2116 1100 2176 oder
1126 2115 1296 2175 Casanova
1327 2116 1352 2176 in
1384 2117 1492 2177 Spa",
1513 2116 1579 2176 1924
1611 2114 1780 2174 „Komödi¬

129 2127 319 2187 eintrifft.

602 2165 658 2225 der
681 2164 912 2224 Verführung"
935 2166 991 2226 und
1020 2166 1087 2226 1925
1111 2166 1155 2226 die
1173 2166 1375 2226 dramatische
1398 2165 1550 2225 Dichtung
1579 2166 1658 2226 „Der
1681 2166 1776 2226 Gang
1811 2159 1912 2219 denen
1947 2159 1974 2219 zu
2009 2158 2160 2218 begegnen
2195 2159 2234 2219 ich
2263 2160 2291 2220 je
2320 2160 2533 2220 Gelegenheit
2556 2161 2657 2221 hatte.

132 2205 397 2265 Dichters.

602 2215 660 2275 zum
708 2213 855 2273 Weiher"

2023 2240 2256 2300 Direktor
2282 2240 2378 2300 Dr.
2404 2243 2589 2303 Rudolf
2614 2243 2775 2303 Beer:

698 2264 800 2324 Seine
828 2264 989 2324 Eigenart
1011 2264 1076 2324 und
1099 2263 1195 2323 große
1228 2261 1466 2321 Fruchtbarkeit
1489 2263 1569 2323 zeigt
1597 2261 1639 2321 sich
1672 2261 1780 2321 ebenso

121 2270 200 2330 Mai
227 2270 299 2330 1862
333 2269 359 2329 in
393 2270 479 2330 Wien
520 2270 565 2330 alt

693 2312 791 2372 seinen
860 2312 1111 2372 Prosawerken.
1160 2310 1234 2370 Von
1303 2309 1396 2369 ihnen
1460 2309 1524 2369 sind
1584 2309 1784 2369 erschienen:

1894 2312 1960 2372 Mit
1994 2312 2041 2372 dem
2082 2315 2168 2375 Tode
2196 2315 2309 2375 Artur
2344 2315 2531 2375 Schnitzlers
2566 2315 2625 2375 hat
2653 2315 2706 2375 das
2740 2317 2975 2377 österreichische

125 2321 206 2381 hann
234 2318 401 2378 Schnitzler
424 2318 553 2378 geboren

601 2357 669 2417 1892
707 2357 907 2417 „Sterben",
934 2357 1007 2417 1894
1044 2359 1128 2419 „Die
1160 2359 1344 2419 Blumen",
1371 2357 1445 2417 1895
1482 2357 1561 2417 „Ein
1604 2357 1766 2417 Abschied"

1802 2363 1942 2423 Theater
1981 2363 2061 2423 einen
2099 2363 2272 2423 schweren,
2294 2364 2380 2424 einen
2419 2363 2645 2423 unersetzlichen
2684 2366 2813 2426 Verlust
2841 2366 2986 2426 erlitten.

130 2366 186 2426 iele
213 2364 420 2424 prominente
446 2366 570 2426 Schau¬

601 2402 669 2462 1896
701 2404 779 2464 „Die
806 2403 885 2463 Frau
922 2402 969 2462 des
1001 2402 1158 2462 Weisen“,
1180 2405 1247 2465 1897
1280 2405 1363 2465 „Der
1391 2404 1574 2464 Ehrentag"
1606 2402 1669 2462 und
1701 2404 1779 2464 „Die
1806 2408 1921 2468 Dieser
1943 2411 2005 2471 edle
2027 2411 2147 2471 Mensch
2174 2411 2237 2471 war
2280 2412 2364 2472 nicht
2401 2414 2464 2474 nur
2506 2414 2548 2474 ein
2596 2416 2711 2476 großer
2748 2415 2874 2475 Dichter
2911 2414 2974 2474 und

126 2412 352 2472 Sonnenthal,
370 2411 415 2471 die
444 2411 568 2471 Wolter

148 2458 202 2518 des
236 2459 351 2519 jungen
390 2458 561 2518 Schnitzler
601 2451 700 2511 Toten
739 2451 943 2511 schweigen",
972 2452 1043 2512 1900
1082 2452 1248 2512 „Andreas
1287 2451 1524 2511 Thalmayer",
1553 2450 1640 2510 „Der
1674 2451 1784 2511 blinde

1808 2458 2099 2518 gesinnungsfester
2126 2458 2369 2518 Schriftsteller,
2386 2461 2418 2521 er
2440 2461 2542 2521 zählte
2570 2464 2635 2524 auch
2662 2464 2694 2524 zu
2727 2463 2808 2523 jenen
2841 2462 2970 2522 seltenen

600 2500 801 2560 Geromino"
826 2500 884 2560 und
909 2500 952 2560 die
977 2500 1090 2560 bereits
1115 2502 1276 2562 genannte
1301 2500 1428 2560 Novelle
1453 2499 1639 2559 „Leutnant
1659 2498 1766 2558 Gustl'

134 2509 269 2569 Jünger
302 2509 383 2569 schon
417 2506 470 2566 aus
504 2506 552 2566 dem

1808 2509 2055 2569 Dramatikern,
2078 2508 2126 2568 die
2153 2508 2180 2568 es
2213 2510 2418 2570 verstanden,
2440 2512 2488 2572 ihr
2516 2509 2608 2569 Werk
2630 2510 2689 2570 aus
2722 2511 2770 2571 dem
2814 2510 2905 2570 Geist
2927 2511 2975 2571 des

131 2556 368 2616 Absolvierung
407 2554 456 2614 des
490 2551 567 2611 Aka¬
601 2548 672 2608 1900
700 2548 837 2608 entstand
866 2548 931 2608 auch
960 2548 1064 2608 „Frau
1092 2548 1191 2608 Berta
1219 2548 1390 2608 Garlan",
1408 2548 1473 2608 1902
1501 2548 1578 2608 „Die
1606 2548 1777 2608 griechische

1808 2557 1929 2617 Buches
1951 2557 2007 2617 auf
2035 2557 2084 2617 das
2112 2557 2206 2617 Leben
2240 2558 2289 2618 der
2317 2560 2433 2620 Bühne
2461 2561 2488 2621 zu
2516 2560 2731 2620 übertragen.
2748 2560 2793 2620 Er
2815 2562 2919 2622 zählte
2942 2563 2975 2623 zu

597 2596 809 2656 Sängerin",
829 2597 891 2657 und
923 2596 947 2656 so
979 2596 1060 2656 jedes
1092 2598 1179 2658 Jahr
1204 2598 1310 2658 einige
1336 2596 1510 2656 Novellen,
1530 2596 1579 2656 bis
1611 2596 1679 2656 1908
1711 2596 1767 2656 sein
1806 2602 1855 2662 den
1887 2607 2024 2667 wenigen
2056 2606 2356 2666 Bühnendichtern,
2388 2608 2431 2668 die
2476 2608 2525 2668 das
2569 2609 2750 2669 Mysterium
2801 2610 2857 2670 der
2895 2607 2975 2667 Ver¬

126 2604 267 2664 dizin,
285 2605 370 2665 wozu
405 2602 450 2662 ihn
490 2602 569 2662 nicht

115 2649 217 2709 Diesem
257 2649 406 2709 Gebiete,
423 2649 486 2709 und
515 2646 542 2706 da

596 2643 738 2703 einziger
760 2641 873 2701 großer
895 2642 1016 2702 Roman
1052 2644 1131 2704 „Der
1153 2645 1224 2705 Weg
1253 2644 1302 2704 ins
1324 2643 1430 2703 Freie"
1460 2643 1602 2703 erschien.
1625 2643 1688 2703 Von
1717 2646 1766 2706 den
1803 2655 2046 2715 körperlichung
2075 2655 2167 2715 ihrer
2196 2658 2531 2718 Phantasiegeschöpfe
2561 2658 2695 2718 dadurch
2725 2660 2760 2720 zu
2789 2660 2874 2720 lösen
2910 2654 2974 2714 ver¬

121 2694 196 2754 llem
252 2696 334 2756 seine
376 2694 471 2754 Liebe
493 2694 547 2754 zum
596 2691 740 2751 späteren
782 2691 905 2751 Werken
954 2692 1015 2752 sind
1057 2694 1132 2754 noch
1174 2694 1379 2754 „Casanovas
1422 2691 1620 2751 Heimfahrt"
1669 2693 1785 2753 (1918),
1807 2706 1964 2766 mochten,
1979 2706 2026 2766 daß
2055 2706 2095 2766 sie
2110 2706 2260 2766 wirkliche
2288 2708 2446 2768 Menschen
2474 2707 2611 2767 schufen.

597 2741 767 2801 „Fräulein
806 2738 894 2798 Else"
928 2740 1044 2800 (1924),
1066 2742 1143 2802 „Die
1177 2742 1259 2802 Frau
1293 2741 1347 2801 des
1375 2739 1541 2799 Richters"
1575 2739 1690 2799 (1925),
1713 2741 1773 2801 uni

115 2745 199 2805 resse
229 2745 262 2805 am
308 2742 478 2802 Menschen
518 2741 563 2801 be¬

1893 2763 2066 2823 Schnitzler
2098 2763 2161 2823 war
2186 2764 2232 2824 ein
2265 2765 2413 2825 fleißiger
2439 2766 2730 2826 Probenbesucher.
2747 2766 2794 2826 Er
2818 2769 2872 2829 gab
2905 2769 2959 2829 dem

590 2784 644 2844 als
680 2787 780 2847 letztes
816 2787 1107 2847 „Traumnovelle“
1148 2789 1247 2849 (1926)
1278 2787 1448 2847 besonders
1484 2787 1770 2847 erwähnenswert

118 2793 145 2853 ,
162 2793 221 2853 und
249 2792 378 2852 nachdem
417 2790 449 2850 er
471 2790 557 2850 durch

1805 2814 1969 2874 Regisseur
1992 2813 2053 2873 und
2082 2813 2132 2873 den
2161 2815 2404 2875 Schauspielern
2433 2815 2567 2875 zahllose
2591 2816 2822 2876 Anregungen,
2845 2817 2889 2877 die
2913 2817 2963 2877 sein

117 2838 282 2898 raktiziert
310 2838 370 2898 und
399 2838 464 2898 auch
498 2837 559 2897 eine
593 2835 703 2895 Seine
725 2835 802 2895 letzte
825 2835 940 2895 Arbeit
964 2837 1090 2897 „Flucht
1113 2837 1134 2897 in
1168 2837 1211 2897 die
1234 2838 1455 2898 Finsternis",
1472 2838 1538 2898 eine
1561 2838 1781 2898 novellistische

1801 2862 1889 2922 tiefes
1917 2860 2126 2920 Verständnis
2155 2861 2204 2921 für
2232 2862 2275 2922 die
2298 2863 2530 2923 Forderungen
2558 2863 2607 2923 des
2635 2864 2784 2924 Theaters
2812 2864 2977 2924 bewiesen.

111 2885 256 2945 Rommen
295 2885 402 2945 hatte,
429 2885 466 2945 um
515 2884 558 2944 die
591 2884 730 2944 Studie,
747 2884 806 2944 wie
828 2883 854 2943 er
882 2882 914 2942 sie
936 2883 1210 2943 charakterisierte,
1232 2885 1275 2945 kam
1318 2886 1339 2946 im
1383 2888 1506 2948 „Neuen
1534 2885 1663 2945 Wiener
1690 2888 1749 2948 Tag

1798 2909 1860 2969 Als
1906 2910 1956 2970 bei
1996 2909 2052 2969 der
2098 2912 2352 2972 Einstudierung
2387 2912 2437 2972 der
2466 2913 2612 2973 Komödie
2647 2912 2906 2972 „Komparserie"
2930 2913 2957 2973 im

114 2931 259 2991 ltstädte
303 2933 335 2993 zu
389 2932 567 2992 studieren,
594 2933 696 2993 blatt"
724 2933 750 2993 in
784 2933 875 2993 diesem
919 2931 1075 2991 Sommer
1102 2933 1155 2993 zum
1194 2933 1414 2993 Vorabdruck.

1794 2959 1963 3019 Deutschen
1998 2960 2224 3020 Volkstheater
2253 2962 2309 3022 sein
2344 2963 2433 3023 Sohn
2485 2963 2688 3023 Heinrich
2734 2963 2971 3023 Schnitzler

118 2981 345 3041 Allgemeinen
380 2981 557 3041 Poliklini!

1796 3012 1852 3072 zum
1898 3011 2062 3071 erstenmal
2085 3011 2112 3071 in
2141 3011 2225 3071 Wien
2254 3013 2356 3073 Regie
2374 3011 2503 3071 führte,
2521 3011 2588 3071 fand
2617 3011 2645 3071 er
2668 3011 2695 3071 in
2724 3011 2820 3071 seinem
2866 3014 2978 3074 Vater,

798 3017 996 3077 Worte
1039 3017 1130 3077 des
1172 3020 1554 3080 Gedenkens.

118 3027 199 3087 häter
232 3026 280 3086 tat
308 3026 340 3086 er
368 3026 487 3086 Dienst
515 3026 557 3086 al¬

1795 3057 1848 3117 der
1882 3059 1989 3119 täglich
2022 3058 2070 3118 den
2108 3058 2232 3118 Proben
2270 3060 2464 3120 beiwohnte,
2508 3059 2594 3119 einen
2643 3058 2831 3118 wertvollen
2881 3060 2972 3120 Mit¬

124 3073 140 3133 1
169 3073 234 3133 nach
268 3072 318 3132 der
346 3072 551 3132 Publikation

852 3097 1030 3157 Hofrat
1062 3097 1209 3157 Franz
1233 3099 1505 3159 Herterich:

1794 3106 1937 3166 arbeiter
1960 3108 2020 3168 und
2049 3109 2202 3169 Berater.
2214 3109 2258 3169 Es
2287 3109 2402 3169 mochte
2425 3109 2513 3169 wohl
2530 3109 2596 3169 eine
2624 3109 2673 3169 der
2696 3107 2795 3167 letzten
2823 3111 2961 3171 Freuden

112 3121 273 3181 Peutnant
307 3121 423 3181 Gustl"
480 3121 563 3181 seine

676 3165 759 3225 Erst
798 3165 854 3225 vor
894 3165 931 3225 20
977 3166 1097 3226 Jahren
1130 3166 1180 3226 kam
1220 3166 1257 3226 ich
1290 3164 1347 3224 mit
1373 3163 1436 3223 Dr.
1457 3166 1565 3226 Artur
1591 3166 1769 3226 Schnitzler
1796 3154 1904 3214 Artur
1930 3157 2114 3217 Schnitzlers
2141 3158 2269 3218 gewesen
2301 3157 2377 3217 sein,
2397 3159 2428 3219 zu
2461 3160 2563 3220 sehen,
2576 3158 2633 3218 wie
2659 3157 2710 3217 sein
2742 3158 2831 3218 Sohn
2864 3160 2889 3220 in
2915 3160 2965 3220 der

131 3168 286 3228 Reserve.
326 3168 415 3228 Bald
443 3166 543 3226 darau

124 3221 216 3281 sein
243 3217 428 3277 bisheriger
455 3218 561 3278 Beruf
588 3217 767 3277 persönlich
794 3214 820 3274 in
854 3214 1072 3274 Berührung.
1093 3214 1151 3274 Als
1179 3214 1298 3274 junger
1325 3211 1451 3271 Mensch
1498 3214 1683 3274 schwärmte
1730 3212 1769 3272 ich
1803 3205 1909 3265 Welt,
1930 3205 1975 3265 der
2009 3205 2035 3265 er
2069 3205 2154 3265 selbst
2182 3206 2227 3266 den
2268 3208 2400 3268 größten
2434 3208 2506 3268 Teil
2534 3206 2632 3266 seiner
2660 3208 2898 3268 Lebensarbeit
2918 3205 2971 3265 ge¬

1798 3255 1927 3315 widmet
1971 3255 2072 3315 hatte,
2106 3255 2153 3315 sich
2203 3255 2380 3315 bewährte.
2398 3255 2467 3315 Vor
2495 3257 2602 3317 kurzem
2646 3255 2705 3315 erst
2727 3255 2813 3315 hatte
2835 3255 2872 3315 ich
2905 3257 2970 3317 eine

587 3261 745 3321 natürlich
777 3264 830 3324 für
862 3261 1030 3321 „Liebelei“
1079 3261 1136 3321 und
1174 3260 1332 3320 „Schleier
1380 3259 1432 3319 der
1480 3263 1664 3323 Beatrice",
1686 3261 1759 3321 hatt

590 3309 673 3369 dann
704 3309 769 3369 1909
800 3311 841 3371 die
872 3312 1010 3372 Freude,
1028 3312 1052 3372 in
1089 3312 1215 3372 Leipzig
1245 3310 1305 3370 mit
1330 3308 1431 3368 Kainz
1474 3308 1527 3368 das
1577 3311 1774 3371 „Zwischen=
1799 3303 2015 3363 Besprechung
2052 3303 2106 3363 mit
2130 3304 2184 3364 dem
2227 3305 2370 3365 Dichter,
2383 3305 2436 3365 der
2467 3305 2533 3365 eine
2558 3305 2840 3365 Neubearbeitung
2871 3302 2966 3362 seines

112 3306 190 3366 teits
238 3309 450 3369 angedeutet,
491 3308 553 3368 vor

1798 3351 1922 3411 Stückes
1957 3353 2063 3413 „Ruf
2087 3352 2154 3412 des
2188 3354 2374 3414 Lebens"
2409 3353 2651 3413 vorgenommen
2691 3354 2792 3414 hatte,
2832 3354 2877 3414 die
2923 3354 2961 3414 ich

590 3358 684 3418 spiel“
715 3359 740 3419 zu
776 3357 966 3417 inszenieren
1007 3357 1067 3417 und
1102 3358 1203 3418 später
1234 3355 1268 3415 am
1319 3357 1540 3417 Burgtbeater
1571 3356 1615 3416 die
1651 3358 1761 3418 Urauf

112 3357 152 3417 he
187 3357 245 3417 und
280 3357 542 3417 gesellschafttlich

1794 3402 2015 3462 ursprünglich
2049 3401 2103 3461 zum
2149 3401 2315 3461 siebzigsten
2354 3402 2553 3462 Geburtstag
2603 3402 2659 3462 des
2703 3402 2847 3462 Dichters
2897 3401 2969 3461 auf¬

590 3402 737 3462 führung
770 3405 822 3465 von
854 3402 1028 3462 „Komödie
1055 3402 1107 3462 der
1134 3402 1366 3462 Verführung"
1398 3402 1456 3462 und
1488 3402 1530 3462 die
1557 3403 1746 3463 Erstauffüh

120 3405 353 3465 Vaterhaus
396 3405 549 3465 herrschte

592 3450 674 3510 rung
704 3452 756 3512 von
786 3453 945 3513 „Schleier
969 3453 1021 3513 der
1039 3453 1203 3513 Beatvice"
1228 3451 1256 3511 zu
1287 3450 1415 3510 bringen
1445 3451 1533 3511 sowie
1557 3451 1598 3511 die
1616 3452 1762 3512 Wieder=
1793 3450 1951 3510 zuführen
1987 3451 2204 3511 beabsichtigte
2240 3453 2298 3513 und
2334 3453 2392 3513 nun
2434 3453 2528 3513 leider
2558 3455 2622 3515 nur
2652 3455 2681 3515 zu
2717 3453 2816 3513 seiner
2846 3451 2963 3511 Toten¬

125 3456 286 3516 spezifisch
317 3454 562 3514 österreichische

132 3500 196 3560 und
224 3500 401 3560 neunziger
423 3500 546 3560 Jahren
590 3500 767 3560 aufnahme
795 3500 848 3560 des
876 3500 1096 3560 „Medardus"
1129 3500 1155 3560 in
1188 3501 1236 3561 den
1275 3500 1446 3560 Spielplan
1479 3501 1506 3561 zu
1544 3502 1770 3562 ermöglichen.
1803 3500 1872 3560 feier
1900 3500 2007 3560 spielen
2040 3500 2131 3560 kann.

112 3549 189 3609 te.
217 3550 277 3610 Die
317 3548 549 3608 heterogensten

111 3596 234 3656 nstler,
261 3596 437 3656 Kaufleute
496 3598 555 3658 und

115 3644 136 3704 r
159 3644 305 3704 späteren
339 3644 467 3704 Werke,
485 3646 563 3706 erste

2138 3673 2310 3733 Artur
2345 3673 2673 3733 Schnitzler,

114 3691 141 3751 t
163 3693 222 3753 gab
256 3691 304 3751 ihm
354 3691 413 3751 das
446 3691 560 3751 Burg¬

118 3739 213 3799 rößen
243 3739 271 3799 in
300 3739 403 3799 seinem
443 3739 562 3799 Vater¬

119 3787 441 3847 einandersetzungen
478 3788 550 3848 ging

120 3838 190 3898 iend
218 3836 272 3896 für
295 3837 354 3897 sein
388 3832 491 3892 Wesen
525 3836 563 3896 ist

159 3882 420 3942 biographischen
449 3882 551 3942 Daten

118 3930 189 3990 rzt.

140 3987 190 4047 wo
224 3987 257 4047 er
285 3989 313 4049 in
347 3987 403 4047 der
431 3987 560 4047 Stern¬

112 4033 331 4093 beitszimmer
380 4037 443 4097 von
481 4035 555 4095 vor¬

113 4082 210 4142 reiten
249 4082 456 4142 Schreibtisch
490 4084 549 4144 und

111 4134 186 4194 Doch
217 4132 373 4192 arbeitete
419 4132 454 4192 er
500 4133 535 4193 am
