<?xml version="1.0" encoding="UTF-8" standalone="yes"?>
<PcGts xmlns="http://schema.primaresearch.org/PAGE/gts/pagecontent/2013-07-15" xmlns:xsi="http://www.w3.org/2001/XMLSchema-instance" xsi:schemaLocation="http://schema.primaresearch.org/PAGE/gts/pagecontent/2013-07-15 http://schema.primaresearch.org/PAGE/gts/pagecontent/2013-07-15/pagecontent.xsd">
    <Metadata>
        <Creator>prov=READ-COOP:name=PyLaia@TranskribusPlatform:version=2.12.1:model_id=39995:lm=none:date=09_04_2024_22:52</Creator>
        <Created>2019-10-07T20:40:46.609+02:00</Created>
        <LastChange>2024-04-09T22:52:54.795+02:00</LastChange>
        <TranskribusMetadata docId="224459" pageId="9584436" pageNr="799" tsid="157631372" status="IN_PROGRESS" userId="64420" imgUrl="https://files.transkribus.eu/Get?id=LQSYBTTJNXBFZDIOEKKOULUZ&amp;fileType=view" xmlUrl="https://files.transkribus.eu/Get?id=SNFCAOELFXJDNJJMMAYDYIVG" imageId="6209550"/>
    </Metadata>
    <Page imageFilename="224459_0799.jpeg" imageWidth="3344" imageHeight="4384">
        <ReadingOrder>
            <OrderedGroup id="ro_1712938259160" caption="Regions reading order">
                <RegionRefIndexed index="0" regionRef="tr_1"/>
                <RegionRefIndexed index="1" regionRef="tr_2"/>
                <RegionRefIndexed index="2" regionRef="tr_3"/>
                <RegionRefIndexed index="3" regionRef="tr_4"/>
            </OrderedGroup>
        </ReadingOrder>
        <TextRegion orientation="0.0" id="tr_1" custom="readingOrder {index:0;}">
            <Coords points="155,318 155,477 361,477 361,318"/>
            <TextLine id="tr_1_tl_1" custom="readingOrder {index:0;}">
                <Coords points="149,428 162,424 183,437 218,427 245,435 315,424 359,438 358,401 311,411 226,361 183,365 166,352 145,359"/>
                <Baseline points="155,418 180,418 206,418 232,418 258,420 283,423 309,425 335,427 361,422"/>
                <Word id="tr_1_tl_1_w1" custom="readingOrder {index:0;}">
                    <Coords points="144,378 144,438 274,438 274,378"/>
                    <TextEquiv>
                        <Unicode>12.</Unicode>
                    </TextEquiv>
                </Word>
                <TextEquiv>
                    <Unicode>12.</Unicode>
                </TextEquiv>
            </TextLine>
            <TextEquiv>
                <Unicode></Unicode>
            </TextEquiv>
        </TextRegion>
        <TextRegion orientation="0.0" id="tr_2" custom="readingOrder {index:1;}">
            <Coords points="235,386 235,3829 1394,3829 1394,386"/>
            <TextLine id="tr_2_tl_1" custom="readingOrder {index:0;}">
                <Coords points="388,442 1225,444 1264,437 1265,371 1149,345 389,366"/>
                <Baseline points="397,418 440,421 484,421 527,424 571,424 615,421 658,418 702,418 745,413 789,410 833,411 876,416 920,420 963,421 1007,417 1051,413 1094,414 1138,413 1181,414 1225,416 1269,421"/>
                <Word id="tr_2_tl_1_w1" custom="readingOrder {index:0;}">
                    <Coords points="397,378 397,438 929,438 929,378"/>
                    <TextEquiv>
                        <Unicode>chuitzler's</Unicode>
                    </TextEquiv>
                </Word>
                <Word id="tr_2_tl_1_w2" custom="readingOrder {index:1;}">
                    <Coords points="997,373 997,433 1224,433 1224,373"/>
                    <TextEquiv>
                        <Unicode>Death</Unicode>
                    </TextEquiv>
                </Word>
                <TextEquiv>
                    <Unicode>chuitzler's Death</Unicode>
                </TextEquiv>
            </TextLine>
            <TextLine id="tr_2_tl_2" custom="readingOrder {index:1;}">
                <Coords points="368,856 531,879 618,854 780,872 836,840 873,864 1211,852 1211,794 1141,767 932,791 897,764 477,764 368,804"/>
                <Baseline points="376,845 420,847 464,848 508,848 552,848 596,848 640,846 685,843 729,846 773,848 817,848 861,846 905,843 950,844 994,843 1038,844 1082,842 1126,837 1170,836 1215,836"/>
                <Word id="tr_2_tl_2_w1" custom="readingOrder {index:0;}">
                    <Coords points="381,806 381,866 1099,866 1099,806"/>
                    <TextEquiv>
                        <Unicode>OBSERVER</Unicode>
                    </TextEquiv>
                </Word>
                <TextEquiv>
                    <Unicode>OBSERVER</Unicode>
                </TextEquiv>
            </TextLine>
            <TextLine id="tr_2_tl_3" custom="readingOrder {index:2;}">
                <Coords points="464,910 1041,909 1099,903 1101,872 465,869"/>
                <Baseline points="471,904 502,904 534,903 565,901 597,901 629,901 660,901 692,901 724,901 755,901 787,901 819,899 850,898 882,898 914,898 945,898 977,898 1009,895 1040,895 1072,895 1104,895"/>
                <Word id="tr_2_tl_3_w1" custom="readingOrder {index:0;}">
                    <Coords points="462,864 462,924 488,924 488,864"/>
                    <TextEquiv>
                        <Unicode>1.</Unicode>
                    </TextEquiv>
                </Word>
                <Word id="tr_2_tl_3_w2" custom="readingOrder {index:1;}">
                    <Coords points="501,861 501,921 622,921 622,861"/>
                    <TextEquiv>
                        <Unicode>österr.</Unicode>
                    </TextEquiv>
                </Word>
                <Word id="tr_2_tl_3_w3" custom="readingOrder {index:2;}">
                    <Coords points="636,861 636,921 783,921 783,861"/>
                    <TextEquiv>
                        <Unicode>behördl.</Unicode>
                    </TextEquiv>
                </Word>
                <Word id="tr_2_tl_3_w4" custom="readingOrder {index:3;}">
                    <Coords points="793,858 793,918 1101,918 1101,858"/>
                    <TextEquiv>
                        <Unicode>konzessioniertes</Unicode>
                    </TextEquiv>
                </Word>
                <TextEquiv>
                    <Unicode>1. österr. behördl. konzessioniertes</Unicode>
                </TextEquiv>
            </TextLine>
            <TextLine id="tr_2_tl_4" custom="readingOrder {index:3;}">
                <Coords points="422,958 1151,946 1151,902 1124,896 674,922 422,906"/>
                <Baseline points="430,946 466,946 502,946 538,945 575,943 611,943 647,943 683,943 720,942 756,940 792,940 828,940 865,940 901,939 937,937 973,937 1010,939 1046,938 1082,937 1118,937 1155,937"/>
                <Word id="tr_2_tl_4_w1" custom="readingOrder {index:0;}">
                    <Coords points="416,905 416,965 649,965 649,905"/>
                    <TextEquiv>
                        <Unicode>Unternehmen</Unicode>
                    </TextEquiv>
                </Word>
                <Word id="tr_2_tl_4_w2" custom="readingOrder {index:1;}">
                    <Coords points="680,902 680,962 727,962 727,902"/>
                    <TextEquiv>
                        <Unicode>für</Unicode>
                    </TextEquiv>
                </Word>
                <Word id="tr_2_tl_4_w3" custom="readingOrder {index:2;}">
                    <Coords points="749,897 749,957 1142,957 1142,897"/>
                    <TextEquiv>
                        <Unicode>Zeitungs-Ausschnitte</Unicode>
                    </TextEquiv>
                </Word>
                <TextEquiv>
                    <Unicode>Unternehmen für Zeitungs-Ausschnitte</Unicode>
                </TextEquiv>
            </TextLine>
            <TextLine id="tr_2_tl_5" custom="readingOrder {index:4;}">
                <Coords points="472,1013 1101,1010 1101,949 1051,969 1006,945 472,965"/>
                <Baseline points="480,1009 511,1007 542,1006 573,1006 604,1004 636,1005 667,1006 698,1006 729,1002 760,1001 792,1003 823,1003 854,1003 885,1003 916,1003 948,1001 979,1001 1010,1003 1041,1001 1072,1000 1104,1000"/>
                <Word id="tr_2_tl_5_w1" custom="readingOrder {index:0;}">
                    <Coords points="475,966 475,1026 621,1026 621,966"/>
                    <TextEquiv>
                        <Unicode>WIEN,</Unicode>
                    </TextEquiv>
                </Word>
                <Word id="tr_2_tl_5_w2" custom="readingOrder {index:1;}">
                    <Coords points="648,966 648,1026 695,1026 695,966"/>
                    <TextEquiv>
                        <Unicode>I.,</Unicode>
                    </TextEquiv>
                </Word>
                <Word id="tr_2_tl_5_w3" custom="readingOrder {index:2;}">
                    <Coords points="722,963 722,1023 1003,1023 1003,963"/>
                    <TextEquiv>
                        <Unicode>WOLLZEILE</Unicode>
                    </TextEquiv>
                </Word>
                <Word id="tr_2_tl_5_w4" custom="readingOrder {index:3;}">
                    <Coords points="1057,960 1057,1020 1096,1020 1096,960"/>
                    <TextEquiv>
                        <Unicode>11</Unicode>
                    </TextEquiv>
                </Word>
                <TextEquiv>
                    <Unicode>WIEN, I., WOLLZEILE 11</Unicode>
                </TextEquiv>
            </TextLine>
            <TextLine id="tr_2_tl_6" custom="readingOrder {index:5;}">
                <Coords points="568,1068 1015,1061 1016,1012 570,1019"/>
                <Baseline points="576,1057 602,1055 628,1054 654,1054 680,1054 706,1054 732,1054 758,1054 784,1054 810,1054 836,1054 862,1054 888,1054 914,1052 940,1051 966,1051 992,1051 1018,1051"/>
                <Word id="tr_2_tl_6_w1" custom="readingOrder {index:0;}">
                    <Coords points="568,1014 568,1074 783,1074 783,1014"/>
                    <TextEquiv>
                        <Unicode>TELEPHON</Unicode>
                    </TextEquiv>
                </Word>
                <Word id="tr_2_tl_6_w2" custom="readingOrder {index:1;}">
                    <Coords points="815,1012 815,1072 993,1072 993,1012"/>
                    <TextEquiv>
                        <Unicode>R-23-0-43</Unicode>
                    </TextEquiv>
                </Word>
                <TextEquiv>
                    <Unicode>TELEPHON R-23-0-43</Unicode>
                </TextEquiv>
            </TextLine>
            <TextLine id="tr_2_tl_7" custom="readingOrder {index:6;}">
                <Coords points="365,1211 448,1207 475,1225 525,1205 707,1211 717,1155 625,1165 591,1149 555,1161 512,1149 434,1165 392,1142 366,1145"/>
                <Baseline points="373,1203 399,1201 426,1200 452,1200 479,1200 506,1199 532,1198 559,1197 585,1197 612,1197 639,1197 665,1197 692,1197 719,1197"/>
                <Word id="tr_2_tl_7_w1" custom="readingOrder {index:0;}">
                    <Coords points="371,1159 371,1219 591,1219 591,1159"/>
                    <TextEquiv>
                        <Unicode>Ausschnitt</Unicode>
                    </TextEquiv>
                </Word>
                <Word id="tr_2_tl_7_w2" custom="readingOrder {index:1;}">
                    <Coords points="613,1157 613,1217 704,1217 704,1157"/>
                    <TextEquiv>
                        <Unicode>aus:</Unicode>
                    </TextEquiv>
                </Word>
                <TextEquiv>
                    <Unicode>Ausschnitt aus:</Unicode>
                </TextEquiv>
            </TextLine>
            <TextLine id="tr_2_tl_8" custom="readingOrder {index:7;}">
                <Coords points="571,1347 668,1374 806,1328 932,1337 1079,1315 1086,1238 1053,1231 956,1229 890,1265 843,1244 823,1260 770,1249 737,1274 684,1245 615,1274 580,1262"/>
                <Baseline points="579,1343 604,1342 629,1340 654,1339 680,1337 705,1334 730,1331 755,1331 781,1330 806,1326 831,1322 856,1317 882,1315 907,1314 932,1310 957,1307 983,1303 1008,1301 1033,1299 1058,1299 1084,1299"/>
                <Word id="tr_2_tl_8_w1" custom="readingOrder {index:0;}">
                    <Coords points="584,1300 584,1360 674,1360 674,1300"/>
                    <TextEquiv>
                        <Unicode>Naud</Unicode>
                    </TextEquiv>
                </Word>
                <Word id="tr_2_tl_8_w2" custom="readingOrder {index:1;}">
                    <Coords points="700,1291 700,1351 802,1351 802,1291"/>
                    <TextEquiv>
                        <Unicode>Freie</Unicode>
                    </TextEquiv>
                </Word>
                <Word id="tr_2_tl_8_w3" custom="readingOrder {index:2;}">
                    <Coords points="815,1283 815,1343 827,1343 827,1283"/>
                    <TextEquiv>
                        <Unicode>l</Unicode>
                    </TextEquiv>
                </Word>
                <Word id="tr_2_tl_8_w4" custom="readingOrder {index:3;}">
                    <Coords points="863,1273 863,1333 953,1333 953,1273"/>
                    <TextEquiv>
                        <Unicode>oge,</Unicode>
                    </TextEquiv>
                </Word>
                <Word id="tr_2_tl_8_w5" custom="readingOrder {index:4;}">
                    <Coords points="968,1261 968,1321 1047,1321 1047,1261"/>
                    <TextEquiv>
                        <Unicode>Mie</Unicode>
                    </TextEquiv>
                </Word>
                <TextEquiv>
                    <Unicode>Naud Freie l oge, Mie</Unicode>
                </TextEquiv>
            </TextLine>
            <TextLine id="tr_2_tl_9" custom="readingOrder {index:8;}">
                <Coords points="773,1427 829,1417 853,1433 895,1414 956,1434 1052,1395 1148,1426 1154,1318 1116,1315 1088,1332 1046,1314 972,1337 929,1337 915,1322 780,1335"/>
                <Baseline points="782,1412 808,1408 835,1404 861,1402 888,1400 915,1398 941,1397 968,1395 995,1392 1021,1388 1048,1388 1075,1387 1101,1383 1128,1381 1155,1379"/>
                <Word id="tr_2_tl_9_w1" custom="readingOrder {index:0;}">
                    <Coords points="781,1364 781,1424 876,1424 876,1364"/>
                    <TextEquiv>
                        <Unicode>29.</Unicode>
                    </TextEquiv>
                </Word>
                <Word id="tr_2_tl_9_w2" custom="readingOrder {index:1;}">
                    <Coords points="896,1355 896,1415 1030,1415 1030,1355"/>
                    <TextEquiv>
                        <Unicode>OKT.</Unicode>
                    </TextEquiv>
                </Word>
                <TextEquiv>
                    <Unicode>29. OKT.</Unicode>
                </TextEquiv>
            </TextLine>
            <TextLine id="tr_2_tl_10" custom="readingOrder {index:9;}">
                <Coords points="376,1441 395,1441 408,1431 415,1438 434,1434 449,1443 465,1440 475,1446 500,1446 497,1388 447,1381 431,1395 414,1397 404,1391 376,1398"/>
                <Baseline points="385,1424 414,1426 443,1427 472,1427 501,1427"/>
                <Word id="tr_2_tl_10_w1" custom="readingOrder {index:0;}">
                    <Coords points="376,1386 376,1446 487,1446 487,1386"/>
                    <TextEquiv>
                        <Unicode>vom:</Unicode>
                    </TextEquiv>
                </Word>
                <TextEquiv>
                    <Unicode>vom:</Unicode>
                </TextEquiv>
            </TextLine>
            <TextLine id="tr_2_tl_11" custom="readingOrder {index:10;}">
                <Coords points="312,1504 1373,1496 1354,1427 313,1436"/>
                <Baseline points="322,1496 374,1496 427,1496 480,1496 532,1493 585,1493 638,1493 690,1493 743,1493 796,1493 849,1492 901,1490 954,1490 1007,1490 1059,1490 1112,1490 1165,1490 1217,1490 1270,1490 1323,1490 1376,1487"/>
                <Word id="tr_2_tl_11_w1" custom="readingOrder {index:0;}">
                    <Coords points="327,1456 327,1516 467,1516 467,1456"/>
                    <TextEquiv>
                        <Unicode>(„Jene,</Unicode>
                    </TextEquiv>
                </Word>
                <Word id="tr_2_tl_11_w2" custom="readingOrder {index:1;}">
                    <Coords points="487,1454 487,1514 537,1514 537,1454"/>
                    <TextEquiv>
                        <Unicode>die</Unicode>
                    </TextEquiv>
                </Word>
                <Word id="tr_2_tl_11_w3" custom="readingOrder {index:2;}">
                    <Coords points="563,1453 563,1513 633,1513 633,1453"/>
                    <TextEquiv>
                        <Unicode>man</Unicode>
                    </TextEquiv>
                </Word>
                <Word id="tr_2_tl_11_w4" custom="readingOrder {index:3;}">
                    <Coords points="672,1453 672,1513 748,1513 748,1453"/>
                    <TextEquiv>
                        <Unicode>nicht</Unicode>
                    </TextEquiv>
                </Word>
                <Word id="tr_2_tl_11_w5" custom="readingOrder {index:4;}">
                    <Coords points="774,1450 774,1510 991,1510 991,1450"/>
                    <TextEquiv>
                        <Unicode>bemerkte.")</Unicode>
                    </TextEquiv>
                </Word>
                <Word id="tr_2_tl_11_w6" custom="readingOrder {index:5;}">
                    <Coords points="1024,1450 1024,1510 1074,1510 1074,1450"/>
                    <TextEquiv>
                        <Unicode>Ein</Unicode>
                    </TextEquiv>
                </Word>
                <Word id="tr_2_tl_11_w7" custom="readingOrder {index:6;}">
                    <Coords points="1107,1450 1107,1510 1177,1510 1177,1450"/>
                    <TextEquiv>
                        <Unicode>alter</Unicode>
                    </TextEquiv>
                </Word>
                <Word id="tr_2_tl_11_w8" custom="readingOrder {index:7;}">
                    <Coords points="1209,1450 1209,1510 1362,1510 1362,1450"/>
                    <TextEquiv>
                        <Unicode>Abonnent</Unicode>
                    </TextEquiv>
                </Word>
                <TextEquiv>
                    <Unicode>(„Jene, die man nicht bemerkte.") Ein alter Abonnent</Unicode>
                </TextEquiv>
            </TextLine>
            <TextLine id="tr_2_tl_12" custom="readingOrder {index:11;}">
                <Coords points="248,1554 1370,1546 1345,1493 889,1493 819,1527 248,1501"/>
                <Baseline points="256,1543 311,1537 367,1537 423,1537 479,1537 535,1537 591,1537 646,1537 702,1537 758,1537 814,1537 870,1535 926,1534 982,1534 1037,1534 1093,1534 1149,1532 1205,1532 1261,1531 1317,1529 1373,1529"/>
                <Word id="tr_2_tl_12_w1" custom="readingOrder {index:0;}">
                    <Coords points="249,1497 249,1557 358,1557 358,1497"/>
                    <TextEquiv>
                        <Unicode>schreibt</Unicode>
                    </TextEquiv>
                </Word>
                <Word id="tr_2_tl_12_w2" custom="readingOrder {index:1;}">
                    <Coords points="398,1497 398,1557 453,1557 453,1497"/>
                    <TextEquiv>
                        <Unicode>uns</Unicode>
                    </TextEquiv>
                </Word>
                <Word id="tr_2_tl_12_w3" custom="readingOrder {index:2;}">
                    <Coords points="498,1497 498,1557 552,1557 552,1497"/>
                    <TextEquiv>
                        <Unicode>aus</Unicode>
                    </TextEquiv>
                </Word>
                <Word id="tr_2_tl_12_w4" custom="readingOrder {index:3;}">
                    <Coords points="592,1497 592,1557 796,1557 796,1497"/>
                    <TextEquiv>
                        <Unicode>Vorarlberg:</Unicode>
                    </TextEquiv>
                </Word>
                <Word id="tr_2_tl_12_w5" custom="readingOrder {index:4;}">
                    <Coords points="836,1494 836,1554 908,1554 908,1494"/>
                    <TextEquiv>
                        <Unicode>„Sie</Unicode>
                    </TextEquiv>
                </Word>
                <Word id="tr_2_tl_12_w6" custom="readingOrder {index:5;}">
                    <Coords points="947,1494 947,1554 1123,1554 1123,1494"/>
                    <TextEquiv>
                        <Unicode>kritisieren,</Unicode>
                    </TextEquiv>
                </Word>
                <Word id="tr_2_tl_12_w7" custom="readingOrder {index:6;}">
                    <Coords points="1163,1492 1163,1552 1212,1552 1212,1492"/>
                    <TextEquiv>
                        <Unicode>daß</Unicode>
                    </TextEquiv>
                </Word>
                <Word id="tr_2_tl_12_w8" custom="readingOrder {index:7;}">
                    <Coords points="1257,1490 1257,1550 1284,1550 1284,1490"/>
                    <TextEquiv>
                        <Unicode>es</Unicode>
                    </TextEquiv>
                </Word>
                <Word id="tr_2_tl_12_w9" custom="readingOrder {index:8;}">
                    <Coords points="1324,1489 1324,1549 1367,1549 1367,1489"/>
                    <TextEquiv>
                        <Unicode>die</Unicode>
                    </TextEquiv>
                </Word>
                <TextEquiv>
                    <Unicode>schreibt uns aus Vorarlberg: „Sie kritisieren, daß es die</Unicode>
                </TextEquiv>
            </TextLine>
            <TextLine id="tr_2_tl_13" custom="readingOrder {index:12;}">
                <Coords points="242,1586 1311,1594 1371,1586 1373,1547 242,1556"/>
                <Baseline points="250,1579 306,1579 362,1580 418,1580 474,1579 530,1579 586,1578 643,1578 699,1579 755,1579 811,1579 867,1579 923,1576 979,1575 1036,1574 1092,1574 1148,1576 1204,1573 1260,1573 1316,1573 1373,1573"/>
                <Word id="tr_2_tl_13_w1" custom="readingOrder {index:0;}">
                    <Coords points="248,1539 248,1599 395,1599 395,1539"/>
                    <TextEquiv>
                        <Unicode>offiziellen</Unicode>
                    </TextEquiv>
                </Word>
                <Word id="tr_2_tl_13_w2" custom="readingOrder {index:1;}">
                    <Coords points="430,1539 430,1599 525,1599 525,1539"/>
                    <TextEquiv>
                        <Unicode>Kreise</Unicode>
                    </TextEquiv>
                </Word>
                <Word id="tr_2_tl_13_w3" custom="readingOrder {index:2;}">
                    <Coords points="548,1538 548,1598 594,1598 594,1538"/>
                    <TextEquiv>
                        <Unicode>für</Unicode>
                    </TextEquiv>
                </Word>
                <Word id="tr_2_tl_13_w4" custom="readingOrder {index:3;}">
                    <Coords points="622,1538 622,1598 695,1598 695,1538"/>
                    <TextEquiv>
                        <Unicode>total</Unicode>
                    </TextEquiv>
                </Word>
                <Word id="tr_2_tl_13_w5" custom="readingOrder {index:4;}">
                    <Coords points="718,1539 718,1599 882,1599 882,1539"/>
                    <TextEquiv>
                        <Unicode>überflüssig</Unicode>
                    </TextEquiv>
                </Word>
                <Word id="tr_2_tl_13_w6" custom="readingOrder {index:5;}">
                    <Coords points="912,1534 912,1594 1047,1594 1047,1534"/>
                    <TextEquiv>
                        <Unicode>gefunden</Unicode>
                    </TextEquiv>
                </Word>
                <Word id="tr_2_tl_13_w7" custom="readingOrder {index:6;}">
                    <Coords points="1076,1535 1076,1595 1183,1595 1183,1535"/>
                    <TextEquiv>
                        <Unicode>haben,</Unicode>
                    </TextEquiv>
                </Word>
                <Word id="tr_2_tl_13_w8" custom="readingOrder {index:7;}">
                    <Coords points="1206,1533 1206,1593 1263,1593 1263,1533"/>
                    <TextEquiv>
                        <Unicode>ihre</Unicode>
                    </TextEquiv>
                </Word>
                <Word id="tr_2_tl_13_w9" custom="readingOrder {index:8;}">
                    <Coords points="1291,1533 1291,1593 1370,1593 1370,1533"/>
                    <TextEquiv>
                        <Unicode>Teil¬</Unicode>
                    </TextEquiv>
                </Word>
                <TextEquiv>
                    <Unicode>offiziellen Kreise für total überflüssig gefunden haben, ihre Teil¬</Unicode>
                </TextEquiv>
            </TextLine>
            <TextLine id="tr_2_tl_14" custom="readingOrder {index:13;}">
                <Coords points="239,1627 1373,1624 1345,1579 239,1582"/>
                <Baseline points="247,1624 303,1624 359,1623 416,1623 472,1622 529,1621 585,1621 642,1621 698,1621 755,1621 811,1619 867,1619 924,1618 980,1615 1037,1617 1093,1615 1150,1618 1206,1615 1263,1615 1319,1617 1376,1615"/>
                <Word id="tr_2_tl_14_w1" custom="readingOrder {index:0;}">
                    <Coords points="245,1584 245,1644 347,1644 347,1584"/>
                    <TextEquiv>
                        <Unicode>nahme</Unicode>
                    </TextEquiv>
                </Word>
                <Word id="tr_2_tl_14_w2" custom="readingOrder {index:1;}">
                    <Coords points="385,1582 385,1642 526,1642 526,1582"/>
                    <TextEquiv>
                        <Unicode>anläßlich</Unicode>
                    </TextEquiv>
                </Word>
                <Word id="tr_2_tl_14_w3" custom="readingOrder {index:2;}">
                    <Coords points="564,1581 564,1641 612,1641 612,1581"/>
                    <TextEquiv>
                        <Unicode>des</Unicode>
                    </TextEquiv>
                </Word>
                <Word id="tr_2_tl_14_w4" custom="readingOrder {index:3;}">
                    <Coords points="651,1581 651,1641 742,1641 742,1581"/>
                    <TextEquiv>
                        <Unicode>Todes</Unicode>
                    </TextEquiv>
                </Word>
                <Word id="tr_2_tl_14_w5" custom="readingOrder {index:4;}">
                    <Coords points="781,1579 781,1639 894,1639 894,1579"/>
                    <TextEquiv>
                        <Unicode>Arthür</Unicode>
                    </TextEquiv>
                </Word>
                <Word id="tr_2_tl_14_w6" custom="readingOrder {index:5;}">
                    <Coords points="927,1576 927,1636 1105,1636 1105,1576"/>
                    <TextEquiv>
                        <Unicode>Schnitzlers</Unicode>
                    </TextEquiv>
                </Word>
                <Word id="tr_2_tl_14_w7" custom="readingOrder {index:6;}">
                    <Coords points="1138,1575 1138,1635 1295,1635 1295,1575"/>
                    <TextEquiv>
                        <Unicode>irgendwie</Unicode>
                    </TextEquiv>
                </Word>
                <Word id="tr_2_tl_14_w8" custom="readingOrder {index:7;}">
                    <Coords points="1333,1576 1333,1636 1360,1636 1360,1576"/>
                    <TextEquiv>
                        <Unicode>zu</Unicode>
                    </TextEquiv>
                </Word>
                <TextEquiv>
                    <Unicode>nahme anläßlich des Todes Arthür Schnitzlers irgendwie zu</Unicode>
                </TextEquiv>
            </TextLine>
            <TextLine id="tr_2_tl_15" custom="readingOrder {index:14;}">
                <Coords points="245,1670 1370,1675 1370,1623 1287,1619 245,1632"/>
                <Baseline points="253,1663 309,1665 365,1664 421,1666 477,1666 533,1666 589,1665 645,1663 701,1663 757,1663 813,1663 869,1661 925,1660 981,1659 1037,1657 1093,1657 1149,1657 1205,1657 1261,1657 1317,1657 1373,1660"/>
                <Word id="tr_2_tl_15_w1" custom="readingOrder {index:0;}">
                    <Coords points="240,1624 240,1684 406,1684 406,1624"/>
                    <TextEquiv>
                        <Unicode>behunden.</Unicode>
                    </TextEquiv>
                </Word>
                <Word id="tr_2_tl_15_w2" custom="readingOrder {index:1;}">
                    <Coords points="434,1626 434,1686 489,1686 489,1626"/>
                    <TextEquiv>
                        <Unicode>Ich</Unicode>
                    </TextEquiv>
                </Word>
                <Word id="tr_2_tl_15_w3" custom="readingOrder {index:2;}">
                    <Coords points="529,1625 529,1685 645,1685 645,1625"/>
                    <TextEquiv>
                        <Unicode>glaube,</Unicode>
                    </TextEquiv>
                </Word>
                <Word id="tr_2_tl_15_w4" custom="readingOrder {index:3;}">
                    <Coords points="679,1623 679,1683 723,1683 723,1623"/>
                    <TextEquiv>
                        <Unicode>daß</Unicode>
                    </TextEquiv>
                </Word>
                <Word id="tr_2_tl_15_w5" custom="readingOrder {index:4;}">
                    <Coords points="762,1623 762,1683 812,1683 812,1623"/>
                    <TextEquiv>
                        <Unicode>sich</Unicode>
                    </TextEquiv>
                </Word>
                <Word id="tr_2_tl_15_w6" custom="readingOrder {index:5;}">
                    <Coords points="846,1621 846,1681 889,1681 889,1621"/>
                    <TextEquiv>
                        <Unicode>die</Unicode>
                    </TextEquiv>
                </Word>
                <Word id="tr_2_tl_15_w7" custom="readingOrder {index:6;}">
                    <Coords points="929,1617 929,1677 1100,1677 1100,1617"/>
                    <TextEquiv>
                        <Unicode>verehrliche</Unicode>
                    </TextEquiv>
                </Word>
                <Word id="tr_2_tl_15_w8" custom="readingOrder {index:7;}">
                    <Coords points="1134,1617 1134,1677 1356,1677 1356,1617"/>
                    <TextEquiv>
                        <Unicode>Schriftleitung</Unicode>
                    </TextEquiv>
                </Word>
                <TextEquiv>
                    <Unicode>behunden. Ich glaube, daß sich die verehrliche Schriftleitung</Unicode>
                </TextEquiv>
            </TextLine>
            <TextLine id="tr_2_tl_16" custom="readingOrder {index:15;}">
                <Coords points="242,1707 1367,1712 1341,1660 242,1667"/>
                <Baseline points="250,1708 306,1708 362,1708 418,1708 474,1705 530,1706 586,1707 642,1705 698,1705 754,1705 810,1705 866,1703 922,1702 978,1702 1034,1702 1090,1702 1146,1702 1202,1699 1258,1699 1314,1699 1370,1702"/>
                <Word id="tr_2_tl_16_w1" custom="readingOrder {index:0;}">
                    <Coords points="247,1668 247,1728 442,1728 442,1668"/>
                    <TextEquiv>
                        <Unicode>diesbezüglich</Unicode>
                    </TextEquiv>
                </Word>
                <Word id="tr_2_tl_16_w2" custom="readingOrder {index:1;}">
                    <Coords points="479,1665 479,1725 509,1725 509,1665"/>
                    <TextEquiv>
                        <Unicode>in</Unicode>
                    </TextEquiv>
                </Word>
                <Word id="tr_2_tl_16_w3" custom="readingOrder {index:2;}">
                    <Coords points="546,1666 546,1726 649,1726 649,1666"/>
                    <TextEquiv>
                        <Unicode>grobem</Unicode>
                    </TextEquiv>
                </Word>
                <Word id="tr_2_tl_16_w4" custom="readingOrder {index:3;}">
                    <Coords points="696,1665 696,1725 803,1725 803,1665"/>
                    <TextEquiv>
                        <Unicode>Irrtum</Unicode>
                    </TextEquiv>
                </Word>
                <Word id="tr_2_tl_16_w5" custom="readingOrder {index:4;}">
                    <Coords points="850,1662 850,1722 989,1722 989,1662"/>
                    <TextEquiv>
                        <Unicode>befindet,</Unicode>
                    </TextEquiv>
                </Word>
                <Word id="tr_2_tl_16_w6" custom="readingOrder {index:5;}">
                    <Coords points="1015,1662 1015,1722 1092,1722 1092,1662"/>
                    <TextEquiv>
                        <Unicode>wenn</Unicode>
                    </TextEquiv>
                </Word>
                <Word id="tr_2_tl_16_w7" custom="readingOrder {index:6;}">
                    <Coords points="1139,1661 1139,1721 1175,1721 1175,1661"/>
                    <TextEquiv>
                        <Unicode>sie</Unicode>
                    </TextEquiv>
                </Word>
                <Word id="tr_2_tl_16_w8" custom="readingOrder {index:7;}">
                    <Coords points="1206,1659 1206,1719 1366,1719 1366,1659"/>
                    <TextEquiv>
                        <Unicode>annimmt,</Unicode>
                    </TextEquiv>
                </Word>
                <TextEquiv>
                    <Unicode>diesbezüglich in grobem Irrtum befindet, wenn sie annimmt,</Unicode>
                </TextEquiv>
            </TextLine>
            <TextLine id="tr_2_tl_17" custom="readingOrder {index:16;}">
                <Coords points="242,1755 1371,1758 1371,1715 1284,1703 242,1712"/>
                <Baseline points="250,1750 306,1752 362,1749 418,1747 474,1747 530,1747 586,1747 643,1747 699,1747 755,1747 811,1747 867,1747 923,1744 979,1744 1036,1744 1092,1744 1148,1741 1204,1744 1260,1743 1316,1743 1373,1744"/>
                <Word id="tr_2_tl_17_w1" custom="readingOrder {index:0;}">
                    <Coords points="247,1710 247,1770 294,1770 294,1710"/>
                    <TextEquiv>
                        <Unicode>daß</Unicode>
                    </TextEquiv>
                </Word>
                <Word id="tr_2_tl_17_w2" custom="readingOrder {index:1;}">
                    <Coords points="342,1708 342,1768 426,1768 426,1708"/>
                    <TextEquiv>
                        <Unicode>dieses</Unicode>
                    </TextEquiv>
                </Word>
                <Word id="tr_2_tl_17_w3" custom="readingOrder {index:2;}">
                    <Coords points="468,1707 468,1767 626,1767 626,1707"/>
                    <TextEquiv>
                        <Unicode>Verhalten</Unicode>
                    </TextEquiv>
                </Word>
                <Word id="tr_2_tl_17_w4" custom="readingOrder {index:3;}">
                    <Coords points="674,1707 674,1767 726,1767 726,1707"/>
                    <TextEquiv>
                        <Unicode>mit</Unicode>
                    </TextEquiv>
                </Word>
                <Word id="tr_2_tl_17_w5" custom="readingOrder {index:4;}">
                    <Coords points="763,1707 763,1767 811,1767 811,1707"/>
                    <TextEquiv>
                        <Unicode>der</Unicode>
                    </TextEquiv>
                </Word>
                <Word id="tr_2_tl_17_w6" custom="readingOrder {index:5;}">
                    <Coords points="853,1704 853,1764 1126,1764 1126,1704"/>
                    <TextEquiv>
                        <Unicode>hinübergeretteten</Unicode>
                    </TextEquiv>
                </Word>
                <Word id="tr_2_tl_17_w7" custom="readingOrder {index:6;}">
                    <Coords points="1175,1703 1175,1763 1358,1763 1358,1703"/>
                    <TextEquiv>
                        <Unicode>Mißachtung</Unicode>
                    </TextEquiv>
                </Word>
                <TextEquiv>
                    <Unicode>daß dieses Verhalten mit der hinübergeretteten Mißachtung</Unicode>
                </TextEquiv>
            </TextLine>
            <TextLine id="tr_2_tl_18" custom="readingOrder {index:17;}">
                <Coords points="245,1801 1374,1796 1328,1745 245,1756"/>
                <Baseline points="253,1794 309,1789 365,1790 421,1788 477,1788 533,1788 589,1788 646,1788 702,1788 758,1786 814,1788 870,1788 926,1785 982,1785 1039,1786 1095,1786 1151,1785 1207,1782 1263,1782 1319,1784 1376,1785"/>
                <Word id="tr_2_tl_18_w1" custom="readingOrder {index:0;}">
                    <Coords points="250,1752 250,1812 290,1812 290,1752"/>
                    <TextEquiv>
                        <Unicode>des</Unicode>
                    </TextEquiv>
                </Word>
                <Word id="tr_2_tl_18_w2" custom="readingOrder {index:1;}">
                    <Coords points="327,1749 327,1809 439,1809 439,1749"/>
                    <TextEquiv>
                        <Unicode>Geistes</Unicode>
                    </TextEquiv>
                </Word>
                <Word id="tr_2_tl_18_w3" custom="readingOrder {index:2;}">
                    <Coords points="471,1748 471,1808 497,1808 497,1748"/>
                    <TextEquiv>
                        <Unicode>in</Unicode>
                    </TextEquiv>
                </Word>
                <Word id="tr_2_tl_18_w4" custom="readingOrder {index:3;}">
                    <Coords points="538,1748 538,1808 579,1808 579,1748"/>
                    <TextEquiv>
                        <Unicode>die</Unicode>
                    </TextEquiv>
                </Word>
                <Word id="tr_2_tl_18_w5" custom="readingOrder {index:4;}">
                    <Coords points="615,1748 615,1808 682,1808 682,1748"/>
                    <TextEquiv>
                        <Unicode>neue</Unicode>
                    </TextEquiv>
                </Word>
                <Word id="tr_2_tl_18_w6" custom="readingOrder {index:5;}">
                    <Coords points="719,1747 719,1807 888,1807 888,1747"/>
                    <TextEquiv>
                        <Unicode>Staatsform</Unicode>
                    </TextEquiv>
                </Word>
                <Word id="tr_2_tl_18_w7" custom="readingOrder {index:6;}">
                    <Coords points="940,1745 940,1805 1027,1805 1027,1745"/>
                    <TextEquiv>
                        <Unicode>etwas</Unicode>
                    </TextEquiv>
                </Word>
                <Word id="tr_2_tl_18_w8" custom="readingOrder {index:7;}">
                    <Coords points="1064,1746 1064,1806 1089,1806 1089,1746"/>
                    <TextEquiv>
                        <Unicode>zu</Unicode>
                    </TextEquiv>
                </Word>
                <Word id="tr_2_tl_18_w9" custom="readingOrder {index:8;}">
                    <Coords points="1130,1744 1130,1804 1177,1804 1177,1744"/>
                    <TextEquiv>
                        <Unicode>tun</Unicode>
                    </TextEquiv>
                </Word>
                <Word id="tr_2_tl_18_w10" custom="readingOrder {index:9;}">
                    <Coords points="1218,1742 1218,1802 1279,1802 1279,1742"/>
                    <TextEquiv>
                        <Unicode>hat.</Unicode>
                    </TextEquiv>
                </Word>
                <Word id="tr_2_tl_18_w11" custom="readingOrder {index:10;}">
                    <Coords points="1311,1744 1311,1804 1362,1804 1362,1744"/>
                    <TextEquiv>
                        <Unicode>Ich</Unicode>
                    </TextEquiv>
                </Word>
                <TextEquiv>
                    <Unicode>des Geistes in die neue Staatsform etwas zu tun hat. Ich</Unicode>
                </TextEquiv>
            </TextLine>
            <TextLine id="tr_2_tl_19" custom="readingOrder {index:18;}">
                <Coords points="228,1846 1126,1829 1375,1862 1375,1799 1308,1783 364,1808 228,1776"/>
                <Baseline points="235,1827 292,1827 349,1827 406,1827 463,1827 521,1827 578,1827 635,1830 692,1831 749,1832 807,1830 864,1833 921,1830 978,1830 1035,1830 1093,1830 1150,1829 1207,1827 1264,1830 1321,1828 1379,1833"/>
                <Word id="tr_2_tl_19_w1" custom="readingOrder {index:0;}">
                    <Coords points="236,1787 236,1847 349,1847 349,1787"/>
                    <TextEquiv>
                        <Unicode>laube</Unicode>
                    </TextEquiv>
                </Word>
                <Word id="tr_2_tl_19_w2" custom="readingOrder {index:1;}">
                    <Coords points="374,1787 374,1847 531,1847 531,1787"/>
                    <TextEquiv>
                        <Unicode>nielmehr,</Unicode>
                    </TextEquiv>
                </Word>
                <Word id="tr_2_tl_19_w3" custom="readingOrder {index:2;}">
                    <Coords points="549,1787 549,1847 603,1847 603,1787"/>
                    <TextEquiv>
                        <Unicode>daß</Unicode>
                    </TextEquiv>
                </Word>
                <Word id="tr_2_tl_19_w4" custom="readingOrder {index:3;}">
                    <Coords points="634,1790 634,1850 682,1850 682,1790"/>
                    <TextEquiv>
                        <Unicode>das</Unicode>
                    </TextEquiv>
                </Word>
                <Word id="tr_2_tl_19_w5" custom="readingOrder {index:4;}">
                    <Coords points="713,1790 713,1850 845,1850 845,1790"/>
                    <TextEquiv>
                        <Unicode>amtliche</Unicode>
                    </TextEquiv>
                </Word>
                <Word id="tr_2_tl_19_w6" custom="readingOrder {index:5;}">
                    <Coords points="870,1790 870,1850 1038,1850 1038,1790"/>
                    <TextEquiv>
                        <Unicode>Oesterreich</Unicode>
                    </TextEquiv>
                </Word>
                <Word id="tr_2_tl_19_w7" custom="readingOrder {index:6;}">
                    <Coords points="1070,1790 1070,1850 1081,1850 1081,1790"/>
                    <TextEquiv>
                        <Unicode>—</Unicode>
                    </TextEquiv>
                </Word>
                <Word id="tr_2_tl_19_w8" custom="readingOrder {index:7;}">
                    <Coords points="1136,1789 1136,1849 1160,1849 1160,1789"/>
                    <TextEquiv>
                        <Unicode>im</Unicode>
                    </TextEquiv>
                </Word>
                <Word id="tr_2_tl_19_w9" custom="readingOrder {index:8;}">
                    <Coords points="1202,1789 1202,1849 1365,1849 1365,1789"/>
                    <TextEquiv>
                        <Unicode>Gegensatze</Unicode>
                    </TextEquiv>
                </Word>
                <TextEquiv>
                    <Unicode>laube nielmehr, daß das amtliche Oesterreich — im Gegensatze</Unicode>
                </TextEquiv>
            </TextLine>
            <TextLine id="tr_2_tl_20" custom="readingOrder {index:19;}">
                <Coords points="240,1874 1367,1894 1343,1846 239,1838"/>
                <Baseline points="247,1863 303,1860 359,1861 415,1863 471,1866 527,1866 583,1866 640,1868 696,1872 752,1873 808,1875 864,1875 920,1878 976,1878 1033,1878 1089,1878 1145,1881 1201,1879 1257,1883 1313,1882 1370,1881"/>
                <Word id="tr_2_tl_20_w1" custom="readingOrder {index:0;}">
                    <Coords points="239,1822 239,1882 288,1882 288,1822"/>
                    <TextEquiv>
                        <Unicode>zum</Unicode>
                    </TextEquiv>
                </Word>
                <Word id="tr_2_tl_20_w2" custom="readingOrder {index:1;}">
                    <Coords points="334,1823 334,1883 501,1883 501,1823"/>
                    <TextEquiv>
                        <Unicode>Auslande,</Unicode>
                    </TextEquiv>
                </Word>
                <Word id="tr_2_tl_20_w3" custom="readingOrder {index:2;}">
                    <Coords points="526,1826 526,1886 572,1886 572,1826"/>
                    <TextEquiv>
                        <Unicode>das</Unicode>
                    </TextEquiv>
                </Word>
                <Word id="tr_2_tl_20_w4" custom="readingOrder {index:3;}">
                    <Coords points="608,1827 608,1887 652,1887 652,1827"/>
                    <TextEquiv>
                        <Unicode>von</Unicode>
                    </TextEquiv>
                </Word>
                <Word id="tr_2_tl_20_w5" custom="readingOrder {index:4;}">
                    <Coords points="688,1832 688,1892 774,1892 774,1832"/>
                    <TextEquiv>
                        <Unicode>diesem</Unicode>
                    </TextEquiv>
                </Word>
                <Word id="tr_2_tl_20_w6" custom="readingOrder {index:5;}">
                    <Coords points="815,1835 815,1895 921,1895 921,1835"/>
                    <TextEquiv>
                        <Unicode>großen</Unicode>
                    </TextEquiv>
                </Word>
                <Word id="tr_2_tl_20_w7" custom="readingOrder {index:6;}">
                    <Coords points="951,1838 951,1898 1072,1898 1072,1838"/>
                    <TextEquiv>
                        <Unicode>Verlust</Unicode>
                    </TextEquiv>
                </Word>
                <Word id="tr_2_tl_20_w8" custom="readingOrder {index:7;}">
                    <Coords points="1103,1840 1103,1900 1178,1900 1178,1840"/>
                    <TextEquiv>
                        <Unicode>nicht</Unicode>
                    </TextEquiv>
                </Word>
                <Word id="tr_2_tl_20_w9" custom="readingOrder {index:8;}">
                    <Coords points="1204,1842 1204,1902 1295,1902 1295,1842"/>
                    <TextEquiv>
                        <Unicode>direkt</Unicode>
                    </TextEquiv>
                </Word>
                <Word id="tr_2_tl_20_w10" custom="readingOrder {index:9;}">
                    <Coords points="1320,1841 1320,1901 1365,1901 1365,1841"/>
                    <TextEquiv>
                        <Unicode>be¬</Unicode>
                    </TextEquiv>
                </Word>
                <TextEquiv>
                    <Unicode>zum Auslande, das von diesem großen Verlust nicht direkt be¬</Unicode>
                </TextEquiv>
            </TextLine>
            <TextLine id="tr_2_tl_21" custom="readingOrder {index:20;}">
                <Coords points="236,1902 1367,1936 1310,1885 236,1874"/>
                <Baseline points="244,1899 300,1902 356,1903 412,1907 469,1905 525,1908 581,1910 638,1911 694,1914 750,1915 807,1917 863,1917 919,1920 975,1920 1032,1922 1088,1923 1144,1923 1201,1924 1257,1926 1313,1926 1370,1926"/>
                <Word id="tr_2_tl_21_w1" custom="readingOrder {index:0;}">
                    <Coords points="236,1861 236,1921 341,1921 341,1861"/>
                    <TextEquiv>
                        <Unicode>troffen</Unicode>
                    </TextEquiv>
                </Word>
                <Word id="tr_2_tl_21_w2" custom="readingOrder {index:1;}">
                    <Coords points="379,1865 379,1925 410,1925 410,1865"/>
                    <TextEquiv>
                        <Unicode>ist</Unicode>
                    </TextEquiv>
                </Word>
                <Word id="tr_2_tl_21_w3" custom="readingOrder {index:2;}">
                    <Coords points="443,1865 443,1925 453,1925 453,1865"/>
                    <TextEquiv>
                        <Unicode>—</Unicode>
                    </TextEquiv>
                </Word>
                <Word id="tr_2_tl_21_w4" custom="readingOrder {index:3;}">
                    <Coords points="511,1868 511,1928 564,1928 564,1868"/>
                    <TextEquiv>
                        <Unicode>von</Unicode>
                    </TextEquiv>
                </Word>
                <Word id="tr_2_tl_21_w5" custom="readingOrder {index:4;}">
                    <Coords points="601,1870 601,1930 649,1930 649,1870"/>
                    <TextEquiv>
                        <Unicode>dem</Unicode>
                    </TextEquiv>
                </Word>
                <Word id="tr_2_tl_21_w6" custom="readingOrder {index:5;}">
                    <Coords points="697,1874 697,1934 723,1934 723,1874"/>
                    <TextEquiv>
                        <Unicode>so</Unicode>
                    </TextEquiv>
                </Word>
                <Word id="tr_2_tl_21_w7" custom="readingOrder {index:6;}">
                    <Coords points="756,1877 756,1937 914,1937 914,1877"/>
                    <TextEquiv>
                        <Unicode>plötzlichen</Unicode>
                    </TextEquiv>
                </Word>
                <Word id="tr_2_tl_21_w8" custom="readingOrder {index:7;}">
                    <Coords points="946,1881 946,1941 1110,1941 1110,1881"/>
                    <TextEquiv>
                        <Unicode>Heimgang</Unicode>
                    </TextEquiv>
                </Word>
                <Word id="tr_2_tl_21_w9" custom="readingOrder {index:8;}">
                    <Coords points="1148,1883 1148,1943 1195,1943 1195,1883"/>
                    <TextEquiv>
                        <Unicode>des</Unicode>
                    </TextEquiv>
                </Word>
                <Word id="tr_2_tl_21_w10" custom="readingOrder {index:9;}">
                    <Coords points="1228,1886 1228,1946 1359,1946 1359,1886"/>
                    <TextEquiv>
                        <Unicode>Dichters</Unicode>
                    </TextEquiv>
                </Word>
                <TextEquiv>
                    <Unicode>troffen ist — von dem so plötzlichen Heimgang des Dichters</Unicode>
                </TextEquiv>
            </TextLine>
            <TextLine id="tr_2_tl_22" custom="readingOrder {index:21;}">
                <Coords points="246,1959 1328,1982 1364,1935 245,1906"/>
                <Baseline points="253,1944 308,1945 364,1947 420,1947 475,1950 531,1951 587,1953 642,1953 698,1956 754,1957 810,1959 865,1961 921,1962 977,1962 1032,1963 1088,1965 1144,1965 1199,1965 1255,1966 1311,1968 1367,1971"/>
                <Word id="tr_2_tl_22_w1" custom="readingOrder {index:0;}">
                    <Coords points="240,1904 240,1964 337,1964 337,1904"/>
                    <TextEquiv>
                        <Unicode>seelisch</Unicode>
                    </TextEquiv>
                </Word>
                <Word id="tr_2_tl_22_w2" custom="readingOrder {index:1;}">
                    <Coords points="369,1907 369,1967 419,1967 419,1907"/>
                    <TextEquiv>
                        <Unicode>und</Unicode>
                    </TextEquiv>
                </Word>
                <Word id="tr_2_tl_22_w3" custom="readingOrder {index:2;}">
                    <Coords points="441,1910 441,1970 595,1970 595,1910"/>
                    <TextEquiv>
                        <Unicode>körperlich</Unicode>
                    </TextEquiv>
                </Word>
                <Word id="tr_2_tl_22_w4" custom="readingOrder {index:3;}">
                    <Coords points="621,1915 621,1975 760,1975 760,1915"/>
                    <TextEquiv>
                        <Unicode>furchtbar</Unicode>
                    </TextEquiv>
                </Word>
                <Word id="tr_2_tl_22_w5" custom="readingOrder {index:4;}">
                    <Coords points="781,1920 781,1980 945,1980 945,1920"/>
                    <TextEquiv>
                        <Unicode>erschüttert</Unicode>
                    </TextEquiv>
                </Word>
                <Word id="tr_2_tl_22_w6" custom="readingOrder {index:5;}">
                    <Coords points="966,1922 966,1982 1017,1982 1017,1922"/>
                    <TextEquiv>
                        <Unicode>und</Unicode>
                    </TextEquiv>
                </Word>
                <Word id="tr_2_tl_22_w7" custom="readingOrder {index:6;}">
                    <Coords points="1044,1924 1044,1984 1095,1984 1095,1924"/>
                    <TextEquiv>
                        <Unicode>aus</Unicode>
                    </TextEquiv>
                </Word>
                <Word id="tr_2_tl_22_w8" custom="readingOrder {index:7;}">
                    <Coords points="1121,1925 1121,1985 1203,1985 1203,1925"/>
                    <TextEquiv>
                        <Unicode>diesem</Unicode>
                    </TextEquiv>
                </Word>
                <Word id="tr_2_tl_22_w9" custom="readingOrder {index:8;}">
                    <Coords points="1240,1927 1240,1987 1357,1987 1357,1927"/>
                    <TextEquiv>
                        <Unicode>Grunde</Unicode>
                    </TextEquiv>
                </Word>
                <TextEquiv>
                    <Unicode>seelisch und körperlich furchtbar erschüttert und aus diesem Grunde</Unicode>
                </TextEquiv>
            </TextLine>
            <TextLine id="tr_2_tl_23" custom="readingOrder {index:22;}">
                <Coords points="230,1992 1338,2025 1361,1972 229,1961"/>
                <Baseline points="238,1985 294,1986 350,1989 406,1991 463,1991 519,1992 575,1994 632,1994 688,1994 744,1998 801,2000 857,2002 913,2003 969,2003 1026,2005 1082,2006 1138,2006 1195,2007 1251,2009 1307,2009 1364,2009"/>
                <Word id="tr_2_tl_23_w1" custom="readingOrder {index:0;}">
                    <Coords points="234,1945 234,2005 297,2005 297,1945"/>
                    <TextEquiv>
                        <Unicode>noch</Unicode>
                    </TextEquiv>
                </Word>
                <Word id="tr_2_tl_23_w2" custom="readingOrder {index:1;}">
                    <Coords points="329,1950 329,2010 429,2010 429,1950"/>
                    <TextEquiv>
                        <Unicode>immer</Unicode>
                    </TextEquiv>
                </Word>
                <Word id="tr_2_tl_23_w3" custom="readingOrder {index:2;}">
                    <Coords points="461,1951 461,2011 482,2011 482,1951"/>
                    <TextEquiv>
                        <Unicode>in</Unicode>
                    </TextEquiv>
                </Word>
                <Word id="tr_2_tl_23_w4" custom="readingOrder {index:3;}">
                    <Coords points="520,1954 520,2014 735,2014 735,1954"/>
                    <TextEquiv>
                        <Unicode>pietätvollstes,</Unicode>
                    </TextEquiv>
                </Word>
                <Word id="tr_2_tl_23_w5" custom="readingOrder {index:4;}">
                    <Coords points="757,1960 757,2020 862,2020 862,1960"/>
                    <TextEquiv>
                        <Unicode>tiefstes</Unicode>
                    </TextEquiv>
                </Word>
                <Word id="tr_2_tl_23_w6" custom="readingOrder {index:5;}">
                    <Coords points="895,1963 895,2023 1052,2023 1052,1963"/>
                    <TextEquiv>
                        <Unicode>Schweigen</Unicode>
                    </TextEquiv>
                </Word>
                <Word id="tr_2_tl_23_w7" custom="readingOrder {index:6;}">
                    <Coords points="1090,1966 1090,2026 1200,2026 1200,1966"/>
                    <TextEquiv>
                        <Unicode>gehüllt</Unicode>
                    </TextEquiv>
                </Word>
                <Word id="tr_2_tl_23_w8" custom="readingOrder {index:7;}">
                    <Coords points="1222,1968 1222,2028 1269,2028 1269,1968"/>
                    <TextEquiv>
                        <Unicode>ist.</Unicode>
                    </TextEquiv>
                </Word>
                <Word id="tr_2_tl_23_w9" custom="readingOrder {index:8;}">
                    <Coords points="1296,1969 1296,2029 1353,2029 1353,1969"/>
                    <TextEquiv>
                        <Unicode>Und</Unicode>
                    </TextEquiv>
                </Word>
                <TextEquiv>
                    <Unicode>noch immer in pietätvollstes, tiefstes Schweigen gehüllt ist. Und</Unicode>
                </TextEquiv>
            </TextLine>
            <TextLine id="tr_2_tl_24" custom="readingOrder {index:23;}">
                <Coords points="232,2037 1277,2070 1368,2062 1368,2025 230,1994"/>
                <Baseline points="238,2024 294,2028 351,2032 407,2033 464,2033 521,2034 577,2036 634,2038 690,2039 747,2039 804,2041 860,2045 917,2045 973,2045 1030,2047 1087,2048 1143,2048 1200,2048 1256,2050 1313,2051 1370,2051"/>
                <Word id="tr_2_tl_24_w1" custom="readingOrder {index:0;}">
                    <Coords points="235,1987 235,2047 329,2047 329,1987"/>
                    <TextEquiv>
                        <Unicode>mehr,</Unicode>
                    </TextEquiv>
                </Word>
                <Word id="tr_2_tl_24_w2" custom="readingOrder {index:1;}">
                    <Coords points="350,1992 350,2052 374,2052 374,1992"/>
                    <TextEquiv>
                        <Unicode>so</Unicode>
                    </TextEquiv>
                </Word>
                <Word id="tr_2_tl_24_w3" custom="readingOrder {index:2;}">
                    <Coords points="400,1993 400,2053 506,2053 506,1993"/>
                    <TextEquiv>
                        <Unicode>glaube</Unicode>
                    </TextEquiv>
                </Word>
                <Word id="tr_2_tl_24_w4" custom="readingOrder {index:3;}">
                    <Coords points="526,1995 526,2055 581,2055 581,1995"/>
                    <TextEquiv>
                        <Unicode>ich,</Unicode>
                    </TextEquiv>
                </Word>
                <Word id="tr_2_tl_24_w5" custom="readingOrder {index:4;}">
                    <Coords points="602,1998 602,2058 677,2058 677,1998"/>
                    <TextEquiv>
                        <Unicode>kann</Unicode>
                    </TextEquiv>
                </Word>
                <Word id="tr_2_tl_24_w6" custom="readingOrder {index:5;}">
                    <Coords points="708,1999 708,2059 767,2059 767,1999"/>
                    <TextEquiv>
                        <Unicode>man</Unicode>
                    </TextEquiv>
                </Word>
                <Word id="tr_2_tl_24_w7" custom="readingOrder {index:6;}">
                    <Coords points="804,2002 804,2062 853,2062 853,2002"/>
                    <TextEquiv>
                        <Unicode>vom</Unicode>
                    </TextEquiv>
                </Word>
                <Word id="tr_2_tl_24_w8" custom="readingOrder {index:7;}">
                    <Coords points="894,2005 894,2065 1039,2065 1039,2005"/>
                    <TextEquiv>
                        <Unicode>amtlichen</Unicode>
                    </TextEquiv>
                </Word>
                <Word id="tr_2_tl_24_w9" custom="readingOrder {index:8;}">
                    <Coords points="1070,2008 1070,2068 1236,2068 1236,2008"/>
                    <TextEquiv>
                        <Unicode>Oesterreich</Unicode>
                    </TextEquiv>
                </Word>
                <Word id="tr_2_tl_24_w10" custom="readingOrder {index:9;}">
                    <Coords points="1266,2010 1266,2070 1341,2070 1341,2010"/>
                    <TextEquiv>
                        <Unicode>einem</Unicode>
                    </TextEquiv>
                </Word>
                <TextEquiv>
                    <Unicode>mehr, so glaube ich, kann man vom amtlichen Oesterreich einem</Unicode>
                </TextEquiv>
            </TextLine>
            <TextLine id="tr_2_tl_25" custom="readingOrder {index:24;}">
                <Coords points="233,2075 1337,2111 1357,2060 232,2037"/>
                <Baseline points="241,2072 297,2070 353,2073 409,2075 465,2078 521,2078 577,2078 633,2078 689,2081 745,2082 801,2084 857,2084 913,2087 969,2088 1025,2090 1081,2090 1137,2093 1193,2093 1249,2093 1305,2093 1361,2093"/>
                <Word id="tr_2_tl_25_w1" custom="readingOrder {index:0;}">
                    <Coords points="232,2031 232,2091 303,2091 303,2031"/>
                    <TextEquiv>
                        <Unicode>toten</Unicode>
                    </TextEquiv>
                </Word>
                <Word id="tr_2_tl_25_w2" custom="readingOrder {index:1;}">
                    <Coords points="330,2034 330,2094 442,2094 442,2034"/>
                    <TextEquiv>
                        <Unicode>Dichter</Unicode>
                    </TextEquiv>
                </Word>
                <Word id="tr_2_tl_25_w3" custom="readingOrder {index:2;}">
                    <Coords points="469,2038 469,2098 623,2098 623,2038"/>
                    <TextEquiv>
                        <Unicode>gegenüber</Unicode>
                    </TextEquiv>
                </Word>
                <Word id="tr_2_tl_25_w4" custom="readingOrder {index:3;}">
                    <Coords points="650,2040 650,2100 721,2100 721,2040"/>
                    <TextEquiv>
                        <Unicode>nicht</Unicode>
                    </TextEquiv>
                </Word>
                <Word id="tr_2_tl_25_w5" custom="readingOrder {index:4;}">
                    <Coords points="743,2044 743,2104 907,2104 907,2044"/>
                    <TextEquiv>
                        <Unicode>verlangen.</Unicode>
                    </TextEquiv>
                </Word>
                <Word id="tr_2_tl_25_w6" custom="readingOrder {index:5;}">
                    <Coords points="928,2048 928,2108 1026,2108 1026,2048"/>
                    <TextEquiv>
                        <Unicode>Bitte,</Unicode>
                    </TextEquiv>
                </Word>
                <Word id="tr_2_tl_25_w7" custom="readingOrder {index:6;}">
                    <Coords points="1042,2050 1042,2110 1098,2110 1098,2050"/>
                    <TextEquiv>
                        <Unicode>sind</Unicode>
                    </TextEquiv>
                </Word>
                <Word id="tr_2_tl_25_w8" custom="readingOrder {index:7;}">
                    <Coords points="1119,2053 1119,2113 1176,2113 1176,2053"/>
                    <TextEquiv>
                        <Unicode>Sie</Unicode>
                    </TextEquiv>
                </Word>
                <Word id="tr_2_tl_25_w9" custom="readingOrder {index:8;}">
                    <Coords points="1197,2053 1197,2113 1263,2113 1263,2053"/>
                    <TextEquiv>
                        <Unicode>aber</Unicode>
                    </TextEquiv>
                </Word>
                <Word id="tr_2_tl_25_w10" custom="readingOrder {index:9;}">
                    <Coords points="1290,2053 1290,2113 1356,2113 1356,2053"/>
                    <TextEquiv>
                        <Unicode>recht</Unicode>
                    </TextEquiv>
                </Word>
                <TextEquiv>
                    <Unicode>toten Dichter gegenüber nicht verlangen. Bitte, sind Sie aber recht</Unicode>
                </TextEquiv>
            </TextLine>
            <TextLine id="tr_2_tl_26" custom="readingOrder {index:25;}">
                <Coords points="233,2118 1361,2150 1360,2105 1275,2094 233,2075"/>
                <Baseline points="241,2114 297,2112 353,2115 409,2117 465,2117 521,2120 577,2120 634,2122 690,2123 746,2124 802,2126 858,2126 914,2129 970,2129 1027,2131 1083,2132 1139,2132 1195,2133 1251,2135 1307,2135 1364,2135"/>
                <Word id="tr_2_tl_26_w1" custom="readingOrder {index:0;}">
                    <Coords points="233,2072 233,2132 393,2132 393,2072"/>
                    <TextEquiv>
                        <Unicode>vorsichtig,</Unicode>
                    </TextEquiv>
                </Word>
                <Word id="tr_2_tl_26_w2" custom="readingOrder {index:1;}">
                    <Coords points="419,2078 419,2138 579,2138 579,2078"/>
                    <TextEquiv>
                        <Unicode>erschrecken</Unicode>
                    </TextEquiv>
                </Word>
                <Word id="tr_2_tl_26_w3" custom="readingOrder {index:2;}">
                    <Coords points="615,2082 615,2142 664,2142 664,2082"/>
                    <TextEquiv>
                        <Unicode>Sie</Unicode>
                    </TextEquiv>
                </Word>
                <Word id="tr_2_tl_26_w4" custom="readingOrder {index:3;}">
                    <Coords points="695,2084 695,2144 806,2144 806,2084"/>
                    <TextEquiv>
                        <Unicode>unseren</Unicode>
                    </TextEquiv>
                </Word>
                <Word id="tr_2_tl_26_w5" custom="readingOrder {index:4;}">
                    <Coords points="842,2089 842,2149 1052,2149 1052,2089"/>
                    <TextEquiv>
                        <Unicode>aomplizierten</Unicode>
                    </TextEquiv>
                </Word>
                <Word id="tr_2_tl_26_w6" custom="readingOrder {index:5;}">
                    <Coords points="1088,2093 1088,2153 1349,2153 1349,2093"/>
                    <TextEquiv>
                        <Unicode>bureaukratischen</Unicode>
                    </TextEquiv>
                </Word>
                <TextEquiv>
                    <Unicode>vorsichtig, erschrecken Sie unseren aomplizierten bureaukratischen</Unicode>
                </TextEquiv>
            </TextLine>
            <TextLine id="tr_2_tl_27" custom="readingOrder {index:26;}">
                <Coords points="230,2157 1357,2193 1344,2141 229,2121"/>
                <Baseline points="238,2153 294,2154 350,2157 406,2159 462,2159 518,2162 574,2162 631,2164 687,2165 743,2168 799,2168 855,2168 911,2171 967,2172 1024,2174 1080,2176 1136,2177 1192,2177 1248,2177 1304,2179 1361,2183"/>
                <Word id="tr_2_tl_27_w1" custom="readingOrder {index:0;}">
                    <Coords points="234,2116 234,2176 464,2176 464,2116"/>
                    <TextEquiv>
                        <Unicode>Staatsapparat</Unicode>
                    </TextEquiv>
                </Word>
                <Word id="tr_2_tl_27_w2" custom="readingOrder {index:1;}">
                    <Coords points="490,2121 490,2181 515,2181 515,2121"/>
                    <TextEquiv>
                        <Unicode>im</Unicode>
                    </TextEquiv>
                </Word>
                <Word id="tr_2_tl_27_w3" custom="readingOrder {index:2;}">
                    <Coords points="561,2124 561,2184 721,2184 721,2124"/>
                    <TextEquiv>
                        <Unicode>Ausdrucke</Unicode>
                    </TextEquiv>
                </Word>
                <Word id="tr_2_tl_27_w4" custom="readingOrder {index:3;}">
                    <Coords points="747,2128 747,2188 832,2188 832,2128"/>
                    <TextEquiv>
                        <Unicode>seines</Unicode>
                    </TextEquiv>
                </Word>
                <Word id="tr_2_tl_27_w5" custom="readingOrder {index:4;}">
                    <Coords points="863,2131 863,2191 1043,2191 1043,2131"/>
                    <TextEquiv>
                        <Unicode>namenlosen</Unicode>
                    </TextEquiv>
                </Word>
                <Word id="tr_2_tl_27_w6" custom="readingOrder {index:5;}">
                    <Coords points="1074,2137 1074,2197 1240,2197 1240,2137"/>
                    <TextEquiv>
                        <Unicode>Schmerzes</Unicode>
                    </TextEquiv>
                </Word>
                <Word id="tr_2_tl_27_w7" custom="readingOrder {index:6;}">
                    <Coords points="1275,2139 1275,2199 1360,2199 1360,2139"/>
                    <TextEquiv>
                        <Unicode>nicht,</Unicode>
                    </TextEquiv>
                </Word>
                <TextEquiv>
                    <Unicode>Staatsapparat im Ausdrucke seines namenlosen Schmerzes nicht,</Unicode>
                </TextEquiv>
            </TextLine>
            <TextLine id="tr_2_tl_28" custom="readingOrder {index:27;}">
                <Coords points="233,2200 1361,2224 1360,2191 1260,2178 232,2154"/>
                <Baseline points="241,2194 297,2195 353,2198 409,2200 465,2200 521,2203 577,2204 634,2206 690,2206 746,2209 802,2209 858,2211 914,2212 970,2213 1027,2215 1083,2217 1139,2218 1195,2218 1251,2220 1307,2221 1364,2221"/>
                <Word id="tr_2_tl_28_w1" custom="readingOrder {index:0;}">
                    <Coords points="232,2154 232,2214 324,2214 324,2154"/>
                    <TextEquiv>
                        <Unicode>damit</Unicode>
                    </TextEquiv>
                </Word>
                <Word id="tr_2_tl_28_w2" custom="readingOrder {index:1;}">
                    <Coords points="345,2158 345,2218 401,2218 401,2158"/>
                    <TextEquiv>
                        <Unicode>kein</Unicode>
                    </TextEquiv>
                </Word>
                <Word id="tr_2_tl_28_w3" custom="readingOrder {index:2;}">
                    <Coords points="433,2161 433,2221 556,2221 556,2161"/>
                    <TextEquiv>
                        <Unicode>Unglück</Unicode>
                    </TextEquiv>
                </Word>
                <Word id="tr_2_tl_28_w4" custom="readingOrder {index:3;}">
                    <Coords points="582,2166 582,2226 731,2226 731,2166"/>
                    <TextEquiv>
                        <Unicode>geschieht.</Unicode>
                    </TextEquiv>
                </Word>
                <Word id="tr_2_tl_28_w5" custom="readingOrder {index:4;}">
                    <Coords points="747,2169 747,2229 808,2229 808,2169"/>
                    <TextEquiv>
                        <Unicode>Der</Unicode>
                    </TextEquiv>
                </Word>
                <Word id="tr_2_tl_28_w6" custom="readingOrder {index:5;}">
                    <Coords points="834,2171 834,2231 890,2231 890,2171"/>
                    <TextEquiv>
                        <Unicode>eine</Unicode>
                    </TextEquiv>
                </Word>
                <Word id="tr_2_tl_28_w7" custom="readingOrder {index:6;}">
                    <Coords points="917,2173 917,2233 1029,2233 1029,2173"/>
                    <TextEquiv>
                        <Unicode>braucht</Unicode>
                    </TextEquiv>
                </Word>
                <Word id="tr_2_tl_28_w8" custom="readingOrder {index:7;}">
                    <Coords points="1056,2177 1056,2237 1220,2237 1220,2177"/>
                    <TextEquiv>
                        <Unicode>jemanden,</Unicode>
                    </TextEquiv>
                </Word>
                <Word id="tr_2_tl_28_w9" custom="readingOrder {index:8;}">
                    <Coords points="1241,2180 1241,2240 1282,2240 1282,2180"/>
                    <TextEquiv>
                        <Unicode>dem</Unicode>
                    </TextEquiv>
                </Word>
                <Word id="tr_2_tl_28_w10" custom="readingOrder {index:9;}">
                    <Coords points="1324,2181 1324,2241 1349,2241 1349,2181"/>
                    <TextEquiv>
                        <Unicode>er</Unicode>
                    </TextEquiv>
                </Word>
                <TextEquiv>
                    <Unicode>damit kein Unglück geschieht. Der eine braucht jemanden, dem er</Unicode>
                </TextEquiv>
            </TextLine>
            <TextLine id="tr_2_tl_29" custom="readingOrder {index:28;}">
                <Coords points="235,2246 1311,2277 1361,2266 1360,2224 233,2200"/>
                <Baseline points="241,2239 297,2239 353,2240 409,2242 465,2242 521,2245 577,2246 634,2248 690,2248 746,2251 802,2251 858,2251 914,2254 970,2257 1027,2259 1083,2260 1139,2260 1195,2260 1251,2262 1307,2263 1364,2266"/>
                <Word id="tr_2_tl_29_w1" custom="readingOrder {index:0;}">
                    <Coords points="228,2199 228,2259 270,2259 270,2199"/>
                    <TextEquiv>
                        <Unicode>sich</Unicode>
                    </TextEquiv>
                </Word>
                <Word id="tr_2_tl_29_w2" custom="readingOrder {index:1;}">
                    <Coords points="297,2200 297,2260 413,2260 413,2200"/>
                    <TextEquiv>
                        <Unicode>sogleich</Unicode>
                    </TextEquiv>
                </Word>
                <Word id="tr_2_tl_29_w3" custom="readingOrder {index:2;}">
                    <Coords points="440,2204 440,2264 572,2264 572,2204"/>
                    <TextEquiv>
                        <Unicode>mitteilen</Unicode>
                    </TextEquiv>
                </Word>
                <Word id="tr_2_tl_29_w4" custom="readingOrder {index:3;}">
                    <Coords points="605,2208 605,2268 689,2268 689,2208"/>
                    <TextEquiv>
                        <Unicode>muß,</Unicode>
                    </TextEquiv>
                </Word>
                <Word id="tr_2_tl_29_w5" custom="readingOrder {index:4;}">
                    <Coords points="711,2210 711,2270 753,2270 753,2210"/>
                    <TextEquiv>
                        <Unicode>der</Unicode>
                    </TextEquiv>
                </Word>
                <Word id="tr_2_tl_29_w6" custom="readingOrder {index:5;}">
                    <Coords points="775,2211 775,2271 875,2271 875,2211"/>
                    <TextEquiv>
                        <Unicode>andere</Unicode>
                    </TextEquiv>
                </Word>
                <Word id="tr_2_tl_29_w7" custom="readingOrder {index:6;}">
                    <Coords points="902,2215 902,2275 981,2275 981,2215"/>
                    <TextEquiv>
                        <Unicode>trägt</Unicode>
                    </TextEquiv>
                </Word>
                <Word id="tr_2_tl_29_w8" custom="readingOrder {index:7;}">
                    <Coords points="1004,2219 1004,2279 1056,2279 1056,2219"/>
                    <TextEquiv>
                        <Unicode>sein</Unicode>
                    </TextEquiv>
                </Word>
                <Word id="tr_2_tl_29_w9" custom="readingOrder {index:8;}">
                    <Coords points="1083,2220 1083,2280 1183,2280 1183,2220"/>
                    <TextEquiv>
                        <Unicode>großes</Unicode>
                    </TextEquiv>
                </Word>
                <Word id="tr_2_tl_29_w10" custom="readingOrder {index:9;}">
                    <Coords points="1211,2221 1211,2281 1274,2281 1274,2221"/>
                    <TextEquiv>
                        <Unicode>Leid</Unicode>
                    </TextEquiv>
                </Word>
                <Word id="tr_2_tl_29_w11" custom="readingOrder {index:10;}">
                    <Coords points="1301,2224 1301,2284 1353,2284 1353,2224"/>
                    <TextEquiv>
                        <Unicode>mit</Unicode>
                    </TextEquiv>
                </Word>
                <TextEquiv>
                    <Unicode>sich sogleich mitteilen muß, der andere trägt sein großes Leid mit</Unicode>
                </TextEquiv>
            </TextLine>
            <TextLine id="tr_2_tl_30" custom="readingOrder {index:29;}">
                <Coords points="229,2342 1003,2344 1345,2320 1344,2269 226,2247"/>
                <Baseline points="235,2281 290,2282 346,2285 402,2287 457,2287 513,2290 569,2290 624,2292 680,2293 736,2293 792,2294 847,2296 903,2299 959,2299 1014,2300 1070,2304 1126,2305 1181,2305 1237,2305 1293,2305 1349,2308"/>
                <Word id="tr_2_tl_30_w1" custom="readingOrder {index:0;}">
                    <Coords points="234,2242 234,2302 347,2302 347,2242"/>
                    <TextEquiv>
                        <Unicode>Würde</Unicode>
                    </TextEquiv>
                </Word>
                <Word id="tr_2_tl_30_w2" custom="readingOrder {index:1;}">
                    <Coords points="367,2247 367,2307 451,2307 451,2247"/>
                    <TextEquiv>
                        <Unicode>stumm</Unicode>
                    </TextEquiv>
                </Word>
                <Word id="tr_2_tl_30_w3" custom="readingOrder {index:2;}">
                    <Coords points="480,2249 480,2309 536,2309 536,2249"/>
                    <TextEquiv>
                        <Unicode>und</Unicode>
                    </TextEquiv>
                </Word>
                <Word id="tr_2_tl_30_w4" custom="readingOrder {index:3;}">
                    <Coords points="556,2250 556,2310 603,2310 603,2250"/>
                    <TextEquiv>
                        <Unicode>für</Unicode>
                    </TextEquiv>
                </Word>
                <Word id="tr_2_tl_30_w5" custom="readingOrder {index:4;}">
                    <Coords points="624,2252 624,2312 670,2312 670,2252"/>
                    <TextEquiv>
                        <Unicode>sich</Unicode>
                    </TextEquiv>
                </Word>
                <Word id="tr_2_tl_30_w6" custom="readingOrder {index:5;}">
                    <Coords points="690,2253 690,2313 793,2313 793,2253"/>
                    <TextEquiv>
                        <Unicode>allein.</Unicode>
                    </TextEquiv>
                </Word>
                <Word id="tr_2_tl_30_w7" custom="readingOrder {index:6;}">
                    <Coords points="813,2257 813,2317 925,2317 925,2257"/>
                    <TextEquiv>
                        <Unicode>Letztere</Unicode>
                    </TextEquiv>
                </Word>
                <Word id="tr_2_tl_30_w8" custom="readingOrder {index:7;}">
                    <Coords points="936,2259 936,2319 1021,2319 1021,2259"/>
                    <TextEquiv>
                        <Unicode>sollen</Unicode>
                    </TextEquiv>
                </Word>
                <Word id="tr_2_tl_30_w9" custom="readingOrder {index:8;}">
                    <Coords points="1051,2263 1051,2323 1087,2323 1087,2263"/>
                    <TextEquiv>
                        <Unicode>die</Unicode>
                    </TextEquiv>
                </Word>
                <Word id="tr_2_tl_30_w10" custom="readingOrder {index:9;}">
                    <Coords points="1107,2265 1107,2325 1239,2325 1239,2265"/>
                    <TextEquiv>
                        <Unicode>größeren</Unicode>
                    </TextEquiv>
                </Word>
                <Word id="tr_2_tl_30_w11" custom="readingOrder {index:10;}">
                    <Coords points="1259,2265 1259,2325 1333,2325 1333,2265"/>
                    <TextEquiv>
                        <Unicode>sein.</Unicode>
                    </TextEquiv>
                </Word>
                <TextEquiv>
                    <Unicode>Würde stumm und für sich allein. Letztere sollen die größeren sein.</Unicode>
                </TextEquiv>
            </TextLine>
            <TextLine id="tr_2_tl_31" custom="readingOrder {index:30;}">
                <Coords points="414,2897 1254,2894 1255,2808 700,2790 414,2834"/>
                <Baseline points="421,2878 462,2880 504,2884 546,2884 588,2884 630,2881 671,2878 713,2873 755,2877 797,2880 839,2877 880,2875 922,2877 964,2877 1006,2875 1048,2875 1089,2875 1131,2874 1173,2871 1215,2866 1257,2866"/>
                <Word id="tr_2_tl_31_w1" custom="readingOrder {index:0;}">
                    <Coords points="428,2837 428,2897 1225,2897 1225,2837"/>
                    <TextEquiv>
                        <Unicode>OBSERVER“</Unicode>
                    </TextEquiv>
                </Word>
                <TextEquiv>
                    <Unicode>OBSERVER“</Unicode>
                </TextEquiv>
            </TextLine>
            <TextLine id="tr_2_tl_32" custom="readingOrder {index:31;}">
                <Coords points="517,2948 1119,2943 1155,2935 1156,2898 518,2903"/>
                <Baseline points="525,2941 556,2940 588,2940 619,2938 651,2938 683,2937 714,2935 746,2935 778,2937 809,2937 841,2935 873,2933 904,2932 936,2932 968,2932 999,2932 1031,2932 1063,2932 1094,2930 1126,2929 1158,2929"/>
                <Word id="tr_2_tl_32_w1" custom="readingOrder {index:0;}">
                    <Coords points="511,2901 511,2961 533,2961 533,2901"/>
                    <TextEquiv>
                        <Unicode>I.</Unicode>
                    </TextEquiv>
                </Word>
                <Word id="tr_2_tl_32_w2" custom="readingOrder {index:1;}">
                    <Coords points="547,2898 547,2958 668,2958 668,2898"/>
                    <TextEquiv>
                        <Unicode>österr.</Unicode>
                    </TextEquiv>
                </Word>
                <Word id="tr_2_tl_32_w3" custom="readingOrder {index:2;}">
                    <Coords points="678,2895 678,2955 830,2955 830,2895"/>
                    <TextEquiv>
                        <Unicode>behördl.</Unicode>
                    </TextEquiv>
                </Word>
                <Word id="tr_2_tl_32_w4" custom="readingOrder {index:3;}">
                    <Coords points="840,2892 840,2952 1151,2952 1151,2892"/>
                    <TextEquiv>
                        <Unicode>konzessioniertes</Unicode>
                    </TextEquiv>
                </Word>
                <TextEquiv>
                    <Unicode>I. österr. behördl. konzessioniertes</Unicode>
                </TextEquiv>
            </TextLine>
            <TextLine id="tr_2_tl_33" custom="readingOrder {index:32;}">
                <Coords points="464,2991 1085,2977 1207,3006 1208,2937 464,2938"/>
                <Baseline points="471,2980 507,2980 544,2980 581,2980 618,2980 655,2980 692,2980 729,2979 766,2977 803,2977 840,2977 876,2977 913,2977 950,2976 987,2974 1024,2974 1061,2974 1098,2972 1135,2971 1172,2970 1209,2968"/>
                <Word id="tr_2_tl_33_w1" custom="readingOrder {index:0;}">
                    <Coords points="467,2940 467,3000 703,3000 703,2940"/>
                    <TextEquiv>
                        <Unicode>Unternehmen</Unicode>
                    </TextEquiv>
                </Word>
                <Word id="tr_2_tl_33_w2" custom="readingOrder {index:1;}">
                    <Coords points="730,2937 730,2997 780,2997 780,2937"/>
                    <TextEquiv>
                        <Unicode>für</Unicode>
                    </TextEquiv>
                </Word>
                <Word id="tr_2_tl_33_w3" custom="readingOrder {index:2;}">
                    <Coords points="808,2934 808,2994 1194,2994 1194,2934"/>
                    <TextEquiv>
                        <Unicode>Zeitungs-Ausschnitte</Unicode>
                    </TextEquiv>
                </Word>
                <TextEquiv>
                    <Unicode>Unternehmen für Zeitungs-Ausschnitte</Unicode>
                </TextEquiv>
            </TextLine>
            <TextLine id="tr_2_tl_34" custom="readingOrder {index:33;}">
                <Coords points="527,3050 1151,3050 1151,2994 1093,2980 527,2997"/>
                <Baseline points="534,3043 565,3041 596,3040 627,3041 658,3043 689,3041 720,3040 751,3040 782,3038 813,3037 844,3037 875,3037 906,3037 937,3037 968,3037 999,3037 1030,3037 1061,3037 1092,3037 1123,3036 1155,3034"/>
                <Word id="tr_2_tl_34_w1" custom="readingOrder {index:0;}">
                    <Coords points="530,3000 530,3060 671,3060 671,3000"/>
                    <TextEquiv>
                        <Unicode>WIEN,</Unicode>
                    </TextEquiv>
                </Word>
                <Word id="tr_2_tl_34_w2" custom="readingOrder {index:1;}">
                    <Coords points="699,3000 699,3060 746,3060 746,3000"/>
                    <TextEquiv>
                        <Unicode>I.,</Unicode>
                    </TextEquiv>
                </Word>
                <Word id="tr_2_tl_34_w3" custom="readingOrder {index:2;}">
                    <Coords points="767,2997 767,3057 1057,3057 1057,2997"/>
                    <TextEquiv>
                        <Unicode>WOLLZEILE</Unicode>
                    </TextEquiv>
                </Word>
                <Word id="tr_2_tl_34_w4" custom="readingOrder {index:3;}">
                    <Coords points="1099,2996 1099,3056 1145,3056 1145,2996"/>
                    <TextEquiv>
                        <Unicode>11</Unicode>
                    </TextEquiv>
                </Word>
                <TextEquiv>
                    <Unicode>WIEN, I., WOLLZEILE 11</Unicode>
                </TextEquiv>
            </TextLine>
            <TextLine id="tr_2_tl_35" custom="readingOrder {index:34;}">
                <Coords points="615,3099 1073,3096 1073,3054 1023,3043 617,3050"/>
                <Baseline points="624,3096 649,3092 674,3090 699,3090 724,3090 749,3090 774,3090 799,3090 824,3090 849,3090 874,3090 899,3090 924,3088 949,3087 974,3087 999,3087 1024,3087 1049,3088 1075,3090"/>
                <Word id="tr_2_tl_35_w1" custom="readingOrder {index:0;}">
                    <Coords points="621,3050 621,3110 835,3110 835,3050"/>
                    <TextEquiv>
                        <Unicode>TELEPHON</Unicode>
                    </TextEquiv>
                </Word>
                <Word id="tr_2_tl_35_w2" custom="readingOrder {index:1;}">
                    <Coords points="873,3047 873,3107 1050,3107 1050,3047"/>
                    <TextEquiv>
                        <Unicode>R-23-0-43</Unicode>
                    </TextEquiv>
                </Word>
                <TextEquiv>
                    <Unicode>TELEPHON R-23-0-43</Unicode>
                </TextEquiv>
            </TextLine>
            <TextLine id="tr_2_tl_36" custom="readingOrder {index:35;}">
                <Coords points="416,3253 763,3239 764,3195 750,3189 703,3202 624,3179 594,3197 545,3186 492,3206 459,3187 418,3185"/>
                <Baseline points="424,3240 450,3240 476,3238 503,3237 529,3237 555,3236 582,3234 608,3235 635,3237 661,3235 687,3234 714,3234 740,3233 767,3231"/>
                <Word id="tr_2_tl_36_w1" custom="readingOrder {index:0;}">
                    <Coords points="422,3196 422,3256 641,3256 641,3196"/>
                    <TextEquiv>
                        <Unicode>Ausschnitt</Unicode>
                    </TextEquiv>
                </Word>
                <Word id="tr_2_tl_36_w2" custom="readingOrder {index:1;}">
                    <Coords points="669,3194 669,3254 756,3254 756,3194"/>
                    <TextEquiv>
                        <Unicode>aus:</Unicode>
                    </TextEquiv>
                </Word>
                <TextEquiv>
                    <Unicode>Ausschnitt aus:</Unicode>
                </TextEquiv>
            </TextLine>
            <TextLine id="tr_2_tl_37" custom="readingOrder {index:36;}">
                <Coords points="578,3329 634,3341 893,3286 959,3305 1008,3280 1086,3278 1089,3230 988,3190 849,3235 802,3216 750,3242 585,3243"/>
                <Baseline points="588,3305 613,3303 638,3300 663,3298 688,3296 713,3294 738,3293 763,3291 788,3289 813,3288 839,3286 864,3282 889,3277 914,3273 939,3271 964,3269 989,3268 1014,3266 1039,3264 1064,3265 1090,3267"/>
                <Word id="tr_2_tl_37_w1" custom="readingOrder {index:0;}">
                    <Coords points="591,3260 591,3320 674,3320 674,3260"/>
                    <TextEquiv>
                        <Unicode>ae</Unicode>
                    </TextEquiv>
                </Word>
                <Word id="tr_2_tl_37_w2" custom="readingOrder {index:1;}">
                    <Coords points="687,3253 687,3313 758,3313 758,3253"/>
                    <TextEquiv>
                        <Unicode>Pre</Unicode>
                    </TextEquiv>
                </Word>
                <Word id="tr_2_tl_37_w3" custom="readingOrder {index:2;}">
                    <Coords points="965,3227 965,3287 1036,3287 1036,3227"/>
                    <TextEquiv>
                        <Unicode>le</Unicode>
                    </TextEquiv>
                </Word>
                <TextEquiv>
                    <Unicode>ae Pre le</Unicode>
                </TextEquiv>
            </TextLine>
            <TextLine id="tr_2_tl_38" custom="readingOrder {index:37;}">
                <Coords points="773,3429 837,3412 899,3409 932,3425 998,3404 1022,3418 1049,3399 1172,3398 1175,3332 1154,3322 1052,3331 1018,3316 869,3351 824,3333 779,3338"/>
                <Baseline points="782,3410 808,3406 834,3404 860,3404 887,3404 913,3404 939,3402 965,3400 992,3398 1018,3398 1044,3398 1070,3394 1097,3391 1123,3387 1149,3387 1176,3389"/>
                <Word id="tr_2_tl_38_w1" custom="readingOrder {index:0;}">
                    <Coords points="792,3367 792,3427 810,3427 810,3367"/>
                    <TextEquiv>
                        <Unicode>3</Unicode>
                    </TextEquiv>
                </Word>
                <Word id="tr_2_tl_38_w2" custom="readingOrder {index:1;}">
                    <Coords points="831,3364 831,3424 879,3424 879,3364"/>
                    <TextEquiv>
                        <Unicode>0.</Unicode>
                    </TextEquiv>
                </Word>
                <Word id="tr_2_tl_38_w3" custom="readingOrder {index:2;}">
                    <Coords points="900,3360 900,3420 1026,3420 1026,3360"/>
                    <TextEquiv>
                        <Unicode>OKT.</Unicode>
                    </TextEquiv>
                </Word>
                <Word id="tr_2_tl_38_w4" custom="readingOrder {index:3;}">
                    <Coords points="1047,3351 1047,3411 1144,3411 1144,3351"/>
                    <TextEquiv>
                        <Unicode>1931</Unicode>
                    </TextEquiv>
                </Word>
                <TextEquiv>
                    <Unicode>3 0. OKT. 1931</Unicode>
                </TextEquiv>
            </TextLine>
            <TextLine id="tr_2_tl_39" custom="readingOrder {index:38;}">
                <Coords points="427,3482 455,3472 471,3484 487,3485 527,3466 545,3471 552,3468 551,3434 535,3434 527,3425 514,3429 447,3426 435,3434 424,3432"/>
                <Baseline points="433,3467 458,3465 483,3464 508,3466 533,3469 558,3473"/>
                <Word id="tr_2_tl_39_w1" custom="readingOrder {index:0;}">
                    <Coords points="429,3424 429,3484 540,3484 540,3424"/>
                    <TextEquiv>
                        <Unicode>vom:</Unicode>
                    </TextEquiv>
                </Word>
                <TextEquiv>
                    <Unicode>vom:</Unicode>
                </TextEquiv>
            </TextLine>
            <TextLine id="tr_2_tl_40" custom="readingOrder {index:39;}">
                <Coords points="552,3654 686,3633 992,3641 1018,3621 1088,3640 1089,3585 1008,3564 740,3591 554,3570"/>
                <Baseline points="561,3637 587,3633 613,3631 640,3631 666,3629 693,3628 719,3628 746,3628 772,3628 799,3628 825,3628 851,3626 878,3624 904,3622 931,3622 957,3622 984,3620 1010,3619 1037,3619 1063,3619 1090,3619"/>
                <Word id="tr_2_tl_40_w1" custom="readingOrder {index:0;}">
                    <Coords points="557,3591 557,3651 685,3651 685,3591"/>
                    <TextEquiv>
                        <Unicode>Dank</Unicode>
                    </TextEquiv>
                </Word>
                <Word id="tr_2_tl_40_w2" custom="readingOrder {index:1;}">
                    <Coords points="724,3588 724,3648 776,3648 776,3588"/>
                    <TextEquiv>
                        <Unicode>an</Unicode>
                    </TextEquiv>
                </Word>
                <Word id="tr_2_tl_40_w3" custom="readingOrder {index:2;}">
                    <Coords points="815,3582 815,3642 1074,3642 1074,3582"/>
                    <TextEquiv>
                        <Unicode>Schnitzler.</Unicode>
                    </TextEquiv>
                </Word>
                <TextEquiv>
                    <Unicode>Dank an Schnitzler.</Unicode>
                </TextEquiv>
            </TextLine>
            <TextLine id="tr_2_tl_41" custom="readingOrder {index:40;}">
                <Coords points="335,3695 1096,3673 1197,3703 1384,3671 1378,3608 570,3660 336,3635"/>
                <Baseline points="343,3691 395,3691 447,3688 499,3688 552,3685 604,3685 656,3683 708,3682 761,3676 813,3676 865,3676 917,3676 970,3674 1022,3675 1074,3673 1126,3672 1179,3667 1231,3666 1283,3664 1335,3664 1388,3664"/>
                <Word id="tr_2_tl_41_w1" custom="readingOrder {index:0;}">
                    <Coords points="337,3651 337,3711 374,3711 374,3651"/>
                    <TextEquiv>
                        <Unicode>In</Unicode>
                    </TextEquiv>
                </Word>
                <Word id="tr_2_tl_41_w2" custom="readingOrder {index:1;}">
                    <Coords points="406,3648 406,3708 518,3708 518,3648"/>
                    <TextEquiv>
                        <Unicode>unserer</Unicode>
                    </TextEquiv>
                </Word>
                <Word id="tr_2_tl_41_w3" custom="readingOrder {index:2;}">
                    <Coords points="544,3644 544,3704 675,3704 675,3644"/>
                    <TextEquiv>
                        <Unicode>gestrigen</Unicode>
                    </TextEquiv>
                </Word>
                <Word id="tr_2_tl_41_w4" custom="readingOrder {index:3;}">
                    <Coords points="708,3636 708,3696 934,3696 934,3636"/>
                    <TextEquiv>
                        <Unicode>Jugendteiloge</Unicode>
                    </TextEquiv>
                </Word>
                <Word id="tr_2_tl_41_w5" custom="readingOrder {index:4;}">
                    <Coords points="953,3634 953,3694 1015,3694 1015,3634"/>
                    <TextEquiv>
                        <Unicode>sall</Unicode>
                    </TextEquiv>
                </Word>
                <Word id="tr_2_tl_41_w6" custom="readingOrder {index:5;}">
                    <Coords points="1035,3634 1035,3694 1060,3694 1060,3634"/>
                    <TextEquiv>
                        <Unicode>es</Unicode>
                    </TextEquiv>
                </Word>
                <Word id="tr_2_tl_41_w7" custom="readingOrder {index:6;}">
                    <Coords points="1092,3632 1092,3692 1117,3692 1117,3632"/>
                    <TextEquiv>
                        <Unicode>in</Unicode>
                    </TextEquiv>
                </Word>
                <Word id="tr_2_tl_41_w8" custom="readingOrder {index:7;}">
                    <Coords points="1149,3627 1149,3687 1192,3687 1192,3627"/>
                    <TextEquiv>
                        <Unicode>den</Unicode>
                    </TextEquiv>
                </Word>
                <Word id="tr_2_tl_41_w9" custom="readingOrder {index:8;}">
                    <Coords points="1224,3624 1224,3684 1368,3684 1368,3624"/>
                    <TextEquiv>
                        <Unicode>Beiträgen</Unicode>
                    </TextEquiv>
                </Word>
                <TextEquiv>
                    <Unicode>In unserer gestrigen Jugendteiloge sall es in den Beiträgen</Unicode>
                </TextEquiv>
            </TextLine>
            <TextLine id="tr_2_tl_42" custom="readingOrder {index:41;}">
                <Coords points="242,3747 1365,3720 1385,3671 243,3698"/>
                <Baseline points="250,3735 306,3735 363,3735 420,3732 477,3730 534,3726 591,3726 648,3725 705,3722 762,3721 819,3720 875,3718 932,3718 989,3718 1046,3717 1103,3713 1160,3715 1217,3712 1274,3711 1331,3707 1388,3703"/>
                <Word id="tr_2_tl_42_w1" custom="readingOrder {index:0;}">
                    <Coords points="247,3695 247,3755 294,3755 294,3695"/>
                    <TextEquiv>
                        <Unicode>von</Unicode>
                    </TextEquiv>
                </Word>
                <Word id="tr_2_tl_42_w2" custom="readingOrder {index:1;}">
                    <Coords points="332,3694 332,3754 411,3754 411,3694"/>
                    <TextEquiv>
                        <Unicode>Felix</Unicode>
                    </TextEquiv>
                </Word>
                <Word id="tr_2_tl_42_w3" custom="readingOrder {index:2;}">
                    <Coords points="438,3688 438,3748 548,3748 548,3688"/>
                    <TextEquiv>
                        <Unicode>Straub</Unicode>
                    </TextEquiv>
                </Word>
                <Word id="tr_2_tl_42_w4" custom="readingOrder {index:3;}">
                    <Coords points="580,3686 580,3746 601,3746 601,3686"/>
                    <TextEquiv>
                        <Unicode>im</Unicode>
                    </TextEquiv>
                </Word>
                <Word id="tr_2_tl_42_w5" custom="readingOrder {index:4;}">
                    <Coords points="644,3682 644,3742 754,3742 754,3682"/>
                    <TextEquiv>
                        <Unicode>zweiten</Unicode>
                    </TextEquiv>
                </Word>
                <Word id="tr_2_tl_42_w6" custom="readingOrder {index:5;}">
                    <Coords points="792,3679 792,3739 886,3739 886,3679"/>
                    <TextEquiv>
                        <Unicode>Absatz</Unicode>
                    </TextEquiv>
                </Word>
                <Word id="tr_2_tl_42_w7" custom="readingOrder {index:6;}">
                    <Coords points="908,3678 908,3738 1003,3738 1003,3678"/>
                    <TextEquiv>
                        <Unicode>richtig</Unicode>
                    </TextEquiv>
                </Word>
                <Word id="tr_2_tl_42_w8" custom="readingOrder {index:7;}">
                    <Coords points="1035,3673 1035,3733 1161,3733 1161,3673"/>
                    <TextEquiv>
                        <Unicode>heißen.</Unicode>
                    </TextEquiv>
                </Word>
                <Word id="tr_2_tl_42_w9" custom="readingOrder {index:8;}">
                    <Coords points="1199,3672 1199,3732 1214,3732 1214,3672"/>
                    <TextEquiv>
                        <Unicode>.</Unicode>
                    </TextEquiv>
                </Word>
                <Word id="tr_2_tl_42_w10" custom="readingOrder {index:9;}">
                    <Coords points="1231,3671 1231,3731 1272,3731 1272,3671"/>
                    <TextEquiv>
                        <Unicode>..</Unicode>
                    </TextEquiv>
                </Word>
                <Word id="tr_2_tl_42_w11" custom="readingOrder {index:10;}">
                    <Coords points="1294,3666 1294,3726 1378,3726 1378,3666"/>
                    <TextEquiv>
                        <Unicode>Diese</Unicode>
                    </TextEquiv>
                </Word>
                <TextEquiv>
                    <Unicode>von Felix Straub im zweiten Absatz richtig heißen. . .. Diese</Unicode>
                </TextEquiv>
            </TextLine>
            <TextLine id="tr_2_tl_43" custom="readingOrder {index:42;}">
                <Coords points="246,3786 1387,3757 1388,3708 248,3743"/>
                <Baseline points="256,3777 312,3777 369,3774 426,3773 483,3771 539,3771 596,3767 653,3765 710,3765 766,3762 823,3761 880,3759 937,3759 993,3756 1050,3756 1107,3756 1164,3756 1220,3753 1277,3753 1334,3749 1391,3750"/>
                <Word id="tr_2_tl_43_w1" custom="readingOrder {index:0;}">
                    <Coords points="251,3736 251,3796 395,3796 395,3736"/>
                    <TextEquiv>
                        <Unicode>Dichtung</Unicode>
                    </TextEquiv>
                </Word>
                <Word id="tr_2_tl_43_w2" custom="readingOrder {index:1;}">
                    <Coords points="426,3732 426,3792 456,3792 456,3732"/>
                    <TextEquiv>
                        <Unicode>ist</Unicode>
                    </TextEquiv>
                </Word>
                <Word id="tr_2_tl_43_w3" custom="readingOrder {index:2;}">
                    <Coords points="483,3731 483,3791 518,3791 518,3731"/>
                    <TextEquiv>
                        <Unicode>ein</Unicode>
                    </TextEquiv>
                </Word>
                <Word id="tr_2_tl_43_w4" custom="readingOrder {index:3;}">
                    <Coords points="550,3725 550,3785 766,3785 766,3725"/>
                    <TextEquiv>
                        <Unicode>entzüchendes,</Unicode>
                    </TextEquiv>
                </Word>
                <Word id="tr_2_tl_43_w5" custom="readingOrder {index:4;}">
                    <Coords points="788,3719 788,3779 968,3779 968,3719"/>
                    <TextEquiv>
                        <Unicode>hauchzartes</Unicode>
                    </TextEquiv>
                </Word>
                <Word id="tr_2_tl_43_w6" custom="readingOrder {index:5;}">
                    <Coords points="994,3716 994,3776 1303,3776 1303,3716"/>
                    <TextEquiv>
                        <Unicode>Luftgespinst,</Unicode>
                    </TextEquiv>
                </Word>
                <Word id="tr_2_tl_43_w7" custom="readingOrder {index:6;}">
                    <Coords points="1325,3709 1325,3769 1376,3769 1376,3709"/>
                    <TextEquiv>
                        <Unicode>von</Unicode>
                    </TextEquiv>
                </Word>
                <TextEquiv>
                    <Unicode>Dichtung ist ein entzüchendes, hauchzartes Luftgespinst, von</Unicode>
                </TextEquiv>
            </TextLine>
            <TextLine id="tr_2_tl_44" custom="readingOrder {index:43;}">
                <Coords points="246,3823 1391,3796 1364,3753 248,3786"/>
                <Baseline points="256,3819 312,3819 369,3819 426,3816 483,3816 540,3813 597,3810 654,3810 711,3808 768,3807 825,3807 881,3805 938,3804 995,3801 1052,3800 1109,3796 1166,3795 1223,3795 1280,3794 1337,3792 1394,3795"/>
                <Word id="tr_2_tl_44_w1" custom="readingOrder {index:0;}">
                    <Coords points="251,3779 251,3839 326,3839 326,3779"/>
                    <TextEquiv>
                        <Unicode>einem</Unicode>
                    </TextEquiv>
                </Word>
                <Word id="tr_2_tl_44_w2" custom="readingOrder {index:1;}">
                    <Coords points="371,3776 371,3836 477,3836 477,3776"/>
                    <TextEquiv>
                        <Unicode>Anflug</Unicode>
                    </TextEquiv>
                </Word>
                <Word id="tr_2_tl_44_w3" custom="readingOrder {index:2;}">
                    <Coords points="508,3773 508,3833 558,3833 558,3773"/>
                    <TextEquiv>
                        <Unicode>von</Unicode>
                    </TextEquiv>
                </Word>
                <Word id="tr_2_tl_44_w4" custom="readingOrder {index:3;}">
                    <Coords points="589,3769 589,3829 770,3829 770,3769"/>
                    <TextEquiv>
                        <Unicode>Schicermut</Unicode>
                    </TextEquiv>
                </Word>
                <Word id="tr_2_tl_44_w5" custom="readingOrder {index:4;}">
                    <Coords points="796,3767 796,3827 846,3827 846,3767"/>
                    <TextEquiv>
                        <Unicode>und</Unicode>
                    </TextEquiv>
                </Word>
                <Word id="tr_2_tl_44_w6" custom="readingOrder {index:5;}">
                    <Coords points="877,3762 877,3822 1068,3822 1068,3762"/>
                    <TextEquiv>
                        <Unicode>Melancholie</Unicode>
                    </TextEquiv>
                </Word>
                <Word id="tr_2_tl_44_w7" custom="readingOrder {index:6;}">
                    <Coords points="1094,3755 1094,3815 1174,3815 1174,3755"/>
                    <TextEquiv>
                        <Unicode>leicht</Unicode>
                    </TextEquiv>
                </Word>
                <Word id="tr_2_tl_44_w8" custom="readingOrder {index:7;}">
                    <Coords points="1195,3753 1195,3813 1386,3813 1386,3753"/>
                    <TextEquiv>
                        <Unicode>überschattet.</Unicode>
                    </TextEquiv>
                </Word>
                <TextEquiv>
                    <Unicode>einem Anflug von Schicermut und Melancholie leicht überschattet.</Unicode>
                </TextEquiv>
            </TextLine>
            <TextEquiv>
                <Unicode></Unicode>
            </TextEquiv>
        </TextRegion>
        <TextRegion orientation="0.0" id="tr_3" custom="readingOrder {index:2;}">
            <Coords points="1454,301 1454,456 1872,456 1872,301"/>
            <TextLine id="tr_3_tl_1" custom="readingOrder {index:0;}">
                <Coords points="1446,414 1510,408 1576,431 1594,416 1632,427 1700,409 1766,421 1809,401 1839,414 1868,408 1869,346 1821,358 1789,335 1756,348 1703,333 1630,382 1586,361 1447,348"/>
                <Baseline points="1454,406 1480,403 1506,403 1532,403 1558,403 1584,405 1610,406 1636,406 1663,405 1689,403 1715,404 1741,406 1767,404 1793,402 1819,401 1845,401 1872,403"/>
                <Word id="tr_3_tl_1_w1" custom="readingOrder {index:0;}">
                    <Coords points="1451,363 1451,423 1574,423 1574,363"/>
                    <TextEquiv>
                        <Unicode>box</Unicode>
                    </TextEquiv>
                </Word>
                <Word id="tr_3_tl_1_w2" custom="readingOrder {index:1;}">
                    <Coords points="1653,365 1653,425 1838,425 1838,365"/>
                    <TextEquiv>
                        <Unicode>44/4</Unicode>
                    </TextEquiv>
                </Word>
                <TextEquiv>
                    <Unicode>box 44/4</Unicode>
                </TextEquiv>
            </TextLine>
            <TextEquiv>
                <Unicode></Unicode>
            </TextEquiv>
        </TextRegion>
        <TextRegion orientation="0.0" id="tr_4" custom="readingOrder {index:3;}">
            <Coords points="1797,1670 1797,3438 2726,3438 2726,1670"/>
            <TextLine id="tr_4_tl_1" custom="readingOrder {index:0;}">
                <Coords points="1876,1713 2709,1732 2706,1655 2505,1622 1957,1623 1875,1649"/>
                <Baseline points="1884,1693 1925,1696 1966,1693 2008,1700 2049,1702 2090,1704 2132,1707 2173,1707 2214,1706 2256,1707 2297,1705 2338,1705 2380,1703 2421,1714 2462,1711 2504,1716 2545,1717 2586,1717 2628,1713 2669,1711 2711,1708"/>
                <Word id="tr_4_tl_1_w1" custom="readingOrder {index:0;}">
                    <Coords points="1889,1666 1889,1726 2595,1726 2595,1666"/>
                    <TextEquiv>
                        <Unicode>OBSERVER</Unicode>
                    </TextEquiv>
                </Word>
                <TextEquiv>
                    <Unicode>OBSERVER</Unicode>
                </TextEquiv>
            </TextLine>
            <TextLine id="tr_4_tl_2" custom="readingOrder {index:1;}">
                <Coords points="1971,1765 2566,1782 2609,1773 2608,1722 2475,1742 1969,1723"/>
                <Baseline points="1979,1758 2010,1758 2042,1758 2074,1758 2105,1758 2137,1758 2169,1759 2200,1761 2232,1761 2264,1761 2296,1761 2327,1763 2359,1764 2391,1764 2422,1764 2454,1766 2486,1767 2517,1767 2549,1767 2581,1768 2613,1770"/>
                <Word id="tr_4_tl_2_w1" custom="readingOrder {index:0;}">
                    <Coords points="1968,1718 1968,1778 1994,1778 1994,1718"/>
                    <TextEquiv>
                        <Unicode>l.</Unicode>
                    </TextEquiv>
                </Word>
                <Word id="tr_4_tl_2_w2" custom="readingOrder {index:1;}">
                    <Coords points="2009,1718 2009,1778 2126,1778 2126,1718"/>
                    <TextEquiv>
                        <Unicode>österr.</Unicode>
                    </TextEquiv>
                </Word>
                <Word id="tr_4_tl_2_w3" custom="readingOrder {index:2;}">
                    <Coords points="2136,1721 2136,1781 2285,1781 2285,1721"/>
                    <TextEquiv>
                        <Unicode>behördl.</Unicode>
                    </TextEquiv>
                </Word>
                <Word id="tr_4_tl_2_w4" custom="readingOrder {index:3;}">
                    <Coords points="2295,1725 2295,1785 2595,1785 2595,1725"/>
                    <TextEquiv>
                        <Unicode>konzessioniertes</Unicode>
                    </TextEquiv>
                </Word>
                <TextEquiv>
                    <Unicode>l. österr. behördl. konzessioniertes</Unicode>
                </TextEquiv>
            </TextLine>
            <TextLine id="tr_4_tl_3" custom="readingOrder {index:2;}">
                <Coords points="1922,1808 2154,1806 2204,1829 2294,1809 2340,1833 2658,1818 2656,1773 1921,1759"/>
                <Baseline points="1929,1797 1965,1797 2002,1797 2038,1798 2075,1800 2111,1800 2148,1803 2184,1803 2221,1803 2257,1803 2294,1803 2331,1806 2367,1808 2404,1809 2440,1809 2477,1809 2513,1809 2550,1812 2586,1812 2623,1812 2660,1812"/>
                <Word id="tr_4_tl_3_w1" custom="readingOrder {index:0;}">
                    <Coords points="1924,1758 1924,1818 2156,1818 2156,1758"/>
                    <TextEquiv>
                        <Unicode>Unternehmen</Unicode>
                    </TextEquiv>
                </Word>
                <Word id="tr_4_tl_3_w2" custom="readingOrder {index:1;}">
                    <Coords points="2189,1763 2189,1823 2233,1823 2233,1763"/>
                    <TextEquiv>
                        <Unicode>für</Unicode>
                    </TextEquiv>
                </Word>
                <Word id="tr_4_tl_3_w3" custom="readingOrder {index:2;}">
                    <Coords points="2257,1769 2257,1829 2644,1829 2644,1769"/>
                    <TextEquiv>
                        <Unicode>Zeitungs-Ausschnitte</Unicode>
                    </TextEquiv>
                </Word>
                <TextEquiv>
                    <Unicode>Unternehmen für Zeitungs-Ausschnitte</Unicode>
                </TextEquiv>
            </TextLine>
            <TextLine id="tr_4_tl_4" custom="readingOrder {index:3;}">
                <Coords points="1969,1871 2622,1884 2621,1833 2529,1815 2343,1833 2267,1812 2130,1833 2082,1809 1968,1816"/>
                <Baseline points="1976,1860 2008,1858 2040,1860 2073,1863 2105,1863 2138,1863 2170,1864 2203,1866 2235,1866 2268,1866 2300,1866 2332,1866 2365,1868 2397,1869 2430,1869 2462,1869 2495,1872 2527,1875 2560,1875 2592,1875 2625,1878"/>
                <Word id="tr_4_tl_4_w1" custom="readingOrder {index:0;}">
                    <Coords points="1971,1820 1971,1880 2119,1880 2119,1820"/>
                    <TextEquiv>
                        <Unicode>WIEN,</Unicode>
                    </TextEquiv>
                </Word>
                <Word id="tr_4_tl_4_w2" custom="readingOrder {index:1;}">
                    <Coords points="2148,1824 2148,1884 2195,1884 2195,1824"/>
                    <TextEquiv>
                        <Unicode>I.,</Unicode>
                    </TextEquiv>
                </Word>
                <Word id="tr_4_tl_4_w3" custom="readingOrder {index:2;}">
                    <Coords points="2223,1828 2223,1888 2508,1888 2508,1828"/>
                    <TextEquiv>
                        <Unicode>WOLLZEILE</Unicode>
                    </TextEquiv>
                </Word>
                <Word id="tr_4_tl_4_w4" custom="readingOrder {index:3;}">
                    <Coords points="2549,1835 2549,1895 2596,1895 2596,1835"/>
                    <TextEquiv>
                        <Unicode>11</Unicode>
                    </TextEquiv>
                </Word>
                <TextEquiv>
                    <Unicode>WIEN, I., WOLLZEILE 11</Unicode>
                </TextEquiv>
            </TextLine>
            <TextLine id="tr_4_tl_5" custom="readingOrder {index:4;}">
                <Coords points="2070,1915 2505,1941 2512,1889 2068,1875"/>
                <Baseline points="2078,1914 2103,1914 2129,1914 2154,1914 2180,1915 2206,1917 2231,1917 2257,1917 2283,1919 2308,1920 2334,1920 2360,1920 2385,1920 2411,1920 2437,1920 2462,1922 2488,1923 2514,1923"/>
                <Word id="tr_4_tl_5_w1" custom="readingOrder {index:0;}">
                    <Coords points="2068,1874 2068,1934 2280,1934 2280,1874"/>
                    <TextEquiv>
                        <Unicode>TELEPHON</Unicode>
                    </TextEquiv>
                </Word>
                <Word id="tr_4_tl_5_w2" custom="readingOrder {index:1;}">
                    <Coords points="2319,1880 2319,1940 2494,1940 2494,1880"/>
                    <TextEquiv>
                        <Unicode>R-23-0-43</Unicode>
                    </TextEquiv>
                </Word>
                <TextEquiv>
                    <Unicode>TELEPHON R-23-0-43</Unicode>
                </TextEquiv>
            </TextLine>
            <TextLine id="tr_4_tl_6" custom="readingOrder {index:5;}">
                <Coords points="1863,2067 2465,2065 2519,2095 2722,2064 2721,2017 2644,1997 2186,1991 2104,2022 2009,1988 1862,2014"/>
                <Baseline points="1872,2054 1914,2051 1957,2051 2000,2054 2042,2054 2085,2056 2128,2059 2170,2060 2213,2060 2256,2060 2299,2062 2341,2063 2384,2063 2427,2062 2469,2060 2512,2060 2555,2060 2597,2060 2640,2060 2683,2060 2726,2060"/>
                <Word id="tr_4_tl_6_w1" custom="readingOrder {index:0;}">
                    <Coords points="1865,2012 1865,2072 2086,2072 2086,2012"/>
                    <TextEquiv>
                        <Unicode>Ausschnitt</Unicode>
                    </TextEquiv>
                </Word>
                <Word id="tr_4_tl_6_w2" custom="readingOrder {index:1;}">
                    <Coords points="2107,2020 2107,2080 2246,2080 2246,2020"/>
                    <TextEquiv>
                        <Unicode>auDer</Unicode>
                    </TextEquiv>
                </Word>
                <Word id="tr_4_tl_6_w3" custom="readingOrder {index:2;}">
                    <Coords points="2274,2022 2274,2082 2549,2082 2549,2022"/>
                    <TextEquiv>
                        <Unicode>Kampfruf,</Unicode>
                    </TextEquiv>
                </Word>
                <Word id="tr_4_tl_6_w4" custom="readingOrder {index:3;}">
                    <Coords points="2570,2020 2570,2080 2690,2080 2690,2020"/>
                    <TextEquiv>
                        <Unicode>Wien</Unicode>
                    </TextEquiv>
                </Word>
                <TextEquiv>
                    <Unicode>Ausschnitt auDer Kampfruf, Wien</Unicode>
                </TextEquiv>
            </TextLine>
            <TextLine id="tr_4_tl_7" custom="readingOrder {index:6;}">
                <Coords points="2080,2244 2131,2256 2187,2237 2256,2266 2340,2243 2400,2261 2430,2238 2496,2240 2498,2164 2343,2174 2297,2158 2213,2181 2180,2161 2114,2161 2081,2176"/>
                <Baseline points="2087,2230 2112,2230 2138,2230 2164,2232 2190,2233 2215,2233 2241,2232 2267,2230 2293,2232 2318,2233 2344,2231 2370,2230 2396,2230 2421,2229 2447,2227 2473,2229 2499,2230"/>
                <Word id="tr_4_tl_7_w1" custom="readingOrder {index:0;}">
                    <Coords points="2089,2190 2089,2250 2107,2250 2107,2190"/>
                    <TextEquiv>
                        <Unicode>3</Unicode>
                    </TextEquiv>
                </Word>
                <Word id="tr_4_tl_7_w2" custom="readingOrder {index:1;}">
                    <Coords points="2147,2192 2147,2252 2194,2252 2194,2192"/>
                    <TextEquiv>
                        <Unicode>7.</Unicode>
                    </TextEquiv>
                </Word>
                <Word id="tr_4_tl_7_w3" custom="readingOrder {index:2;}">
                    <Coords points="2215,2190 2215,2250 2341,2250 2341,2190"/>
                    <TextEquiv>
                        <Unicode>OKT.</Unicode>
                    </TextEquiv>
                </Word>
                <Word id="tr_4_tl_7_w4" custom="readingOrder {index:3;}">
                    <Coords points="2361,2189 2361,2249 2457,2249 2457,2189"/>
                    <TextEquiv>
                        <Unicode>1937</Unicode>
                    </TextEquiv>
                </Word>
                <TextEquiv>
                    <Unicode>3 7. OKT. 1937</Unicode>
                </TextEquiv>
            </TextLine>
            <TextLine id="tr_4_tl_8" custom="readingOrder {index:7;}">
                <Coords points="1858,2276 1871,2277 1891,2290 1898,2283 1914,2281 1936,2284 1944,2291 1964,2284 1975,2291 1988,2284 1987,2233 1961,2246 1934,2246 1914,2231 1904,2243 1894,2238 1876,2246 1856,2243"/>
                <Baseline points="1866,2278 1891,2276 1916,2275 1941,2277 1966,2278 1991,2278"/>
                <Word id="tr_4_tl_8_w1" custom="readingOrder {index:0;}">
                    <Coords points="1861,2235 1861,2295 1972,2295 1972,2235"/>
                    <TextEquiv>
                        <Unicode>vom:</Unicode>
                    </TextEquiv>
                </Word>
                <TextEquiv>
                    <Unicode>vom:</Unicode>
                </TextEquiv>
            </TextLine>
            <TextLine id="tr_4_tl_9" custom="readingOrder {index:8;}">
                <Coords points="1789,2404 1912,2377 2075,2413 2194,2377 2485,2383 2486,2314 2455,2299 1792,2291"/>
                <Baseline points="1797,2380 1831,2376 1866,2374 1900,2374 1935,2372 1970,2371 2004,2371 2039,2371 2074,2369 2108,2368 2143,2368 2178,2368 2212,2368 2247,2366 2282,2365 2316,2365 2351,2365 2386,2363 2420,2361 2455,2358 2490,2356"/>
                <Word id="tr_4_tl_9_w1" custom="readingOrder {index:0;}">
                    <Coords points="1802,2335 1802,2395 1881,2395 1881,2335"/>
                    <TextEquiv>
                        <Unicode>Die</Unicode>
                    </TextEquiv>
                </Word>
                <Word id="tr_4_tl_9_w2" custom="readingOrder {index:1;}">
                    <Coords points="1917,2328 1917,2388 2435,2388 2435,2328"/>
                    <TextEquiv>
                        <Unicode>Nationalsozialisten</Unicode>
                    </TextEquiv>
                </Word>
                <TextEquiv>
                    <Unicode>Die Nationalsozialisten</Unicode>
                </TextEquiv>
            </TextLine>
            <TextLine id="tr_4_tl_10" custom="readingOrder {index:9;}">
                <Coords points="1795,2490 2178,2467 2462,2495 2611,2472 2612,2393 2356,2379 2291,2412 2194,2376 2088,2413 1796,2384"/>
                <Baseline points="1803,2460 1843,2462 1884,2461 1924,2460 1965,2459 2006,2457 2046,2457 2087,2456 2128,2454 2168,2454 2209,2454 2250,2451 2290,2453 2331,2452 2372,2451 2412,2450 2453,2448 2494,2448 2534,2447 2575,2442 2616,2442"/>
                <Word id="tr_4_tl_10_w1" custom="readingOrder {index:0;}">
                    <Coords points="1807,2420 1807,2480 1975,2480 1975,2420"/>
                    <TextEquiv>
                        <Unicode>Schuld</Unicode>
                    </TextEquiv>
                </Word>
                <Word id="tr_4_tl_10_w2" custom="readingOrder {index:1;}">
                    <Coords points="2022,2417 2022,2477 2066,2477 2066,2417"/>
                    <TextEquiv>
                        <Unicode>am</Unicode>
                    </TextEquiv>
                </Word>
                <Word id="tr_4_tl_10_w3" custom="readingOrder {index:2;}">
                    <Coords points="2124,2414 2124,2474 2258,2474 2258,2414"/>
                    <TextEquiv>
                        <Unicode>Tode</Unicode>
                    </TextEquiv>
                </Word>
                <Word id="tr_4_tl_10_w4" custom="readingOrder {index:3;}">
                    <Coords points="2305,2408 2305,2468 2597,2468 2597,2408"/>
                    <TextEquiv>
                        <Unicode>Schnitzler¬</Unicode>
                    </TextEquiv>
                </Word>
                <TextEquiv>
                    <Unicode>Schuld am Tode Schnitzler¬</Unicode>
                </TextEquiv>
            </TextLine>
            <TextLine id="tr_4_tl_11" custom="readingOrder {index:10;}">
                <Coords points="1822,2535 2622,2526 2638,2489 2529,2470 2352,2499 2170,2467 1925,2505 1823,2483"/>
                <Baseline points="1830,2529 1870,2529 1910,2529 1951,2527 1991,2526 2032,2526 2072,2525 2113,2523 2153,2523 2194,2523 2234,2520 2274,2520 2315,2520 2355,2518 2396,2517 2436,2516 2477,2514 2517,2514 2558,2513 2598,2511 2639,2511"/>
                <Word id="tr_4_tl_11_w1" custom="readingOrder {index:0;}">
                    <Coords points="1827,2489 1827,2549 1895,2549 1895,2489"/>
                    <TextEquiv>
                        <Unicode>Das</Unicode>
                    </TextEquiv>
                </Word>
                <Word id="tr_4_tl_11_w2" custom="readingOrder {index:1;}">
                    <Coords points="1928,2487 1928,2547 1964,2547 1964,2487"/>
                    <TextEquiv>
                        <Unicode>ist</Unicode>
                    </TextEquiv>
                </Word>
                <Word id="tr_4_tl_11_w3" custom="readingOrder {index:2;}">
                    <Coords points="1991,2485 1991,2545 2133,2545 2133,2485"/>
                    <TextEquiv>
                        <Unicode>wahrlich</Unicode>
                    </TextEquiv>
                </Word>
                <Word id="tr_4_tl_11_w4" custom="readingOrder {index:3;}">
                    <Coords points="2171,2482 2171,2542 2229,2542 2229,2482"/>
                    <TextEquiv>
                        <Unicode>kein</Unicode>
                    </TextEquiv>
                </Word>
                <Word id="tr_4_tl_11_w5" custom="readingOrder {index:4;}">
                    <Coords points="2261,2480 2261,2540 2340,2540 2340,2480"/>
                    <TextEquiv>
                        <Unicode>Witz</Unicode>
                    </TextEquiv>
                </Word>
                <Word id="tr_4_tl_11_w6" custom="readingOrder {index:5;}">
                    <Coords points="2367,2476 2367,2536 2435,2536 2435,2476"/>
                    <TextEquiv>
                        <Unicode>oder</Unicode>
                    </TextEquiv>
                </Word>
                <Word id="tr_4_tl_11_w7" custom="readingOrder {index:6;}">
                    <Coords points="2467,2474 2467,2534 2540,2534 2540,2474"/>
                    <TextEquiv>
                        <Unicode>etwa</Unicode>
                    </TextEquiv>
                </Word>
                <Word id="tr_4_tl_11_w8" custom="readingOrder {index:7;}">
                    <Coords points="2578,2471 2578,2531 2625,2531 2625,2471"/>
                    <TextEquiv>
                        <Unicode>die</Unicode>
                    </TextEquiv>
                </Word>
                <TextEquiv>
                    <Unicode>Das ist wahrlich kein Witz oder etwa die</Unicode>
                </TextEquiv>
            </TextLine>
            <TextLine id="tr_4_tl_12" custom="readingOrder {index:11;}">
                <Coords points="1798,2576 2629,2550 2611,2515 1962,2546 1799,2523"/>
                <Baseline points="1806,2571 1847,2571 1888,2571 1930,2571 1971,2570 2012,2568 2054,2565 2095,2565 2136,2562 2178,2562 2219,2562 2260,2560 2302,2559 2343,2559 2384,2558 2426,2555 2467,2553 2508,2553 2550,2553 2591,2553 2633,2544"/>
                <Word id="tr_4_tl_12_w1" custom="readingOrder {index:0;}">
                    <Coords points="1798,2531 1798,2591 1963,2591 1963,2531"/>
                    <TextEquiv>
                        <Unicode>Eröffnung</Unicode>
                    </TextEquiv>
                </Word>
                <Word id="tr_4_tl_12_w2" custom="readingOrder {index:1;}">
                    <Coords points="1989,2527 1989,2587 2041,2587 2041,2527"/>
                    <TextEquiv>
                        <Unicode>des</Unicode>
                    </TextEquiv>
                </Word>
                <Word id="tr_4_tl_12_w3" custom="readingOrder {index:2;}">
                    <Coords points="2068,2522 2068,2582 2306,2582 2306,2522"/>
                    <TextEquiv>
                        <Unicode>Geheimnisses,</Unicode>
                    </TextEquiv>
                </Word>
                <Word id="tr_4_tl_12_w4" custom="readingOrder {index:3;}">
                    <Coords points="2322,2518 2322,2578 2373,2578 2373,2518"/>
                    <TextEquiv>
                        <Unicode>daß</Unicode>
                    </TextEquiv>
                </Word>
                <Word id="tr_4_tl_12_w5" custom="readingOrder {index:4;}">
                    <Coords points="2394,2515 2394,2575 2440,2575 2440,2515"/>
                    <TextEquiv>
                        <Unicode>sich</Unicode>
                    </TextEquiv>
                </Word>
                <Word id="tr_4_tl_12_w6" custom="readingOrder {index:5;}">
                    <Coords points="2462,2513 2462,2573 2502,2573 2502,2513"/>
                    <TextEquiv>
                        <Unicode>ein</Unicode>
                    </TextEquiv>
                </Word>
                <Word id="tr_4_tl_12_w7" custom="readingOrder {index:6;}">
                    <Coords points="2529,2513 2529,2573 2632,2573 2632,2513"/>
                    <TextEquiv>
                        <Unicode>Roth¬</Unicode>
                    </TextEquiv>
                </Word>
                <TextEquiv>
                    <Unicode>Eröffnung des Geheimnisses, daß sich ein Roth¬</Unicode>
                </TextEquiv>
            </TextLine>
            <TextLine id="tr_4_tl_13" custom="readingOrder {index:12;}">
                <Coords points="1805,2616 2571,2601 2629,2592 2631,2555 1806,2579"/>
                <Baseline points="1812,2610 1853,2610 1894,2610 1935,2609 1976,2607 2017,2606 2058,2604 2099,2601 2140,2601 2181,2601 2222,2599 2263,2598 2304,2596 2345,2595 2386,2595 2427,2594 2468,2591 2509,2589 2550,2589 2591,2586 2633,2586"/>
                <Word id="tr_4_tl_13_w1" custom="readingOrder {index:0;}">
                    <Coords points="1800,2570 1800,2630 1854,2630 1854,2570"/>
                    <TextEquiv>
                        <Unicode>stock</Unicode>
                    </TextEquiv>
                </Word>
                <Word id="tr_4_tl_13_w2" custom="readingOrder {index:1;}">
                    <Coords points="1880,2568 1880,2628 2026,2628 2026,2568"/>
                    <TextEquiv>
                        <Unicode>gefunden</Unicode>
                    </TextEquiv>
                </Word>
                <Word id="tr_4_tl_13_w3" custom="readingOrder {index:2;}">
                    <Coords points="2068,2561 2068,2621 2164,2621 2164,2561"/>
                    <TextEquiv>
                        <Unicode>hätte,</Unicode>
                    </TextEquiv>
                </Word>
                <Word id="tr_4_tl_13_w4" custom="readingOrder {index:3;}">
                    <Coords points="2189,2558 2189,2618 2280,2618 2280,2558"/>
                    <TextEquiv>
                        <Unicode>nein,</Unicode>
                    </TextEquiv>
                </Word>
                <Word id="tr_4_tl_13_w5" custom="readingOrder {index:4;}">
                    <Coords points="2301,2555 2301,2615 2351,2615 2351,2555"/>
                    <TextEquiv>
                        <Unicode>das</Unicode>
                    </TextEquiv>
                </Word>
                <Word id="tr_4_tl_13_w6" custom="readingOrder {index:5;}">
                    <Coords points="2387,2549 2387,2609 2629,2609 2629,2549"/>
                    <TextEquiv>
                        <Unicode>„6=Uhr=Blatt“</Unicode>
                    </TextEquiv>
                </Word>
                <TextEquiv>
                    <Unicode>stock gefunden hätte, nein, das „6=Uhr=Blatt“</Unicode>
                </TextEquiv>
            </TextLine>
            <TextLine id="tr_4_tl_14" custom="readingOrder {index:13;}">
                <Coords points="1796,2664 2645,2629 2646,2589 1798,2618"/>
                <Baseline points="1806,2651 1848,2648 1890,2645 1932,2645 1974,2645 2016,2642 2058,2642 2100,2640 2142,2639 2184,2639 2227,2637 2269,2636 2311,2635 2353,2633 2395,2633 2437,2632 2479,2630 2521,2630 2563,2630 2605,2628 2648,2625"/>
                <Word id="tr_4_tl_14_w1" custom="readingOrder {index:0;}">
                    <Coords points="1796,2607 1796,2667 1919,2667 1919,2607"/>
                    <TextEquiv>
                        <Unicode>schreibt</Unicode>
                    </TextEquiv>
                </Word>
                <Word id="tr_4_tl_14_w2" custom="readingOrder {index:1;}">
                    <Coords points="1941,2605 1941,2665 1971,2665 1971,2605"/>
                    <TextEquiv>
                        <Unicode>am</Unicode>
                    </TextEquiv>
                </Word>
                <Word id="tr_4_tl_14_w3" custom="readingOrder {index:2;}">
                    <Coords points="2013,2602 2013,2662 2059,2662 2059,2602"/>
                    <TextEquiv>
                        <Unicode>22.</Unicode>
                    </TextEquiv>
                </Word>
                <Word id="tr_4_tl_14_w4" custom="readingOrder {index:3;}">
                    <Coords points="2081,2599 2081,2659 2214,2659 2214,2599"/>
                    <TextEquiv>
                        <Unicode>Oktober</Unicode>
                    </TextEquiv>
                </Word>
                <Word id="tr_4_tl_14_w5" custom="readingOrder {index:4;}">
                    <Coords points="2241,2595 2241,2655 2313,2655 2313,2595"/>
                    <TextEquiv>
                        <Unicode>über</Unicode>
                    </TextEquiv>
                </Word>
                <Word id="tr_4_tl_14_w6" custom="readingOrder {index:5;}">
                    <Coords points="2334,2593 2334,2653 2391,2653 2391,2593"/>
                    <TextEquiv>
                        <Unicode>das</Unicode>
                    </TextEquiv>
                </Word>
                <Word id="tr_4_tl_14_w7" custom="readingOrder {index:6;}">
                    <Coords points="2417,2590 2417,2650 2546,2650 2546,2590"/>
                    <TextEquiv>
                        <Unicode>Ableben</Unicode>
                    </TextEquiv>
                </Word>
                <Word id="tr_4_tl_14_w8" custom="readingOrder {index:7;}">
                    <Coords points="2578,2588 2578,2648 2628,2648 2628,2588"/>
                    <TextEquiv>
                        <Unicode>des</Unicode>
                    </TextEquiv>
                </Word>
                <TextEquiv>
                    <Unicode>schreibt am 22. Oktober über das Ableben des</Unicode>
                </TextEquiv>
            </TextLine>
            <TextLine id="tr_4_tl_15" custom="readingOrder {index:14;}">
                <Coords points="1798,2712 1838,2696 1902,2705 1954,2682 1989,2695 2054,2698 2090,2684 2131,2694 2133,2649 2074,2641 1799,2662"/>
                <Baseline points="1806,2696 1831,2692 1856,2688 1881,2686 1907,2684 1932,2683 1957,2681 1983,2681 2008,2681 2033,2681 2059,2681 2084,2681 2109,2681 2135,2681"/>
                <Word id="tr_4_tl_15_w1" custom="readingOrder {index:0;}">
                    <Coords points="1798,2647 1798,2707 1923,2707 1923,2647"/>
                    <TextEquiv>
                        <Unicode>„großen</Unicode>
                    </TextEquiv>
                </Word>
                <Word id="tr_4_tl_15_w2" custom="readingOrder {index:1;}">
                    <Coords points="1957,2641 1957,2701 2114,2701 2114,2641"/>
                    <TextEquiv>
                        <Unicode>Dichters"</Unicode>
                    </TextEquiv>
                </Word>
                <TextEquiv>
                    <Unicode>„großen Dichters"</Unicode>
                </TextEquiv>
            </TextLine>
            <TextLine id="tr_4_tl_16" custom="readingOrder {index:15;}">
                <Coords points="1846,2747 2642,2727 2644,2679 2596,2665 2383,2698 2327,2672 2217,2702 2168,2678 1848,2699"/>
                <Baseline points="1854,2735 1893,2732 1933,2732 1972,2732 2012,2729 2051,2729 2091,2729 2130,2728 2170,2726 2209,2725 2249,2723 2289,2723 2328,2720 2368,2720 2407,2718 2447,2717 2486,2716 2526,2715 2565,2716 2605,2714 2645,2717"/>
                <Word id="tr_4_tl_16_w1" custom="readingOrder {index:0;}">
                    <Coords points="1841,2692 1841,2752 1950,2752 1950,2692"/>
                    <TextEquiv>
                        <Unicode>„Artur</Unicode>
                    </TextEquiv>
                </Word>
                <Word id="tr_4_tl_16_w2" custom="readingOrder {index:1;}">
                    <Coords points="1980,2688 1980,2748 2229,2748 2229,2688"/>
                    <TextEquiv>
                        <Unicode>Schnitzler,</Unicode>
                    </TextEquiv>
                </Word>
                <Word id="tr_4_tl_16_w3" custom="readingOrder {index:2;}">
                    <Coords points="2247,2683 2247,2743 2298,2743 2298,2683"/>
                    <TextEquiv>
                        <Unicode>der</Unicode>
                    </TextEquiv>
                </Word>
                <Word id="tr_4_tl_16_w4" custom="readingOrder {index:3;}">
                    <Coords points="2329,2680 2329,2740 2374,2740 2374,2680"/>
                    <TextEquiv>
                        <Unicode>nie</Unicode>
                    </TextEquiv>
                </Word>
                <Word id="tr_4_tl_16_w5" custom="readingOrder {index:4;}">
                    <Coords points="2404,2677 2404,2737 2455,2737 2455,2677"/>
                    <TextEquiv>
                        <Unicode>für</Unicode>
                    </TextEquiv>
                </Word>
                <Word id="tr_4_tl_16_w6" custom="readingOrder {index:5;}">
                    <Coords points="2479,2675 2479,2735 2531,2735 2531,2675"/>
                    <TextEquiv>
                        <Unicode>den</Unicode>
                    </TextEquiv>
                </Word>
                <Word id="tr_4_tl_16_w7" custom="readingOrder {index:6;}">
                    <Coords points="2566,2674 2566,2734 2629,2734 2629,2674"/>
                    <TextEquiv>
                        <Unicode>Tag</Unicode>
                    </TextEquiv>
                </Word>
                <TextEquiv>
                    <Unicode>„Artur Schnitzler, der nie für den Tag</Unicode>
                </TextEquiv>
            </TextLine>
            <TextLine id="tr_4_tl_17" custom="readingOrder {index:16;}">
                <Coords points="1792,2785 2611,2764 2645,2725 1793,2737"/>
                <Baseline points="1800,2783 1842,2777 1884,2774 1927,2771 1969,2771 2012,2769 2054,2768 2096,2766 2139,2765 2181,2765 2224,2765 2266,2764 2308,2761 2351,2759 2393,2758 2436,2757 2478,2758 2520,2756 2563,2753 2605,2750 2648,2753"/>
                <Word id="tr_4_tl_17_w1" custom="readingOrder {index:0;}">
                    <Coords points="1797,2733 1797,2793 1972,2793 1972,2733"/>
                    <TextEquiv>
                        <Unicode>geschrieben</Unicode>
                    </TextEquiv>
                </Word>
                <Word id="tr_4_tl_17_w2" custom="readingOrder {index:1;}">
                    <Coords points="1998,2728 1998,2788 2098,2788 2098,2728"/>
                    <TextEquiv>
                        <Unicode>hatte,</Unicode>
                    </TextEquiv>
                </Word>
                <Word id="tr_4_tl_17_w3" custom="readingOrder {index:2;}">
                    <Coords points="2109,2725 2109,2785 2235,2785 2235,2725"/>
                    <TextEquiv>
                        <Unicode>sondern</Unicode>
                    </TextEquiv>
                </Word>
                <Word id="tr_4_tl_17_w4" custom="readingOrder {index:3;}">
                    <Coords points="2261,2720 2261,2780 2366,2780 2366,2720"/>
                    <TextEquiv>
                        <Unicode>immer</Unicode>
                    </TextEquiv>
                </Word>
                <Word id="tr_4_tl_17_w5" custom="readingOrder {index:4;}">
                    <Coords points="2392,2717 2392,2777 2553,2777 2553,2717"/>
                    <TextEquiv>
                        <Unicode>Probleme</Unicode>
                    </TextEquiv>
                </Word>
                <Word id="tr_4_tl_17_w6" custom="readingOrder {index:5;}">
                    <Coords points="2573,2710 2573,2770 2628,2770 2628,2710"/>
                    <TextEquiv>
                        <Unicode>von</Unicode>
                    </TextEquiv>
                </Word>
                <TextEquiv>
                    <Unicode>geschrieben hatte, sondern immer Probleme von</Unicode>
                </TextEquiv>
            </TextLine>
            <TextLine id="tr_4_tl_18" custom="readingOrder {index:17;}">
                <Coords points="1801,2820 2654,2805 2655,2759 1801,2790"/>
                <Baseline points="1809,2813 1851,2813 1893,2810 1936,2810 1978,2807 2021,2807 2063,2807 2105,2805 2148,2804 2190,2804 2233,2802 2275,2800 2317,2798 2360,2798 2402,2799 2445,2800 2487,2797 2529,2792 2572,2792 2614,2789 2657,2792"/>
                <Word id="tr_4_tl_18_w1" custom="readingOrder {index:0;}">
                    <Coords points="1795,2771 1795,2831 1952,2831 1952,2771"/>
                    <TextEquiv>
                        <Unicode>allgemein</Unicode>
                    </TextEquiv>
                </Word>
                <Word id="tr_4_tl_18_w2" custom="readingOrder {index:1;}">
                    <Coords points="2008,2764 2008,2824 2214,2824 2214,2764"/>
                    <TextEquiv>
                        <Unicode>menschlicher</Unicode>
                    </TextEquiv>
                </Word>
                <Word id="tr_4_tl_18_w3" custom="readingOrder {index:2;}">
                    <Coords points="2259,2758 2259,2818 2441,2818 2441,2758"/>
                    <TextEquiv>
                        <Unicode>Bedeutung</Unicode>
                    </TextEquiv>
                </Word>
                <Word id="tr_4_tl_18_w4" custom="readingOrder {index:3;}">
                    <Coords points="2492,2752 2492,2812 2634,2812 2634,2752"/>
                    <TextEquiv>
                        <Unicode>gestaltet</Unicode>
                    </TextEquiv>
                </Word>
                <TextEquiv>
                    <Unicode>allgemein menschlicher Bedeutung gestaltet</Unicode>
                </TextEquiv>
            </TextLine>
            <TextLine id="tr_4_tl_19" custom="readingOrder {index:18;}">
                <Coords points="1799,2867 2654,2831 2598,2795 1801,2820"/>
                <Baseline points="1809,2851 1851,2851 1893,2854 1936,2850 1978,2846 2021,2846 2063,2846 2105,2846 2148,2844 2190,2841 2233,2840 2275,2839 2317,2837 2360,2837 2402,2836 2445,2835 2487,2836 2529,2834 2572,2834 2614,2831 2657,2831"/>
                <Word id="tr_4_tl_19_w1" custom="readingOrder {index:0;}">
                    <Coords points="1799,2811 1799,2871 1896,2871 1896,2811"/>
                    <TextEquiv>
                        <Unicode>hatte,</Unicode>
                    </TextEquiv>
                </Word>
                <Word id="tr_4_tl_19_w2" custom="readingOrder {index:1;}">
                    <Coords points="1917,2806 1917,2866 2071,2866 2071,2806"/>
                    <TextEquiv>
                        <Unicode>verlor</Unicode>
                    </TextEquiv>
                </Word>
                <Word id="tr_4_tl_19_w3" custom="readingOrder {index:2;}">
                    <Coords points="2097,2805 2097,2865 2153,2865 2153,2805"/>
                    <TextEquiv>
                        <Unicode>seit</Unicode>
                    </TextEquiv>
                </Word>
                <Word id="tr_4_tl_19_w4" custom="readingOrder {index:3;}">
                    <Coords points="2180,2800 2180,2860 2231,2860 2231,2800"/>
                    <TextEquiv>
                        <Unicode>dem</Unicode>
                    </TextEquiv>
                </Word>
                <Word id="tr_4_tl_19_w5" custom="readingOrder {index:4;}">
                    <Coords points="2273,2797 2273,2857 2385,2857 2385,2797"/>
                    <TextEquiv>
                        <Unicode>Kriege</Unicode>
                    </TextEquiv>
                </Word>
                <Word id="tr_4_tl_19_w6" custom="readingOrder {index:5;}">
                    <Coords points="2417,2795 2417,2855 2560,2855 2560,2795"/>
                    <TextEquiv>
                        <Unicode>erheblich</Unicode>
                    </TextEquiv>
                </Word>
                <Word id="tr_4_tl_19_w7" custom="readingOrder {index:6;}">
                    <Coords points="2592,2791 2592,2851 2627,2851 2627,2791"/>
                    <TextEquiv>
                        <Unicode>an</Unicode>
                    </TextEquiv>
                </Word>
                <TextEquiv>
                    <Unicode>hatte, verlor seit dem Kriege erheblich an</Unicode>
                </TextEquiv>
            </TextLine>
            <TextLine id="tr_4_tl_20" custom="readingOrder {index:19;}">
                <Coords points="1801,2901 2652,2883 2654,2831 1802,2865"/>
                <Baseline points="1809,2896 1851,2893 1893,2893 1935,2890 1978,2887 2020,2884 2062,2884 2104,2882 2147,2881 2189,2881 2231,2879 2273,2878 2316,2878 2358,2878 2400,2876 2442,2872 2485,2871 2527,2869 2569,2871 2611,2866 2654,2869"/>
                <Word id="tr_4_tl_20_w1" custom="readingOrder {index:0;}">
                    <Coords points="1806,2850 1806,2910 2038,2910 2038,2850"/>
                    <TextEquiv>
                        <Unicode>„Zugkraft'</Unicode>
                    </TextEquiv>
                </Word>
                <Word id="tr_4_tl_20_w2" custom="readingOrder {index:1;}">
                    <Coords points="2076,2841 2076,2901 2133,2901 2133,2841"/>
                    <TextEquiv>
                        <Unicode>und</Unicode>
                    </TextEquiv>
                </Word>
                <Word id="tr_4_tl_20_w3" custom="readingOrder {index:2;}">
                    <Coords points="2182,2838 2182,2898 2335,2898 2335,2838"/>
                    <TextEquiv>
                        <Unicode>außerdem</Unicode>
                    </TextEquiv>
                </Word>
                <Word id="tr_4_tl_20_w4" custom="readingOrder {index:3;}">
                    <Coords points="2388,2833 2388,2893 2467,2893 2467,2833"/>
                    <TextEquiv>
                        <Unicode>setzte</Unicode>
                    </TextEquiv>
                </Word>
                <Word id="tr_4_tl_20_w5" custom="readingOrder {index:4;}">
                    <Coords points="2510,2829 2510,2889 2535,2889 2535,2829"/>
                    <TextEquiv>
                        <Unicode>in</Unicode>
                    </TextEquiv>
                </Word>
                <Word id="tr_4_tl_20_w6" custom="readingOrder {index:5;}">
                    <Coords points="2584,2826 2584,2886 2636,2886 2636,2826"/>
                    <TextEquiv>
                        <Unicode>der</Unicode>
                    </TextEquiv>
                </Word>
                <TextEquiv>
                    <Unicode>„Zugkraft' und außerdem setzte in der</Unicode>
                </TextEquiv>
            </TextLine>
            <TextLine id="tr_4_tl_21" custom="readingOrder {index:20;}">
                <Coords points="1801,2934 2426,2917 2513,2956 2644,2951 2645,2881 2605,2870 1802,2901"/>
                <Baseline points="1809,2929 1850,2929 1892,2929 1934,2929 1976,2926 2018,2926 2059,2923 2101,2923 2143,2921 2185,2920 2227,2920 2268,2920 2310,2918 2352,2917 2394,2916 2436,2914 2477,2914 2519,2913 2561,2911 2603,2908 2645,2914"/>
                <Word id="tr_4_tl_21_w1" custom="readingOrder {index:0;}">
                    <Coords points="1805,2889 1805,2949 1898,2949 1898,2889"/>
                    <TextEquiv>
                        <Unicode>letzten</Unicode>
                    </TextEquiv>
                </Word>
                <Word id="tr_4_tl_21_w2" custom="readingOrder {index:1;}">
                    <Coords points="1935,2886 1935,2946 2028,2946 2028,2886"/>
                    <TextEquiv>
                        <Unicode>Zeit,</Unicode>
                    </TextEquiv>
                </Word>
                <Word id="tr_4_tl_21_w3" custom="readingOrder {index:2;}">
                    <Coords points="2058,2880 2058,2940 2239,2940 2239,2880"/>
                    <TextEquiv>
                        <Unicode>namentlich</Unicode>
                    </TextEquiv>
                </Word>
                <Word id="tr_4_tl_21_w4" custom="readingOrder {index:3;}">
                    <Coords points="2276,2878 2276,2938 2304,2938 2304,2878"/>
                    <TextEquiv>
                        <Unicode>in</Unicode>
                    </TextEquiv>
                </Word>
                <Word id="tr_4_tl_21_w5" custom="readingOrder {index:4;}">
                    <Coords points="2349,2874 2349,2934 2486,2934 2486,2874"/>
                    <TextEquiv>
                        <Unicode>manchen</Unicode>
                    </TextEquiv>
                </Word>
                <Word id="tr_4_tl_21_w6" custom="readingOrder {index:5;}">
                    <Coords points="2531,2869 2531,2929 2638,2929 2638,2869"/>
                    <TextEquiv>
                        <Unicode>reichs¬</Unicode>
                    </TextEquiv>
                </Word>
                <TextEquiv>
                    <Unicode>letzten Zeit, namentlich in manchen reichs¬</Unicode>
                </TextEquiv>
            </TextLine>
            <TextLine id="tr_4_tl_22" custom="readingOrder {index:21;}">
                <Coords points="1796,2987 1955,2970 2082,2984 2153,2961 2170,2977 2230,2971 2221,2925 2171,2924 2144,2946 2118,2925 2004,2925 1969,2950 1939,2930 1843,2944 1798,2928"/>
                <Baseline points="1806,2968 1831,2968 1856,2968 1881,2968 1906,2966 1931,2965 1956,2965 1981,2965 2006,2965 2032,2963 2057,2962 2082,2962 2107,2961 2132,2960 2157,2959 2182,2959 2207,2959 2233,2959"/>
                <Word id="tr_4_tl_22_w1" custom="readingOrder {index:0;}">
                    <Coords points="1801,2928 1801,2988 1950,2988 1950,2928"/>
                    <TextEquiv>
                        <Unicode>deutschen</Unicode>
                    </TextEquiv>
                </Word>
                <Word id="tr_4_tl_22_w2" custom="readingOrder {index:1;}">
                    <Coords points="1983,2922 1983,2982 2126,2982 2126,2922"/>
                    <TextEquiv>
                        <Unicode>Kreisen,</Unicode>
                    </TextEquiv>
                </Word>
                <Word id="tr_4_tl_22_w3" custom="readingOrder {index:2;}">
                    <Coords points="2154,2919 2154,2979 2217,2979 2217,2919"/>
                    <TextEquiv>
                        <Unicode>eine</Unicode>
                    </TextEquiv>
                </Word>
                <TextEquiv>
                    <Unicode>deutschen Kreisen, eine</Unicode>
                </TextEquiv>
            </TextLine>
            <TextLine id="tr_4_tl_23" custom="readingOrder {index:22;}">
                <Coords points="1838,3017 2591,3004 2613,2947 1985,2994 1838,2978"/>
                <Baseline points="1845,3013 1883,3016 1922,3016 1960,3015 1999,3012 2037,3010 2076,3010 2114,3010 2153,3008 2191,3007 2230,3007 2269,3006 2307,3004 2346,3004 2384,3002 2423,3001 2461,2999 2500,2998 2538,2997 2577,2995 2616,2995"/>
                <Word id="tr_4_tl_23_w1" custom="readingOrder {index:0;}">
                    <Coords points="1840,2976 1840,3036 1968,3036 1968,2976"/>
                    <TextEquiv>
                        <Unicode>heftige,</Unicode>
                    </TextEquiv>
                </Word>
                <Word id="tr_4_tl_23_w2" custom="readingOrder {index:1;}">
                    <Coords points="2000,2970 2000,3030 2054,3030 2054,2970"/>
                    <TextEquiv>
                        <Unicode>von</Unicode>
                    </TextEquiv>
                </Word>
                <Word id="tr_4_tl_23_w3" custom="readingOrder {index:2;}">
                    <Coords points="2098,2969 2098,3029 2147,3029 2147,2969"/>
                    <TextEquiv>
                        <Unicode>den</Unicode>
                    </TextEquiv>
                </Word>
                <Word id="tr_4_tl_23_w4" custom="readingOrder {index:3;}">
                    <Coords points="2191,2961 2191,3021 2603,3021 2603,2961"/>
                    <TextEquiv>
                        <Unicode>Nationalsoziali¬</Unicode>
                    </TextEquiv>
                </Word>
                <TextEquiv>
                    <Unicode>heftige, von den Nationalsoziali¬</Unicode>
                </TextEquiv>
            </TextLine>
            <TextLine id="tr_4_tl_24" custom="readingOrder {index:23;}">
                <Coords points="1845,3063 2515,3056 2622,3041 2623,3003 1846,3023"/>
                <Baseline points="1854,3052 1892,3052 1931,3054 1969,3054 2008,3051 2046,3049 2085,3049 2123,3047 2162,3048 2200,3047 2239,3046 2278,3046 2316,3046 2355,3046 2393,3041 2432,3040 2470,3038 2509,3036 2547,3033 2586,3031 2625,3028"/>
                <Word id="tr_4_tl_24_w1" custom="readingOrder {index:0;}">
                    <Coords points="1840,3012 1840,3072 1908,3072 1908,3012"/>
                    <TextEquiv>
                        <Unicode>sten</Unicode>
                    </TextEquiv>
                </Word>
                <Word id="tr_4_tl_24_w2" custom="readingOrder {index:1;}">
                    <Coords points="1941,3009 1941,3069 2116,3069 2116,3009"/>
                    <TextEquiv>
                        <Unicode>betriebene</Unicode>
                    </TextEquiv>
                </Word>
                <Word id="tr_4_tl_24_w3" custom="readingOrder {index:2;}">
                    <Coords points="2143,3006 2143,3066 2302,3066 2302,3006"/>
                    <TextEquiv>
                        <Unicode>Agitation</Unicode>
                    </TextEquiv>
                </Word>
                <Word id="tr_4_tl_24_w4" custom="readingOrder {index:3;}">
                    <Coords points="2334,3002 2334,3062 2424,3062 2424,3002"/>
                    <TextEquiv>
                        <Unicode>gegen</Unicode>
                    </TextEquiv>
                </Word>
                <Word id="tr_4_tl_24_w5" custom="readingOrder {index:4;}">
                    <Coords points="2452,2994 2452,3054 2605,3054 2605,2994"/>
                    <TextEquiv>
                        <Unicode>sämtliche</Unicode>
                    </TextEquiv>
                </Word>
                <TextEquiv>
                    <Unicode>sten betriebene Agitation gegen sämtliche</Unicode>
                </TextEquiv>
            </TextLine>
            <TextLine id="tr_4_tl_25" custom="readingOrder {index:24;}">
                <Coords points="1838,3110 2369,3084 2503,3127 2599,3094 2601,3034 1839,3060"/>
                <Baseline points="1845,3090 1884,3090 1924,3092 1964,3093 2004,3091 2044,3090 2084,3090 2124,3088 2164,3084 2204,3084 2244,3084 2284,3084 2324,3082 2364,3079 2404,3078 2444,3078 2484,3078 2524,3077 2564,3072 2604,3069"/>
                <Word id="tr_4_tl_25_w1" custom="readingOrder {index:0;}">
                    <Coords points="1843,3051 1843,3111 1977,3111 1977,3051"/>
                    <TextEquiv>
                        <Unicode>deutsche</Unicode>
                    </TextEquiv>
                </Word>
                <Word id="tr_4_tl_25_w2" custom="readingOrder {index:1;}">
                    <Coords points="2017,3047 2017,3107 2238,3107 2238,3047"/>
                    <TextEquiv>
                        <Unicode>Schriftsteller</Unicode>
                    </TextEquiv>
                </Word>
                <Word id="tr_4_tl_25_w3" custom="readingOrder {index:2;}">
                    <Coords points="2278,3038 2278,3098 2499,3098 2499,3038"/>
                    <TextEquiv>
                        <Unicode>jüdischer</Unicode>
                    </TextEquiv>
                </Word>
                <Word id="tr_4_tl_25_w4" custom="readingOrder {index:3;}">
                    <Coords points="2547,3031 2547,3091 2585,3091 2585,3031"/>
                    <TextEquiv>
                        <Unicode>ab</Unicode>
                    </TextEquiv>
                </Word>
                <TextEquiv>
                    <Unicode>deutsche Schriftsteller jüdischer ab</Unicode>
                </TextEquiv>
            </TextLine>
            <TextLine id="tr_4_tl_26" custom="readingOrder {index:25;}">
                <Coords points="2135,3139 2151,3136 2171,3146 2194,3136 2211,3143 2238,3130 2254,3139 2270,3133 2284,3140 2323,3130 2323,3089 2293,3097 2274,3089 2260,3093 2250,3084 2238,3093 2216,3089 2186,3099 2135,3090"/>
                <Baseline points="2144,3126 2170,3124 2196,3123 2222,3123 2248,3123 2274,3123 2300,3123 2326,3123"/>
                <Word id="tr_4_tl_26_w1" custom="readingOrder {index:0;}">
                    <Coords points="2135,3083 2135,3143 2299,3143 2299,3083"/>
                    <TextEquiv>
                        <Unicode>stammung</Unicode>
                    </TextEquiv>
                </Word>
                <TextEquiv>
                    <Unicode>stammung</Unicode>
                </TextEquiv>
            </TextLine>
            <TextLine id="tr_4_tl_27" custom="readingOrder {index:26;}">
                <Coords points="1803,3193 2656,3172 2658,3109 2613,3093 2488,3134 2436,3102 2299,3142 1805,3133"/>
                <Baseline points="1812,3183 1854,3183 1896,3180 1939,3180 1981,3177 2024,3179 2066,3178 2108,3175 2151,3174 2193,3172 2236,3171 2278,3170 2320,3168 2363,3168 2405,3168 2448,3167 2490,3164 2532,3162 2575,3165 2617,3162 2660,3162"/>
                <Word id="tr_4_tl_27_w1" custom="readingOrder {index:0;}">
                    <Coords points="1814,3143 1814,3203 1871,3203 1871,3143"/>
                    <TextEquiv>
                        <Unicode>ein,</Unicode>
                    </TextEquiv>
                </Word>
                <Word id="tr_4_tl_27_w2" custom="readingOrder {index:1;}">
                    <Coords points="1893,3140 1893,3200 1936,3200 1936,3140"/>
                    <TextEquiv>
                        <Unicode>die</Unicode>
                    </TextEquiv>
                </Word>
                <Word id="tr_4_tl_27_w3" custom="readingOrder {index:2;}">
                    <Coords points="1965,3137 1965,3197 2030,3197 2030,3137"/>
                    <TextEquiv>
                        <Unicode>auch</Unicode>
                    </TextEquiv>
                </Word>
                <Word id="tr_4_tl_27_w4" custom="readingOrder {index:3;}">
                    <Coords points="2060,3136 2060,3196 2109,3196 2109,3136"/>
                    <TextEquiv>
                        <Unicode>zur</Unicode>
                    </TextEquiv>
                </Word>
                <Word id="tr_4_tl_27_w5" custom="readingOrder {index:4;}">
                    <Coords points="2132,3132 2132,3192 2225,3192 2225,3132"/>
                    <TextEquiv>
                        <Unicode>Folge</Unicode>
                    </TextEquiv>
                </Word>
                <Word id="tr_4_tl_27_w6" custom="readingOrder {index:5;}">
                    <Coords points="2255,3128 2255,3188 2355,3188 2355,3128"/>
                    <TextEquiv>
                        <Unicode>hatte,</Unicode>
                    </TextEquiv>
                </Word>
                <Word id="tr_4_tl_27_w7" custom="readingOrder {index:6;}">
                    <Coords points="2378,3128 2378,3188 2427,3188 2427,3128"/>
                    <TextEquiv>
                        <Unicode>daß</Unicode>
                    </TextEquiv>
                </Word>
                <Word id="tr_4_tl_27_w8" custom="readingOrder {index:7;}">
                    <Coords points="2458,3123 2458,3183 2637,3183 2637,3123"/>
                    <TextEquiv>
                        <Unicode>deutsche</Unicode>
                    </TextEquiv>
                </Word>
                <TextEquiv>
                    <Unicode>ein, die auch zur Folge hatte, daß deutsche</Unicode>
                </TextEquiv>
            </TextLine>
            <TextLine id="tr_4_tl_28" custom="readingOrder {index:27;}">
                <Coords points="1805,3235 2623,3212 2646,3166 1806,3192"/>
                <Baseline points="1812,3219 1853,3222 1895,3221 1937,3219 1979,3216 2021,3216 2062,3216 2104,3213 2146,3213 2188,3211 2230,3208 2271,3207 2313,3205 2355,3205 2397,3206 2439,3204 2480,3203 2522,3201 2564,3201 2606,3201 2648,3198"/>
                <Word id="tr_4_tl_28_w1" custom="readingOrder {index:0;}">
                    <Coords points="1804,3180 1804,3240 2020,3240 2020,3180"/>
                    <TextEquiv>
                        <Unicode>Sortimenter</Unicode>
                    </TextEquiv>
                </Word>
                <Word id="tr_4_tl_28_w2" custom="readingOrder {index:1;}">
                    <Coords points="2050,3173 2050,3233 2222,3233 2222,3173"/>
                    <TextEquiv>
                        <Unicode>erklärten,</Unicode>
                    </TextEquiv>
                </Word>
                <Word id="tr_4_tl_28_w3" custom="readingOrder {index:2;}">
                    <Coords points="2247,3167 2247,3227 2276,3227 2276,3167"/>
                    <TextEquiv>
                        <Unicode>es</Unicode>
                    </TextEquiv>
                </Word>
                <Word id="tr_4_tl_28_w4" custom="readingOrder {index:3;}">
                    <Coords points="2311,3165 2311,3225 2355,3225 2355,3165"/>
                    <TextEquiv>
                        <Unicode>sei</Unicode>
                    </TextEquiv>
                </Word>
                <Word id="tr_4_tl_28_w5" custom="readingOrder {index:4;}">
                    <Coords points="2380,3165 2380,3225 2433,3225 2433,3165"/>
                    <TextEquiv>
                        <Unicode>für</Unicode>
                    </TextEquiv>
                </Word>
                <Word id="tr_4_tl_28_w6" custom="readingOrder {index:5;}">
                    <Coords points="2463,3162 2463,3222 2502,3222 2502,3162"/>
                    <TextEquiv>
                        <Unicode>sie</Unicode>
                    </TextEquiv>
                </Word>
                <Word id="tr_4_tl_28_w7" custom="readingOrder {index:6;}">
                    <Coords points="2532,3161 2532,3221 2576,3221 2576,3161"/>
                    <TextEquiv>
                        <Unicode>ein</Unicode>
                    </TextEquiv>
                </Word>
                <Word id="tr_4_tl_28_w8" custom="readingOrder {index:7;}">
                    <Coords points="2611,3159 2611,3219 2640,3219 2640,3159"/>
                    <TextEquiv>
                        <Unicode>zu</Unicode>
                    </TextEquiv>
                </Word>
                <TextEquiv>
                    <Unicode>Sortimenter erklärten, es sei für sie ein zu</Unicode>
                </TextEquiv>
            </TextLine>
            <TextLine id="tr_4_tl_29" custom="readingOrder {index:28;}">
                <Coords points="1801,3272 2105,3256 2155,3283 2299,3248 2417,3283 2599,3239 2649,3275 2669,3200 1802,3235"/>
                <Baseline points="1809,3267 1852,3265 1895,3260 1938,3258 1981,3258 2024,3256 2067,3254 2111,3252 2154,3252 2197,3251 2240,3248 2283,3246 2326,3246 2369,3246 2413,3245 2456,3243 2499,3243 2542,3240 2585,3240 2628,3237 2672,3237"/>
                <Word id="tr_4_tl_29_w1" custom="readingOrder {index:0;}">
                    <Coords points="1810,3223 1810,3283 1914,3283 1914,3223"/>
                    <TextEquiv>
                        <Unicode>großes</Unicode>
                    </TextEquiv>
                </Word>
                <Word id="tr_4_tl_29_w2" custom="readingOrder {index:1;}">
                    <Coords points="1940,3217 1940,3277 2057,3277 2057,3217"/>
                    <TextEquiv>
                        <Unicode>Risiko,</Unicode>
                    </TextEquiv>
                </Word>
                <Word id="tr_4_tl_29_w3" custom="readingOrder {index:2;}">
                    <Coords points="2077,3212 2077,3272 2181,3272 2181,3212"/>
                    <TextEquiv>
                        <Unicode>Werke</Unicode>
                    </TextEquiv>
                </Word>
                <Word id="tr_4_tl_29_w4" custom="readingOrder {index:3;}">
                    <Coords points="2208,3208 2208,3268 2260,3268 2260,3208"/>
                    <TextEquiv>
                        <Unicode>von</Unicode>
                    </TextEquiv>
                </Word>
                <Word id="tr_4_tl_29_w5" custom="readingOrder {index:4;}">
                    <Coords points="2293,3206 2293,3266 2390,3266 2390,3206"/>
                    <TextEquiv>
                        <Unicode>Artur</Unicode>
                    </TextEquiv>
                </Word>
                <Word id="tr_4_tl_29_w6" custom="readingOrder {index:5;}">
                    <Coords points="2417,3200 2417,3260 2644,3260 2644,3200"/>
                    <TextEquiv>
                        <Unicode>Schnitzler</Unicode>
                    </TextEquiv>
                </Word>
                <TextEquiv>
                    <Unicode>großes Risiko, Werke von Artur Schnitzler</Unicode>
                </TextEquiv>
            </TextLine>
            <TextLine id="tr_4_tl_30" custom="readingOrder {index:29;}">
                <Coords points="1801,3315 1876,3300 1908,3320 1939,3305 1957,3315 2021,3299 2057,3306 2070,3293 2137,3296 2117,3263 2085,3256 2061,3268 2051,3256 2002,3269 1934,3259 1902,3275 1802,3275"/>
                <Baseline points="1809,3305 1834,3302 1860,3300 1885,3299 1911,3299 1936,3298 1962,3296 1987,3294 2013,3293 2038,3293 2064,3292 2089,3290 2115,3290 2141,3290"/>
                <Word id="tr_4_tl_30_w1" custom="readingOrder {index:0;}">
                    <Coords points="1806,3263 1806,3323 1837,3323 1837,3263"/>
                    <TextEquiv>
                        <Unicode>zu</Unicode>
                    </TextEquiv>
                </Word>
                <Word id="tr_4_tl_30_w2" custom="readingOrder {index:1;}">
                    <Coords points="1868,3253 1868,3313 2130,3313 2130,3253"/>
                    <TextEquiv>
                        <Unicode>verkaufen.</Unicode>
                    </TextEquiv>
                </Word>
                <TextEquiv>
                    <Unicode>zu verkaufen.</Unicode>
                </TextEquiv>
            </TextLine>
            <TextLine id="tr_4_tl_31" custom="readingOrder {index:30;}">
                <Coords points="1846,3351 2658,3333 2659,3282 2598,3270 2450,3298 2366,3270 2267,3310 1848,3309"/>
                <Baseline points="1854,3347 1894,3344 1934,3344 1975,3342 2015,3339 2056,3339 2096,3340 2137,3338 2177,3338 2218,3335 2258,3335 2298,3335 2339,3333 2379,3330 2420,3327 2460,3327 2501,3329 2541,3328 2582,3325 2622,3323 2663,3320"/>
                <Word id="tr_4_tl_31_w1" custom="readingOrder {index:0;}">
                    <Coords points="1847,3305 1847,3365 1894,3365 1894,3305"/>
                    <TextEquiv>
                        <Unicode>Es</Unicode>
                    </TextEquiv>
                </Word>
                <Word id="tr_4_tl_31_w2" custom="readingOrder {index:1;}">
                    <Coords points="1924,3302 1924,3362 2006,3362 2006,3302"/>
                    <TextEquiv>
                        <Unicode>freut</Unicode>
                    </TextEquiv>
                </Word>
                <Word id="tr_4_tl_31_w3" custom="readingOrder {index:2;}">
                    <Coords points="2036,3299 2036,3359 2112,3359 2112,3299"/>
                    <TextEquiv>
                        <Unicode>uns,</Unicode>
                    </TextEquiv>
                </Word>
                <Word id="tr_4_tl_31_w4" custom="readingOrder {index:3;}">
                    <Coords points="2137,3298 2137,3358 2189,3358 2189,3298"/>
                    <TextEquiv>
                        <Unicode>daß</Unicode>
                    </TextEquiv>
                </Word>
                <Word id="tr_4_tl_31_w5" custom="readingOrder {index:4;}">
                    <Coords points="2219,3295 2219,3355 2307,3355 2307,3295"/>
                    <TextEquiv>
                        <Unicode>durch</Unicode>
                    </TextEquiv>
                </Word>
                <Word id="tr_4_tl_31_w6" custom="readingOrder {index:5;}">
                    <Coords points="2331,3287 2331,3347 2490,3347 2490,3287"/>
                    <TextEquiv>
                        <Unicode>unsere</Unicode>
                    </TextEquiv>
                </Word>
                <Word id="tr_4_tl_31_w7" custom="readingOrder {index:6;}">
                    <Coords points="2520,3284 2520,3344 2649,3344 2649,3284"/>
                    <TextEquiv>
                        <Unicode>„Agita¬</Unicode>
                    </TextEquiv>
                </Word>
                <TextEquiv>
                    <Unicode>Es freut uns, daß durch unsere „Agita¬</Unicode>
                </TextEquiv>
            </TextLine>
            <TextLine id="tr_4_tl_32" custom="readingOrder {index:31;}">
                <Coords points="1808,3393 2626,3385 2662,3379 2664,3322 1808,3351"/>
                <Baseline points="1815,3386 1857,3383 1900,3386 1942,3384 1985,3381 2027,3380 2070,3378 2112,3377 2155,3375 2197,3376 2240,3376 2283,3374 2325,3374 2368,3373 2410,3371 2453,3370 2495,3368 2538,3368 2580,3368 2623,3365 2666,3365"/>
                <Word id="tr_4_tl_32_w1" custom="readingOrder {index:0;}">
                    <Coords points="1809,3343 1809,3403 1895,3403 1895,3343"/>
                    <TextEquiv>
                        <Unicode>tion"</Unicode>
                    </TextEquiv>
                </Word>
                <Word id="tr_4_tl_32_w2" custom="readingOrder {index:1;}">
                    <Coords points="1924,3343 1924,3403 1971,3403 1971,3343"/>
                    <TextEquiv>
                        <Unicode>die</Unicode>
                    </TextEquiv>
                </Word>
                <Word id="tr_4_tl_32_w3" custom="readingOrder {index:2;}">
                    <Coords points="2000,3338 2000,3398 2133,3398 2133,3338"/>
                    <TextEquiv>
                        <Unicode>diversen</Unicode>
                    </TextEquiv>
                </Word>
                <Word id="tr_4_tl_32_w4" custom="readingOrder {index:3;}">
                    <Coords points="2163,3334 2163,3394 2487,3394 2487,3334"/>
                    <TextEquiv>
                        <Unicode>Scheingrößen</Unicode>
                    </TextEquiv>
                </Word>
                <Word id="tr_4_tl_32_w5" custom="readingOrder {index:4;}">
                    <Coords points="2516,3327 2516,3387 2649,3387 2649,3327"/>
                    <TextEquiv>
                        <Unicode>außer</Unicode>
                    </TextEquiv>
                </Word>
                <TextEquiv>
                    <Unicode>tion" die diversen Scheingrößen außer</Unicode>
                </TextEquiv>
            </TextLine>
            <TextLine id="tr_4_tl_33" custom="readingOrder {index:32;}">
                <Coords points="1808,3441 1862,3449 1898,3429 1924,3442 1957,3426 1994,3446 2011,3431 2064,3442 2101,3422 2217,3419 2206,3378 2081,3392 2002,3381 1952,3405 1919,3383 1809,3395"/>
                <Baseline points="1815,3428 1840,3425 1865,3425 1891,3425 1916,3425 1941,3425 1967,3425 1992,3425 2018,3424 2043,3422 2068,3420 2094,3419 2119,3417 2144,3416 2170,3416 2195,3416 2221,3416"/>
                <Word id="tr_4_tl_33_w1" custom="readingOrder {index:0;}">
                    <Coords points="1813,3385 1813,3445 1926,3445 1926,3385"/>
                    <TextEquiv>
                        <Unicode>Kurs</Unicode>
                    </TextEquiv>
                </Word>
                <Word id="tr_4_tl_33_w2" custom="readingOrder {index:1;}">
                    <Coords points="1952,3384 1952,3444 2055,3444 2055,3384"/>
                    <TextEquiv>
                        <Unicode>gesetzt</Unicode>
                    </TextEquiv>
                </Word>
                <Word id="tr_4_tl_33_w3" custom="readingOrder {index:2;}">
                    <Coords points="2076,3376 2076,3436 2210,3436 2210,3376"/>
                    <TextEquiv>
                        <Unicode>werden.</Unicode>
                    </TextEquiv>
                </Word>
                <TextEquiv>
                    <Unicode>Kurs gesetzt werden.</Unicode>
                </TextEquiv>
            </TextLine>
            <TextEquiv>
                <Unicode></Unicode>
            </TextEquiv>
        </TextRegion>
    </Page>
</PcGts>
