3344 4352
101 276 238 336 12.

1391 272 1527 332 box
1600 276 1793 336 44/2

298 277 881 337 Schnitzler's
954 276 1185 336 Deatl

721 1297 1001 1357 RVER

274 1299 548 1359 OBS

367 1353 394 1413 I.
408 1353 527 1413 österr.
541 1353 688 1413 behördl.
702 1354 1004 1414 konzessioniertes

323 1394 560 1454 Unternehmen
589 1395 635 1455 für
659 1395 1050 1455 Zeitungs-Ausschnitte

373 1455 525 1515 WIEN,
553 1457 601 1517 I.,
630 1456 913 1516 WOLLZEILE
962 1457 1003 1517 11

471 1507 688 1567 TELEPHON
727 1509 900 1569 R-23-0-43

257 1648 490 1708 Ausschnitt
520 1650 619 1710 aus:

653 1844 755 1904 21.
765 1846 896 1906 OKT.
917 1843 1018 1903 1037

262 1866 377 1926 vom:

1133 1998 1254 2058 mählich
1292 2001 1481 2061 abgestoßen.
1524 2002 1565 2062 Es
1604 2004 1656 2064 gab
1693 2004 1761 2064 noch
1794 2005 1877 2065 durch
1931 2010 2015 2070 lange

2051 2010 2183 2070 gangen.
2218 2010 2281 2070 Das
2316 2013 2402 2073 Stück
2426 2016 2489 2076 war
2518 2016 2587 2076 auch
2616 2019 2749 2079 anfangs
2784 2019 2847 2079 eine
2876 2019 2927 2079 lose

209 2031 571 2091 Erinnerungen
612 2039 651 2099 an
693 2040 773 2100 den
814 2043 985 2103 Dichter
1016 2045 1085 2105 des

1133 2050 1202 2110 Zeit
1243 2049 1339 2109 einige
1375 2052 1541 2112 Familien,
1577 2052 1622 2112 die
1657 2055 1728 2115 mich
1764 2055 1869 2115 immer
1915 2058 2020 2118 wieder

2050 2057 2138 2117 Serie
2172 2061 2222 2121 von
2256 2061 2400 2121 Bildern.
2439 2064 2516 2124 Aber
2550 2064 2583 2124 da
2623 2067 2661 2127 ist
2689 2068 2716 2128 so
2750 2069 2844 2129 etwas
2884 2070 2933 2130 wie

1128 2097 1178 2157 als
1207 2097 1286 2157 Arzt
1314 2100 1398 2160 haben
1427 2102 1567 2162 wollten.
1596 2104 1652 2164 Ich
1681 2106 1742 2166 war
1771 2106 1804 2166 40
1839 2106 1934 2166 Jahre
1963 2107 2018 2167 alt,
2047 2109 2092 2169 ein
2126 2112 2334 2172 künstlerisches
2368 2113 2509 2173 Gewissen
2543 2115 2571 2175 in
2611 2117 2667 2177 mir
2695 2120 2836 2180 erwacht.
2870 2119 2926 2179 Ich

484 2117 825 2177 Wienerkums.

1130 2149 1177 2209 als
1210 2147 1246 2207 ich
1284 2147 1326 2207 die
1358 2151 1469 2211 Praxis
1502 2154 1654 2214 endgültig
1693 2155 1830 2215 aufgab."

2048 2159 2124 2219 sagte
2154 2159 2231 2219 mir:
2255 2162 2344 2222 Wenn
2380 2163 2414 2223 ich
2445 2164 2486 2224 ein
2522 2165 2616 2225 Stück
2641 2168 2776 2228 schreibe,
2801 2171 2871 2231 muß
2902 2171 2930 2231 es

417 2175 482 2235 Von
515 2180 692 2240 Friedrich
719 2183 894 2243 Wallisch.

1189 2201 1296 2261 „Mein
1325 2200 1410 2260 erstes
1439 2201 1540 2261 Stück,
1557 2202 1608 2262 das
1642 2202 1709 2262 über
1739 2204 1777 2264 die
1795 2205 1902 2265 Bühne
1931 2207 2015 2267 ging,
2044 2207 2112 2267 auch
2152 2210 2214 2270 eine
2254 2213 2463 2273 einwandfreie
2498 2216 2576 2276 Form
2628 2216 2718 2276 haben
2764 2219 2820 2279 und
2860 2219 2933 2279 darf

1131 2246 1195 2306 war
1222 2246 1276 2306 das
1309 2249 1491 2309 „Märchen'.
1524 2252 1572 2312 Es
1605 2252 1712 2312 erlebte
1745 2255 1804 2315 nur
1837 2258 1906 2318 zwei
1934 2257 2014 2317 Auf=
2047 2256 2122 2316 nicht
2155 2259 2176 2319 so
2209 2262 2338 2322 bleiben,
2366 2262 2413 2322 wie
2446 2263 2473 2323 es
2506 2265 2564 2325 mir
2597 2266 2618 2326 im
2667 2267 2748 2327 ersten
2786 2270 2931 2330 Entwurf

270 2291 320 2351 In
366 2297 416 2357 der
462 2300 749 2360 Hasenauerstraße,
788 2303 813 2363 in
864 2303 915 2363 dem
973 2306 1094 2366 Wiener

1128 2297 1318 2357 führungen.
1350 2300 1414 2360 Und
1446 2301 1541 2361 wissen
1573 2302 1642 2362 Sie,
1664 2303 1727 2363 was
1759 2305 1812 2365 mir
1844 2306 1886 2366 N.
1913 2306 1955 2366 N.
1977 2306 2013 2366 (ei

2045 2307 2104 2367 aus
2135 2309 2182 2369 der
2207 2309 2297 2369 Feder
2328 2315 2461 2375 geflossen
2492 2315 2539 2375 ist.
2570 2315 2630 2375 Ich
2661 2318 2708 2378 zog
2739 2318 2769 2378 es
2800 2320 2824 2380 in
2860 2321 2926 2381 Akte

205 2347 421 2407 Villenviertel
444 2347 497 2407 von
525 2350 687 2410 Währing,
709 2353 790 2413 steigt
812 2353 866 2413 aus
894 2353 942 2413 dem
986 2354 1094 2414 Rasen¬

1126 2347 1229 2407 nennt
1254 2347 1302 2407 den
1332 2348 1444 2408 Namen
1479 2350 1557 2410 eines
1587 2353 1945 2413 Operettenlibrettisten)
1970 2356 2013 2416 ge¬

2040 2359 2212 2419 zusammen
2256 2359 2309 2419 und
2353 2363 2417 2423 sah,
2450 2363 2498 2423 daß
2542 2365 2595 2425 das
2639 2368 2714 2428 ganz
2752 2368 2805 2428 gut
2844 2370 2929 2430 ging.

209 2398 332 2458 teppich,
364 2395 409 2455 der
446 2397 497 2457 den
534 2401 677 2461 Fahrweg
714 2402 868 2462 begleitet,
905 2404 961 2464 das
1008 2404 1079 2464 dicht

1130 2395 1195 2455 sagt
1223 2398 1294 2458 hat?
1317 2398 1421 2458 „Wenn
1455 2398 1504 2458 das
1532 2400 1625 2460 Stück
1648 2401 1697 2461 von
1737 2403 1791 2463 mir
1819 2404 1912 2464 wäre,
1935 2406 2012 2466 hätte
2040 2406 2133 2466 Denn
2172 2407 2199 2467 es
2233 2407 2271 2467 ist
2299 2409 2349 2469 kein
2388 2413 2509 2473 Zufall,
2537 2414 2591 2474 daß
2631 2415 2674 2475 die
2702 2419 2928 2479 Bühnenwerke

1130 2446 1155 2506 es
1192 2446 1253 2506 eine
1290 2446 1377 2506 Serie
1409 2448 1527 2508 erlebt."
1564 2449 1604 2509 Er
1641 2451 1676 2511 ist
1703 2452 1769 2512 eben
1811 2453 1852 2513 ein
1889 2456 1991 2516 bessere

206 2445 371 2505 Blattwerk
397 2446 443 2506 der
470 2451 733 2511 Schlingpflanzen
764 2452 805 2512 bis
837 2453 862 2513 zu
894 2452 940 2512 den
971 2455 1090 2515 Kroner

2040 2455 2085 2515 die
2109 2458 2219 2518 strenge
2249 2461 2324 2521 Form
2365 2461 2411 2521 der
2441 2461 2510 2521 Akte
2534 2464 2662 2524 besitzen.
2698 2465 2767 2525 Das
2796 2467 2848 2527 hat
2872 2469 2929 2529 eine

197 2494 242 2554 der
269 2497 468 2557 Alleebäume
494 2500 560 2560 auf.
592 2500 637 2560 So
664 2500 735 2560 fuhr
766 2503 827 2563 man
864 2503 997 2563 zwischen
1033 2503 1099 2563 zwei

1128 2495 1392 2555 Geschäftsmann.
1432 2500 1475 2560 Er
1509 2500 1585 2560 hätte
1619 2502 1707 2562 besser
1741 2503 1928 2563 verstanden,
1956 2505 2005 2565 sich
2044 2504 2110 2564 tiefe
2149 2509 2375 2569 Begründung,
2403 2512 2469 2572 eine
2502 2515 2739 2575 Berechtigung,
2773 2516 2816 2576 die
2856 2516 2916 2576 man

198 2544 331 2604 Mauern
372 2546 430 2606 aus
471 2547 638 2607 lebendigem
689 2550 773 2610 Grün
818 2551 976 2611 hindurch,
1006 2553 1084 2613 wenn

1130 2547 1156 2607 in
1188 2544 1288 2604 Szene
1320 2547 1351 2607 zu
1384 2547 1483 2607 setzen.
1521 2549 1589 2609 Das
1627 2551 1731 2611 meinte
1764 2551 1795 2611 er
1827 2553 1885 2613 mit
1922 2554 2006 2614 dieser

2041 2556 2121 2616 nicht
2156 2559 2348 2619 ohneweiters
2389 2562 2545 2622 verneinen
2587 2565 2714 2625 darf...

1133 2592 1321 2652 Außerung."

212 2593 276 2653 man
316 2593 348 2653 zu
381 2598 505 2658 Arthur
531 2597 708 2657 Schnitzlers
741 2600 923 2660 Wohnhaus
970 2604 995 2664 in
1048 2604 1093 2664 der

2098 2615 2192 2675 Wenn
2231 2616 2282 2676 wir
2314 2616 2358 2676 die
2384 2618 2486 2678 Werke
2512 2622 2632 2682 Arthur
2659 2625 2836 2685 Schnitzlers
2875 2625 2913 2685 an

204 2643 497 2703 Sternwartestraße
536 2649 675 2709 gelangen
722 2649 834 2709 wollte.

1176 2643 1283 2703 „Mein
1317 2646 1457 2706 „Anatol'
1480 2648 1513 2708 ist
1537 2649 1559 2709 im
1599 2652 1700 2712 Jahre
1728 2649 1807 2709 1892
1836 2652 1993 2712 erschienen

2039 2664 2099 2724 uns
2133 2667 2355 2727 vorüberziehen
2394 2670 2500 2730 lassen,
2534 2673 2633 2733 finden
2673 2673 2727 2733 wir
2761 2674 2800 2734 die
2834 2676 2928 2736 merk¬

1120 2692 1188 2752 Der
1215 2694 1320 2754 Zyllus
1342 2694 1389 2754 als
1411 2696 1526 2756 Ganzes
1553 2698 1584 2758 ist
1606 2700 1653 2760 zum
1690 2701 1848 2761 erstenmal
1870 2701 1885 2761 —
1928 2701 2001 2761 1910

259 2694 415 2754 Inmitten
447 2696 525 2756 eines
552 2696 640 2756 stillen
667 2700 802 2760 Gartens
824 2700 897 2760 liegt
918 2700 970 2760 das
997 2703 1080 2763 Haus

2037 2715 2169 2775 würdige
2197 2718 2357 2778 Tatsache,
2391 2718 2440 2778 daß
2480 2721 2506 2781 es
2540 2721 2567 2781 im
2612 2721 2722 2781 Grund
2756 2725 2816 2785 doch
2867 2727 2921 2787 nur

201 2741 269 2801 Vom
320 2744 434 2804 Balkon
480 2744 554 2804 sieht
589 2747 651 2807 man
697 2747 753 2807 auf
788 2748 833 2808 die
874 2750 993 2810 Kirchen
1039 2750 1089 2810 und

1122 2744 1301 2804 aufgeführt
1325 2744 1457 2804 worden,
1487 2747 1550 2807 also
1586 2749 1643 2809 fast
1673 2748 1707 2808 20
1748 2752 1846 2812 Jahre
1882 2753 1991 2813 später.

2037 2765 2130 2825 einige
2170 2765 2280 2825 wenige
2314 2768 2463 2828 Gestalten
2503 2768 2557 2828 und
2603 2771 2723 2831 Motive
2758 2773 2840 2833 sind,
2880 2774 2923 2834 die

204 2790 319 2850 Dächer
350 2792 400 2852 der
437 2795 532 2855 fernen
568 2796 739 2856 lärmenden
781 2798 886 2858 Stadt.

1179 2801 1343 2861 „Mancher
1371 2804 1580 2864 Schriftsteller
1608 2807 1722 2867 diktiert
1745 2808 1772 2868 in
1800 2809 1843 2869 die
1871 2810 1992 2870 Schreib

2042 2816 2094 2876 fast
2111 2816 2168 2876 alle
2190 2816 2263 2876 seine
2285 2819 2491 2879 Schöpfungen
2518 2820 2723 2880 beherrschen:
2750 2823 2813 2883 Der
2840 2825 2924 2885 ober¬

253 2843 323 2903 Aus
356 2846 649 2906 Alltagsgesprächen
688 2846 742 2906 mit
769 2849 927 2909 Schnitzler
960 2850 1030 2910 hab'
1052 2850 1090 2910 ich

1122 2852 1269 2912 maschine
1300 2854 1405 2914 darauf
1436 2855 1500 2915 los,
1525 2855 1577 2915 und
1613 2857 1708 2917 damit
1738 2859 1772 2919 ist
1797 2860 1873 2920 seine
1904 2861 2009 2921 Arbeit

2036 2864 2162 2924 flächlich
2195 2867 2369 2927 genießende
2402 2867 2586 2927 Lebemann,
2624 2873 2671 2933 das
2709 2873 2777 2933 süße
2804 2876 2925 2936 Mädel,

201 2891 244 2951 die
284 2894 438 2954 folgenden
483 2894 676 2954 Außerungen
726 2900 952 2960 aufgezeichnet.
1019 2898 1080 2958 Und
1125 2900 1230 2960 getan.
1263 2903 1357 2963 Dann
1396 2903 1456 2963 liest
1484 2903 1539 2963 er's
1574 2907 1689 2967 einmal
1717 2909 1800 2969 durch
1839 2910 1905 2970 oder
1938 2911 1993 2971 aud

2032 2909 2078 2969 die
2109 2915 2289 2975 dämonische
2321 2918 2418 2978 Frau,
2444 2918 2506 2978 oder
2538 2921 2723 2981 anderseits:
2749 2923 2800 2983 das
2837 2924 2914 2984 Wien

195 2942 278 3002 wenn
315 2941 356 3001 ich
388 2943 466 3003 diese
493 2944 596 3004 Worte
634 2944 737 3004 wieder
769 2947 837 3007 lese,
869 2949 904 3009 ist
931 2947 962 3007 es
999 2949 1077 3009 wahr

1121 2950 1212 3010 nicht.
1245 2952 1325 3012 Sehr
1352 2953 1400 3013 oft
1422 2953 1470 3013 hat
1503 2954 1567 3014 man
1595 2956 1648 3016 den
1681 2958 1837 3018 Eindruck,
1865 2959 1913 3019 daß
1946 2959 1999 3019 er's
2037 2961 2085 3021 der
2113 2962 2177 3022 Zeit
2199 2965 2231 3025 um
2274 2965 2344 3025 1900
2377 2967 2436 3027 oder
2464 2968 2533 3028 aber
2561 2970 2711 3030 allgemein
2744 2973 2921 3033 menschliche

201 2992 296 3052 haftig
331 2993 358 3053 er
387 2995 488 3055 selbst,
511 2995 562 3055 der
590 2995 624 3055 da
658 2996 731 3056 über
765 2998 855 3058 seinen
895 2998 985 3058 stillen
1019 3001 1081 3061 Tod
1121 3001 1177 3061 gar
1211 3001 1289 3061 nicht
1318 3004 1515 3064 durchgelesen
1555 3006 1622 3066 hat.
1657 3007 1713 3067 Ich
1753 3007 1820 3067 kann
1866 3009 1944 3069 nicht
1973 3012 2001 3072 so

2036 3011 2191 3071 Probleme
2222 3015 2273 3075 eng
2305 3016 2491 3076 umgrenzter
2522 3020 2594 3080 Art,
2621 3020 2672 3080 wie
2703 3023 2920 3083 beispielsweise

199 3043 319 3103 hinaus
354 3043 386 3103 zu
428 3043 487 3103 uns
522 3044 642 3104 spricht:

1121 3049 1269 3109 arbeiten.
1308 3052 1413 3112 Meine
1446 3052 1583 3112 „Liebelei
1623 3057 1843 3117 beispielsweise
1877 3061 1926 3121 hat
1960 3061 2003 3121 die
2037 3061 2080 3121 die
2120 3064 2335 3124 Trostlosigkeit
2374 3067 2423 3127 des
2462 3067 2599 3127 Suchens
2644 3070 2710 3130 nach
2754 3074 2925 3134 Wahrheit.

264 3091 343 3151 „Die
375 3094 466 3154 ganze
498 3094 584 3154 Welt
609 3095 645 3155 ist
671 3094 762 3154 Stoff
788 3097 837 3157 für
868 3097 917 3157 den
960 3099 1077 3159 Dichter

1113 3100 1349 3160 verschiedensten
1386 3103 1597 3163 Wandlungen
1633 3108 1865 3168 durchgemacht.
1901 3110 2004 3170 Zuerst

2037 3112 2191 3172 Schnitzler
2226 3112 2236 3172 —
2292 3114 2335 3174 der
2364 3115 2391 3175 in
2425 3118 2507 3178 Wien
2541 3119 2635 3179 lebte,
2663 3120 2712 3180 mit
2741 3122 2824 3182 Wien
2857 3124 2923 3184 ver¬

195 3141 244 3201 Es
278 3141 399 3201 handelt
427 3143 476 3203 sich
504 3144 653 3204 eigentlich
686 3144 746 3204 nur
775 3147 902 3207 darum,
936 3147 990 3207 das
1024 3147 1084 3207 Un=
1118 3149 1183 3209 war
1212 3150 1239 3210 es
1278 3150 1316 3210 ein
1350 3153 1526 3213 Volksstück.
1560 3153 1598 3213 Es
1632 3156 1686 3216 gab
1720 3156 1797 3216 keine
1825 3158 1913 3218 Akte,
1936 3159 1979 3219 son

2029 3162 2155 3222 wachsen
2193 3162 2256 3222 war
2293 3165 2351 3225 und
2388 3165 2446 3225 nun
2489 3165 2515 3225 in
2553 3168 2636 3228 Wien
2679 3171 2752 3231 starb
2795 3168 2805 3228 —
2869 3174 2921 3234 hat

194 3192 351 3252 geeignete
383 3192 639 3252 auszuschalten."

1117 3200 1182 3260 dern
1216 3198 1276 3258 eine
1304 3201 1393 3261 Folge
1421 3204 1564 3264 mehrerer
1586 3204 1708 3264 Bilder.
1736 3204 1796 3264 Die
1819 3208 2000 3268 dämonische
2034 3210 2089 3270 das
2122 3211 2205 3271 Wien
2239 3214 2288 3274 der
2316 3216 2630 3276 Jahrhundertwende
2664 3221 2824 3281 einmalig,
2852 3220 2923 3280 end¬

252 3242 422 3302 „Reinliche
448 3243 619 3303 Trennung
645 3244 694 3304 des
720 3246 926 3306 Broterwerbs
957 3246 1007 3306 von
1037 3249 1082 3309 der

1118 3251 1200 3311 Frau
1236 3250 1282 3310 kam
1330 3253 1388 3313 auf
1413 3253 1460 3313 die
1490 3254 1613 3314 Bühne,
1643 3255 1683 3315 ein
1720 3255 1790 3315 Bild
1826 3258 1925 3318 spielte
1967 3260 1996 3320 in
2033 3261 2132 3321 gültig
2162 3264 2303 3324 gestaltet.
2334 3265 2380 3325 In
2410 3267 2498 3327 dieser
2522 3269 2746 3329 Beschränkung
2782 3272 2852 3332 liegt
2876 3271 2922 3331 die

198 3291 302 3351 Kunst
322 3291 407 3351 wäre
434 3291 486 3351 das
519 3294 636 3354 Ideal."

1110 3297 1165 3357 der
1209 3302 1396 3362 Tanzstunde
1435 3300 1446 3360 —
1507 3302 1644 3362 kurzum,
1673 3303 1705 3363 es
1739 3306 1804 3366 war
1838 3306 1882 3366 ein
1921 3309 1997 3369 ganz
2031 3311 2135 3371 Größe
2158 3313 2395 3373 bodenständiger
2417 3315 2521 3375 Kunst.
2544 3318 2637 3378 Hätte
2660 3318 2703 3378 sich
2726 3318 2775 3378 der
2798 3321 2913 3381 Dichter

261 3344 337 3404 „Ich
368 3341 468 3401 finde,
492 3342 539 3402 daß
575 3343 623 3403 sich
659 3341 705 3401 der
736 3344 866 3404 ärztliche
896 3346 996 3406 Beruf
1027 3347 1067 3407 seh

1113 3347 1241 3407 anderes
1273 3350 1376 3410 Stück.
1408 3350 1479 3410 Erst
1506 3352 1567 3412 nach
1604 3353 1748 3413 mehreren
1790 3356 1981 3416 Umarbeitun

2030 3359 2099 3419 laut
2132 3359 2186 3419 und
2219 3362 2338 3422 deutlich
2371 3363 2451 3423 einer
2484 3365 2608 3425 Partei,
2636 3368 2716 3428 einer
2750 3372 2911 3432 politischen

194 3393 256 3453 gut
285 3390 341 3450 mit
376 3390 421 3450 dem
473 3389 523 3449 des
564 3392 791 3452 Schriftstellers
826 3396 979 3456 verträgt.
1030 3397 1081 3457 Ich

1113 3398 1165 3458 gen
1203 3398 1256 3458 hat
1288 3400 1314 3460 es
1352 3401 1393 3461 die
1426 3401 1643 3461 gegenwärtige
1675 3404 1791 3464 Gestalt
1823 3406 2003 3466 bekommen.

2030 3408 2096 3468 oder
2124 3410 2333 3470 künstlerischen
2367 3416 2510 3476 Richtung
2538 3419 2748 3479 verschrieben,
2782 3421 2809 3481 so
2837 3422 2914 3482 wäre

187 3445 276 3505 selbst
302 3443 372 3503 habe
399 3443 494 3503 meine
514 3445 628 3505 Praxis
655 3446 699 3506 als
732 3446 808 3506 Arzt
834 3446 892 3506 nur
918 3447 994 3507 ganz
1021 3449 1078 3509 all¬
1104 3449 1180 3509 Mit
1206 3450 1257 3510 dem
1303 3451 1423 3511 „Weiten
1463 3452 1559 3512 Land'
1585 3452 1623 3512 ist
1649 3453 1681 3513 es
1713 3454 1770 3514 mir
1803 3455 1918 3515 ähnlich
1950 3455 1994 3515 er=
2027 3458 2084 3518 sein
2117 3461 2212 3521 Name
2232 3463 2264 3523 ei
2304 3466 2476 3526 Programm
2521 3467 2687 3527 geworden.
2720 3468 2764 3528 Da
2797 3470 2822 3530 er
2854 3470 2911 3530 dies
