3344 4352
322 300 798 360 Schnitzler
866 300 894 360 s
962 292 1190 352 Death

120 303 194 363 12

204 482 391 542 Trauer
422 477 461 537 um
506 475 698 535 Schnitzler.
729 470 797 530 Wie
827 467 921 527 unser
951 464 1139 524 fd.=Korre¬

129 523 281 583 spondent
309 518 366 578 aus
398 517 514 577 Wien
551 512 683 572 melder,
705 507 931 567 deränstäktete
959 503 1005 563 die
1032 500 1137 560 „Con¬

128 562 249 622 cordia“
273 559 389 619 gestern
418 555 483 615 eine
507 550 717 610 Trauerfeier
741 546 792 606 für
811 544 937 604 Arthur
956 542 1148 602 Schnitzler,

128 603 179 663 der
212 599 272 659 seit
300 595 426 655 Jahren
468 591 566 651 dieser
599 583 1046 643 Schriftstellervereinigung
1084 576 1139 636 an¬

129 642 242 702 gehört
258 637 356 697 hatte.
381 634 460 694 Auch
485 633 509 693 in
540 629 588 689 der
609 625 811 685 Gesellschaft
832 622 880 682 der
901 620 1014 680 Aerzte
1035 617 1143 677 wurde

132 679 180 739 des
218 676 299 736 toten
339 673 487 733 Dichters
526 667 588 727 und
627 665 742 725 Arztes
781 663 909 723 herzlich
944 658 1082 718 gedacht.

137 719 176 779 Es
211 715 245 775 ist
270 714 339 774 hier
369 711 462 771 jedoch
492 708 561 768 sehr
591 703 802 763 aufgefallen,
828 699 881 759 daß
912 696 1000 756 kein
1035 694 1148 754 Mit¬

136 756 251 816 glied
281 751 352 811 der
378 745 751 805 österreichischen
786 737 1044 797 Regierung
1074 732 1149 792 per¬

140 795 244 855 sönlich
283 791 335 851 der
369 786 512 846 Familie
546 783 598 843 das
637 778 766 838 Beileid
800 773 1043 833 ausgesprochen
1087 771 1153 831 hat,

139 834 286 894 während
311 829 350 889 ein
380 825 685 885 Beileidsschreiben
715 819 758 879 des
784 815 979 875 preußischen
1010 810 1147 870 Kultus¬

145 871 298 931 ministers
348 864 550 924 Grimme
593 861 636 921 an
686 858 882 918 Schnitzlers
926 852 1024 912 Sohn
1074 849 1147 909 ein¬

140 915 294 975 getroffen
334 908 383 968 ist.

566 970 587 1030 2
612 976 668 1036 5.
681 988 770 1048 017

410 1043 571 1103 Dreniee
584 1052 721 1112 deuste
734 1055 920 1115 Aacerteitg

672 1396 967 1456 RVER

334 1461 357 1521 I.
372 1461 493 1521 österr.
503 1461 653 1521 behördl.
663 1457 962 1517 konzessioniertes

288 1503 522 1563 Unternehmen
551 1500 598 1560 für
627 1500 1009 1560 Zeitungs-Ausschnitte

341 1560 488 1620 WIEN,
517 1561 566 1621 I.,
595 1562 877 1622 WOLLZEILE
928 1559 970 1619 11

439 1613 656 1673 TELEPHON
691 1610 869 1670 R-23-0-43

253 1756 473 1816 Ausschnitt
493 1748 593 1808 aulis
603 1739 704 1799 Kleine
723 1733 823 1793 Blatt,
834 1726 906 1786 Wen

622 1900 639 1960 2
676 1897 730 1957 5.
749 1901 876 1961 01.
895 1897 1003 1957 1937

249 1981 356 2041 vom:

246 2058 686 2118 Schnitzler-Gedenkfeier
734 2058 795 2118 bei
823 2058 937 2118 Radio
979 2058 1100 2118 Wien.

538 2122 645 2182 Heute
674 2124 803 2184 mittag,

300 2180 397 2240 Heute
444 2177 588 2237 Sonntag
640 2177 709 2237 wird
756 2177 853 2237 Raßlo
906 2177 986 2237 Wien
1039 2177 1078 2237 um

246 2219 319 2279 13.10
354 2225 412 2285 Uhr
458 2222 526 2282 eine
551 2222 639 2282 Feier
684 2221 900 2281 veranstalten,
940 2219 984 2279 die
1033 2219 1077 2279 dem

241 2264 394 2324 Gedenken
447 2264 547 2324 Artur
576 2264 829 2324 Schnitzlers
877 2264 1006 2324 geweiht
1050 2264 1102 2324 ist.

244 2307 301 2367 Dr.
321 2308 411 2368 Ernst
431 2309 588 2369 Lothar
613 2307 684 2367 wird
709 2306 751 2366 die
776 2306 962 2366 Gedenkrede
986 2306 1101 2366 halten.

244 2350 332 2410 Dann
382 2353 460 2413 folgt
506 2350 569 2410 eine
594 2348 791 2408 Aufführung
841 2348 890 2408 von
920 2347 1097 2407 Schnitzlers

244 2395 406 2455 einaktigem
450 2393 541 2453 Spiel
565 2393 594 2453 in
623 2394 728 2454 Versen
767 2392 982 2452 „Paracelsus"
1011 2389 1097 2449 unter

245 2440 291 2500 der
322 2437 528 2497 Spielleitung
580 2437 631 2497 von
668 2437 730 2497 Dr.
751 2434 832 2494 Hans
879 2434 1101 2494 Nüchtern.

243 2479 314 2539 Auch
344 2481 392 2541 das
421 2479 541 2539 Wiener
566 2479 917 2539 Symphonie=Orchester
946 2479 1033 2539 unter
1057 2476 1100 2536 der

250 2524 372 2584 Leitung
399 2524 526 2584 Oswald
568 2525 775 2585 Kabastas
823 2524 897 2584 wird
940 2524 976 2584 an
1009 2523 1098 2583 dieser

241 2568 331 2628 Feier
363 2568 547 2628 mitwirken.

336 2958 1058 3018 OBSERVER

429 3016 452 3076 l.
467 3016 587 3076 österr.
597 3019 745 3079 behördl.
760 3025 1056 3085 konzessioniertes

383 3058 617 3118 Unternehmen
646 3061 694 3121 für
718 3067 1101 3127 Zeitungs-Ausschnitte

430 3113 582 3173 WIEN,
606 3121 655 3181 I.,
685 3126 962 3186 WOLLZEILE
1015 3129 1057 3189 11

528 3171 743 3231 TELEPHON
778 3177 949 3237 R-23-0-43

336 3313 637 3373 Ausschnittgns
664 3320 764 3380 Preie
778 3311 915 3371 Presee,
931 3291 1016 3351 Alca

730 3454 747 3514 2
778 3453 826 3513 5.
856 3455 971 3515 OKT.
991 3458 1097 3518 1931

323 3535 436 3595 vom:

443 3634 631 3694 Dramaturg
662 3632 807 3692 Professor
830 3625 968 3685 Heinrich
990 3622 1274 3682 Glücksmann

167 3680 214 3740 hat
244 3679 349 3739 gestern
397 3676 473 3736 seine
503 3673 810 3733 theatergeschichtliche
846 3668 1122 3728 Unterrichtsstunde
1170 3663 1193 3723 in
1235 3661 1275 3721 der

167 3721 226 3781 Dr.
257 3719 402 3779 Beerschen
443 3718 644 3778 Elevenschule
675 3716 730 3776 mit
765 3712 836 3772 einer
861 3711 1057 3771 Kundgebung
1098 3708 1148 3768 für
1173 3704 1283 3764 Arthur

166 3762 392 3822 Schnitzler
433 3759 598 3819 eingeleitet.
629 3754 644 3814 —
705 3756 745 3816 In
786 3756 831 3816 der
867 3754 896 3814 am
947 3752 997 3812 22.
1018 3750 1047 3810 d.
1078 3746 1279 3806 abgehaltenen

169 3804 503 3864 Generalversammlung
539 3802 582 3862 des
618 3798 755 3858 Vereines
790 3795 833 3855 der
868 3793 986 3853 Wiener
1017 3791 1286 3851 Schauspiel¬

172 3848 241 3908 und
272 3844 663 3904 Musikreferenten
694 3840 744 3900 kam
784 3840 809 3900 es
840 3839 864 3899 zu
900 3835 970 3895 einer
1000 3834 1125 3894 solennen
1156 3829 1286 3889 Trauer¬

172 3889 353 3949 kundgebung
395 3887 440 3947 für
482 3885 596 3945 Arthur
628 3882 876 3942 Schnitzler.
913 3877 969 3937 Die
1007 3874 1281 3934 Vorstandswahlen

169 3929 287 3989 ergaben
323 3929 467 3989 folgendes
504 3926 662 3986 Refultat:
694 3921 761 3981 Für
792 3922 833 3982 die
870 3920 987 3980 Gruppe
1024 3917 1070 3977 der
1101 3915 1291 3975 Schauspiel¬

169 3973 319 4033 referenten
354 3971 505 4031 Präsident
536 3967 762 4027 Chefredakteur
792 3962 897 4022 Julius
933 3959 1048 4019 Bauer,
1074 3956 1289 4016 Vizepräsident

178 4013 257 4073 Hans
284 4013 410 4073 Brecka,
426 4010 636 4070 Schriftführer
663 4007 721 4067 Dr.
738 4007 779 4067 D.
796 4008 832 4068 J.
854 4004 953 4064 Bach;
975 4002 1022 4062 für
1044 4001 1080 4061 die
1102 4000 1222 4060 Gruppe
1244 3995 1285 4055 der

175 4055 463 4115 Musikreferenten:
484 4052 633 4112 Präsident
659 4049 803 4109 Professor
829 4046 911 4106 Josef
932 4043 1055 4103 Reitler,
1076 4040 1292 4100 Vizepräsident

179 4100 235 4160 Dr.
256 4099 338 4159 Paul
369 4097 497 4157 Stefan,
524 4094 739 4154 Schriftführer
771 4088 920 4148 Professor
951 4085 1017 4145 Dr.
1039 4082 1146 4142 Robert
1183 4080 1296 4140 Konta,

176 4140 355 4200 Delegierter
397 4138 443 4198 bei
484 4138 530 4198 der
573 4132 778 4192 Organisation
825 4129 870 4189 der
912 4126 1030 4186 Wiener
1067 4125 1164 4185 Presse
1206 4121 1298 4181 Adolf

1424 285 1554 345 box
1629 282 1817 342 44/1

1681 737 1938 797 SRRLINEL
1974 773 2291 833 TAGEBIATY

1707 826 1962 886 ee

1829 938 1837 998 2
1867 937 1887 997 6
1926 950 2053 1010 OKT.
2073 959 2141 1019 193

1427 1019 1448 1079 *
1487 1017 1761 1077 Schnitzler-Feier
1795 1013 1843 1073 des
1870 1013 2118 1073 Staatstheaters.
2146 1012 2210 1072 Das
2238 1013 2394 1073 staatliche
2421 1011 2539 1071 Schau¬

1379 1067 1533 1127 spielhaus
1570 1064 1641 1124 wird
1683 1062 1770 1122 einee
1786 1056 1997 1116 Gedenkfeier
2029 1052 2074 1112 für
2111 1055 2229 1115 Arthur
2266 1055 2435 1115 Schnitzler
2472 1052 2538 1112 ver¬

1377 1108 1546 1168 anstalten.
1586 1105 1642 1165 Die
1677 1102 1806 1162 näheren
1835 1097 2037 1157 Einzelheiten
2072 1096 2122 1156 dér
2151 1094 2240 1154 Feier
2269 1097 2387 1157 werden
2421 1100 2443 1160 in
2478 1100 2528 1160 den

1379 1153 1519 1213 nächsten
1553 1151 1650 1211 Tagen
1683 1145 1976 1205 bekanntgegeben.

1599 1719 2312 1779 DOBSERVER

1692 1783 1714 1843 I.
1723 1783 1846 1843 österr.
1856 1777 2006 1837 behördl.
2021 1767 2317 1827 konzessioniertes

1642 1824 1875 1884 Unternehmen
1909 1816 1955 1876 für
1979 1809 2366 1869 Zeitungs-Ausschnitte

1695 1885 1846 1945 WIEN,
1875 1881 1922 1941 I.,
1944 1874 2225 1934 WOLLZEILE
2275 1863 2315 1923 11

1793 1930 2009 1990 TELEPHON
2050 1922 2227 1982 R-23-0-43

1609 2080 1835 2140 Ausschnitt
1848 2070 1960 2130 ASES
1995 2071 2141 2131 BIENEE
2177 2085 2243 2145 PAO
2268 2097 2391 2157 SDAEE

2007 2243 2068 2303 26
2122 2254 2257 2314 OKT.
2269 2266 2372 2326 1931

1620 2309 1724 2369 vom:

1809 2380 1876 2440 Die
1907 2383 2383 2443 Schnitzler=Gedenkfeier.

1599 2437 1662 2497 Der
1691 2440 1770 2500 erste
1799 2441 1877 2501 Satz
1900 2444 1956 2504 von
1992 2445 2170 2505 Schuberts
2207 2449 2500 2509 „Unvollendeter"
2529 2451 2579 2511 als
2608 2450 2678 2510 Be¬

1494 2486 1594 2546 ginn.
1615 2486 1804 2546 Zweifellos
1837 2488 1873 2548 ist
1901 2488 1963 2548 dies
1995 2491 2116 2551 Musik,
2138 2491 2185 2551 die
2217 2495 2391 2555 Schnitzler
2423 2497 2591 2557 verwandt
2623 2497 2675 2557 ist:

1499 2531 1524 2591 in
1561 2531 1647 2591 ihrer
1674 2532 1818 2592 Anmut,
1839 2534 1926 2594 ihrer
1957 2536 2168 2596 Melancholie
2200 2538 2261 2598 und
2292 2541 2353 2601 mit
2374 2542 2462 2602 ihren
2499 2545 2668 2605 tragischen

1499 2577 1671 2637 Schatten.
1712 2578 1813 2638 Dann
1849 2581 1955 2641 sprach
1986 2583 2087 2643 Ernst
2118 2585 2240 2645 Lothar
2291 2586 2341 2646 die
2372 2589 2595 2649 Gedenkrede.

1498 2625 1592 2685 folgte
1625 2623 1677 2683 das
1709 2625 1883 2685 Adagietto
1916 2628 1968 2688 für
2000 2630 2164 2690 Streicher
2196 2631 2259 2691 und
2291 2633 2397 2693 Harfe
2424 2634 2481 2694 aus
2519 2635 2671 2695 Mahlers

1495 2670 1633 2730 Fünfter
1665 2672 1892 2732 Symphonie,
1934 2673 1995 2733 wie
2042 2673 2098 2733 der
2130 2676 2207 2736 Satz
2233 2679 2414 2739 Schuberts
2471 2681 2527 2741 vom
2574 2682 2677 2742 Sym¬

1490 2715 1765 2775 phonieorchester
1816 2718 1911 2778 unter
1947 2720 2082 2780 Leitung
2118 2724 2273 2784 Kabastas
2309 2727 2545 2787 vorgetragen.
2585 2727 2670 2787 Auch

1495 2762 1632 2822 Mahler
1659 2762 1742 2822 stand
1775 2765 1869 2825 unter
1901 2765 1948 2825 den
1985 2766 2143 2826 Musikern
2181 2768 2354 2828 Schnitzler
2386 2771 2475 2831 wohl
2502 2773 2670 2833 besonders

1498 2807 1593 2867 nahe.
1614 2810 1672 2870 Oft
1699 2810 1757 2870 und
1789 2810 1836 2870 oft
1863 2811 1911 2871 sah
1943 2811 2011 2871 man
2043 2813 2217 2873 Schnitzler
2250 2816 2297 2876 bei
2324 2819 2577 2879 Aufführungen
2615 2818 2667 2878 von

1496 2855 1876 2915 Mahler=Symphonien
1913 2858 1943 2918 im
1990 2861 2222 2921 Konzertsaal.
2248 2861 2314 2921 Und
2356 2863 2417 2923 nun
2454 2864 2546 2924 schien
2583 2864 2670 2924 jenes

1490 2900 1662 2960 Adagietto
1695 2903 1906 2963 tiefsinnigste
1955 2904 2019 2964 und
2074 2906 2393 2966 beziehungsreichste
2426 2909 2674 2969 Trauermusik:

1497 2944 1548 3004 das
1583 2945 1832 3005 volksliedhafte
1861 2949 1993 3009 Thema,
2023 2950 2075 3010 das
2110 2953 2387 3013 leidenschaftliche
2417 2954 2584 3014 Bemühen
2619 2957 2659 3017 um

1492 2991 1606 3051 immer
1641 2991 1720 3051 neue
1750 2994 2023 3054 Verklärungen.

1591 3040 1658 3100 Zum
1698 3040 1816 3100 Schluß
1850 3040 1900 3100 der
1929 3040 2138 3100 Gedenkfeier
2166 3043 2273 3103 wurde
2302 3046 2493 3106 Schnitzleri
2522 3046 2673 3106 Vorspiel

1495 3085 1819 3145 „Paracelsus"
1846 3086 1902 3146 von
1943 3088 2030 3148 einem
2077 3089 2232 3149 erlesenen
2273 3091 2443 3151 Ensemble
2475 3091 2526 3151 des
2557 3093 2675 3153 Burg¬

1493 3129 1628 3189 theaters
1656 3132 1835 3192 gesprochen
1874 3132 2141 3192 (Wohlgemuth,
2158 3135 2310 3195 Seidler,
2326 3138 2538 3198 Hartmann,
2555 3138 2685 3198 Aslan,

1490 3177 1624 3237 Eidlitz,
1647 3177 1889 3237 Maierhofer).
1933 3180 2002 3240 Dr.
2030 3180 2186 3240 Nüchtern
2224 3182 2353 3242 führte,
2397 3183 2461 3243 gut
2494 3183 2671 3243 abtönend,

1492 3225 1608 3285 Regie.
1624 3225 1809 3285 Zweifellos
1836 3225 1904 3285 war
1931 3226 1989 3286 mit
2011 3228 2058 3288 dem
2101 3226 2254 3286 Einakter
2281 3229 2322 3289 ein
2355 3228 2423 3288 sehr
2445 3230 2671 3290 charakteristi¬

1494 3279 1565 3339 sches
1599 3279 1692 3339 Werk
1721 3279 1775 3339 des
1809 3279 1958 3339 Dichters
1992 3279 2152 3339 gewählt,
2191 3279 2445 3339 charakteristisch
2485 3280 2573 3340 durch
2606 3282 2661 3342 den

1500 3371 1758 3431 bsychologischen
1795 3374 2008 3434 Scharfblick,
2054 3374 2105 3434 der
2136 3374 2349 3434 unbewußtes
2387 3374 2452 3434 und
2505 3374 2674 3434 bewußtes

1496 3416 1654 3476 Erlebnis
1683 3419 1733 3479 der
1762 3419 1925 3479 Personen
1960 3419 2010 3479 des
2044 3422 2168 3482 Stückes
2197 3422 2264 3482 hier
2293 3423 2320 3483 zu
2355 3420 2518 3480 seltsamer
2547 3420 2682 3480 Einheit

1496 3464 1834 3524 zusammenschließt,
1857 3464 2112 3524 charakteristisch
2146 3467 2217 3527 auch
2257 3467 2350 3527 durch
2384 3464 2439 3524 das
2479 3464 2589 3524 Motiv
2629 3464 2678 3524 des

1495 3509 1654 3569 Spielens
1685 3509 1747 3569 mit
1773 3512 1989 3572 menschlichen
2025 3512 2138 3572 Seelen
2185 3512 2251 3572 und
2283 3512 2328 3572 die
2360 3512 2586 3572 Erkenntnis:
2612 3511 2673 3571 „Es

1499 3553 1604 3613 fließen
1639 3555 1841 3615 ineinander
1867 3556 1977 3616 Traum
2024 3557 2089 3617 und
2119 3557 2270 3617 Wachen,
2291 3556 2467 3616 Wahrheit
2493 3556 2558 3616 und
2589 3555 2689 3615 Lüge.

1496 3599 1679 3659 Sicherheit
1707 3601 1738 3661 ist
1766 3601 1944 3661 nirgends.
1966 3601 2036 3661 Wir
2063 3602 2166 3662 wissen
2199 3601 2296 3661 nichts
2329 3603 2383 3663 von
2416 3601 2561 3661 andern,
2583 3598 2680 3658 nichts

1495 3644 1554 3704 von
1584 3646 1671 3706 uns;
1697 3646 1755 3706 wir
1780 3646 1892 3706 spielen
1922 3646 2054 3706 immer,
2075 3646 2134 3706 wer
2164 3646 2192 3706 es
2223 3647 2320 3707 weiß,
2340 3646 2374 3706 ist
2394 3644 2497 3704 klug."
2522 3643 2590 3703 Und
2620 3641 2679 3701 wie

1498 3688 1540 3748 ein
1570 3687 1717 3747 Abschied
1751 3687 1808 3747 von
1842 3690 2014 3750 Schnitzler
2043 3691 2171 3751 klangen
2210 3691 2257 3751 die
2287 3691 2401 3751 Worte
2430 3688 2616 3748 Cyprians,
2640 3685 2668 3745 da

1498 3732 1692 3792 Paracelsus
1720 3735 1955 3795 weggegangen
1992 3735 2046 3795 ist:
2074 3735 2150 3795 „Ein
2187 3732 2405 3792 Sturmwind
2437 3732 2518 3792 kam,
2546 3730 2595 3790 der
2627 3727 2681 3787 hat

1494 3777 1553 3837 auf
1576 3777 1784 3837 Augenblicke
1812 3777 1856 3837 die
1880 3777 1965 3837 Tore
1993 3777 2106 3837 unsrer
2134 3777 2228 3837 Seele
2256 3775 2469 3835 aufgerissen,
2492 3773 2550 3833 wir
2578 3772 2673 3832 haben

1495 3822 1584 3882 einen
1617 3822 1696 3882 Blick
1718 3822 2009 3882 hineingetan....
2031 3822 2072 3882 Es
2099 3822 2135 3882 ist
2157 3822 2284 3882 vorbei,
2306 3822 2353 3882 die
2380 3819 2464 3879 Tore
2491 3817 2581 3877 fallen
2613 3816 2676 3876 zu."
