3392 4320
193 1313 208 1373 u
292 1314 609 1374 Arthur
677 1316 1110 1376 Schnitzler

201 1407 394 1467 Nekrolog

261 1479 401 1539 stehend,
421 1476 476 1536 von
512 1476 562 1536 dem
608 1477 783 1537 „einsamen
814 1479 909 1539 Weg“
939 1482 989 1542 der
1015 1483 1190 1543 altgewor¬

257 1515 355 1575 denen
393 1514 607 1574 enttäuschten
645 1518 902 1578 Puppenspieler
935 1521 995 1581 mit
1024 1521 1075 1581 dem
1127 1521 1196 1581 Da¬

263 1554 341 1614 sein,
361 1552 420 1612 von
455 1554 504 1614 dem
549 1554 637 1614 „Ruf
662 1554 711 1614 des
741 1557 908 1617 Lebens",
923 1557 977 1617 der
1002 1558 1081 1618 alles
1111 1557 1193 1617 Sin¬

257 1592 364 1652 nende
397 1591 458 1651 und
491 1593 607 1653 Selige
640 1594 836 1654 überbraust
869 1596 930 1656 mit
958 1598 1065 1658 seiner
1094 1597 1196 1657 grau¬

258 1630 361 1690 samen
391 1628 489 1688 Gier,
504 1630 558 1690 das
593 1631 745 1691 fliehende
771 1631 868 1691 Leben
899 1634 923 1694 in
953 1634 1036 1694 jeder
1062 1634 1193 1694 Minute

261 1668 343 1728 ganz
369 1668 400 1728 zu
431 1667 575 1727 besitzen,
596 1669 653 1729 mit
679 1670 777 1730 seiner
803 1671 988 1731 fiebernden
1020 1673 1133 1733 Angst,
1154 1673 1185 1733 zu

258 1704 337 1764 kurz
362 1705 436 1765 oder
461 1706 490 1766 zu
525 1706 594 1766 spät
615 1706 644 1766 zu
674 1706 836 1766 kommen.

321 1742 474 1802 Zwischen
501 1745 686 1805 Sehnsucht
708 1745 766 1805 und
798 1747 909 1807 Traum
952 1748 1074 1808 standen
1111 1745 1190 1805 seine

258 1781 425 1841 Menschen
468 1781 492 1841 in
536 1781 626 1841 einer
660 1784 822 1844 „ringsum
871 1784 1067 1844 aufgetanen
1106 1784 1196 1844 Welt

253 1816 306 1876 der
340 1818 461 1878 Rätsel
490 1819 553 1879 und
587 1819 882 1879 Versuchungen".
926 1821 1085 1881 Vorüber
1120 1821 1177 1881 auc

258 1855 331 1915 siel.
342 1857 494 1917 Vorüber
524 1857 603 1917 diese
628 1858 878 1918 nazissushafte,
899 1859 942 1919 sich
973 1861 1193 1921 bespiegelnde

258 1894 468 1954 Schwermut
497 1893 559 1953 und
593 1896 765 1956 Klugheit,
790 1897 933 1957 vorüber
962 1897 1057 1957 dieses
1092 1897 1192 1957 Spiel

253 1931 321 1991 mit
346 1933 458 1993 Schein
494 1932 552 1992 und
587 1931 694 1991 Schein
740 1933 842 1993 („Was
872 1933 920 1993 faß
950 1933 1009 1993 ich,
1029 1935 1117 1995 wenn
1152 1934 1190 1994 ich

258 1968 410 2028 fasse?“),
426 1969 572 2029 vorüber
598 1969 695 2029 dieses
725 1972 912 2032 resignierte
942 1971 1183 2031 Beiseitestehen

256 2008 310 2068 des
340 2008 541 2068 Wissenden,
556 2008 698 2068 vorüber
724 2008 822 2068 dieser
847 2009 965 2069 Rausch
990 2010 1043 2070 der
1068 2011 1195 2071 einmal

254 2046 395 2106 gelebten
431 2046 573 2106 Jugend
609 2046 690 2106 („Wo
727 2046 782 2106 seid
813 2045 863 2105 ihr
894 2047 965 2107 hin,
986 2046 1041 2106 des
1072 2046 1188 2106 Glücks

256 2083 519 2143 durchglühende
553 2082 721 2142 Tage?“),
764 2082 912 2142 vorüber
947 2084 1047 2144 dieler
1081 2084 1191 2144 Glanz

258 2119 312 2179 der
347 2121 484 2181 Masken
524 2121 588 2181 und
618 2121 789 2181 Kostüme.
830 2121 1011 2181 Vorüber!
1056 2120 1100 2180 Er
1130 2121 1198 2181 sah,

260 2157 312 2217 das
341 2160 423 2220 alles
447 2158 514 2218 war
543 2159 619 2219 nicht
644 2159 730 2219 mehr
754 2160 985 2220 aufzuhalten,
1004 2160 1056 2220 das
1086 2160 1191 2220 mußte

258 2197 401 2257 sterben.
440 2196 530 2256 Aber
559 2196 593 2256 er
622 2196 731 2256 wußte
756 2196 851 2256 auch:
895 2196 942 2256 Es
971 2196 1095 2256 kommt
1139 2196 1191 2256 bei

137 2230 221 2290 Ader

257 2233 350 2293 einem
397 2233 528 2293 Dichter
575 2232 658 2292 nicht
687 2232 743 2292 auf
771 2232 827 2292 das
855 2233 916 2293 an,
958 2233 1023 2293 was
1057 2234 1089 2294 an
1126 2231 1177 2291 ihm

258 2270 396 2330 sterblich
430 2270 482 2330 ist,
526 2270 659 2330 sondern
698 2270 760 2330 auf
784 2270 860 2330 das,
904 2270 976 2330 was
1029 2269 1086 2329 von
1124 2270 1172 2330 ihm

259 2309 344 2369 übrig
375 2309 502 2369 bleiben
538 2309 633 2369 wird.
674 2307 745 2367 Und
776 2307 831 2367 das
862 2307 897 2367 ist
923 2308 974 2368 bei
994 2306 1171 2366 Schnitzler

253 2345 304 2405 das
343 2348 503 2408 fromme,
545 2348 705 2408 ergebene
753 2346 818 2406 und
852 2345 1036 2405 anbetende
1065 2345 1196 2405 Hände¬

155 2384 209 2444 ren
253 2387 358 2447 falten
395 2387 450 2447 vor
481 2387 530 2447 der
580 2385 697 2445 immer
729 2384 826 2444 neuen
865 2383 1005 2443 Wunder
1038 2382 1098 2442 und
1130 2383 1197 2443 Ge¬

1218 1161 1371 1221 heimnis
1406 1160 1455 1220 des
1490 1163 1638 1223 Lebens.
1683 1164 1767 1224 Mag
1817 1163 1920 1223 vieles
1956 1163 1995 1223 an
2049 1163 2153 1223 seinen

2199 1164 2328 1224 dennoch
2364 1163 2393 1223 im
2441 1165 2588 1225 tiefsten,
2618 1166 2694 1226 ganz
2730 1165 2953 1225 verschütteten
2995 1166 3112 1226 Grund

1231 1198 1375 1258 Dramen
1408 1198 1468 1258 und
1501 1200 1668 1260 Romanen
1706 1201 1831 1261 formal
1855 1202 2059 1262 vergänglich
2093 1200 2148 1260 sein
2195 1201 2436 1261 wahrhaftiger
2465 1201 2632 1261 Ausdruck
2656 1202 2739 1262 eines
2772 1203 2958 1263 Menschen,
2977 1202 3027 1262 der
3056 1199 3125 1259 ein¬

1230 1235 1291 1295 und
1316 1234 1363 1294 die
1388 1237 1512 1297 Zeichen
1546 1237 1632 1297 eines
1661 1238 1872 1298 abgeblaßten
1901 1240 2160 1300 Impressionis¬

2196 1237 2248 1297 fach
2278 1240 2359 1300 nicht
2389 1240 2508 1300 anders
2543 1240 2682 1300 konnte?
2712 1240 2822 1300 Sollte
2851 1240 2884 1300 es
2918 1240 2976 1300 das
3010 1241 3125 1301 geben,

1231 1273 1303 1333 mus
1335 1273 1443 1333 tragen
1480 1273 1488 1333 —
1544 1275 1611 1335 eine
1644 1276 1788 1336 Stimme
1820 1274 1879 1334 wie
1907 1277 1956 1337 die
1984 1276 2088 1336 seine,
2111 1276 2156 1336 die

2194 1277 2280 1337 Lüge
2309 1277 2444 1337 zugleich
2473 1276 2645 1336 Wahrheit
2671 1278 2728 1338 sein
2762 1279 2901 1339 können,
2921 1279 3045 1339 Armut
3070 1278 3122 1338 zu¬

1226 1310 1284 1370 von
1326 1310 1379 1370 der
1412 1312 1524 1372 Gnade
1557 1311 1610 1371 des
1647 1313 1769 1373 Lebens
1806 1314 1936 1374 kündet,
1960 1314 2036 1374 kann
2077 1315 2154 1375 nicht

2194 1315 2284 1375 gleich
2319 1315 2511 1375 Reichtum?
2545 1315 2617 1375 Und
2651 1316 2785 1376 konnten
2825 1316 2939 1376 Worte
2968 1316 3021 1376 hin
3060 1315 3117 1375 und

1226 1348 1436 1408 verschallen,
1455 1349 1534 1409 denn
1572 1348 1609 1408 sie
1633 1350 1726 1410 dient
1754 1353 1833 1413 nicht
1857 1354 1908 1414 der
1937 1354 2160 1414 Vergangen¬

2194 1354 2370 1414 hergehen,
2395 1354 2523 1414 Worte,
2548 1354 2600 1414 die
2629 1353 2677 1413 die
2711 1354 2849 1414 Lostbare
2883 1354 3026 1414 Fassung
3060 1353 3112 1413 des

1225 1387 1309 1447 heit,
1324 1385 1457 1445 sondern
1492 1387 1542 1447 dem
1587 1390 1784 1450 Künftigen.

2196 1389 2294 1449 Herrn
2332 1390 2387 1450 von
2426 1390 2514 1450 Sala
2557 1390 2617 1450 aus
2665 1390 2716 1450 dem
2778 1392 2970 1452 „Einsamen
3022 1390 3096 1450 Weg

1284 1422 1331 1482 Um
1380 1424 1480 1484 seiner
1509 1425 1628 1485 stillen,
1653 1428 1907 1488 nachdenklichen
1941 1423 2003 1483 und
2032 1420 2046 1480 -

2195 1428 2299 1488 hatten
2332 1428 2390 1488 und
2418 1427 2463 1487 die
2491 1426 2622 1486 dennoch
2650 1428 2745 1488 nichts
2768 1428 2954 1488 bedeuteten
2986 1428 3045 1488 und
3073 1428 3122 1488 zu¬

1231 1459 1301 1519 man
1334 1461 1464 1521 damals
1502 1461 1576 1521 sand

1651 1464 1835 1524 „verrucht“
1868 1464 2149 1524 weltmännischen

2203 1465 2289 1525 gleich
2318 1464 2395 1524 alles
2420 1464 2631 1524 bedeuteten,
2651 1464 2694 1524 die
2718 1464 2756 1524 am
2800 1465 3026 1525 Tatsächlichen
3060 1464 3122 1524 sehr

1230 1498 1291 1558 Art
1321 1498 1378 1558 hat
1407 1500 1474 1560 man
1513 1499 1584 1559 ihn,
1609 1500 1781 1560 besonders
1815 1500 1853 1560 um
1901 1500 1949 1560 die
1978 1503 2160 1563 Jahrhun¬

2196 1500 2304 1560 schnell
2332 1503 2647 1563 vorüberflatterten
2694 1501 2753 1561 und
2790 1501 2840 1561 den
2881 1503 2991 1563 Schein
3032 1503 3123 1563 eines

1229 1533 1428 1593 dertwende,
1447 1536 1510 1596 lieb
1543 1537 1674 1597 gehabt,
1698 1539 1765 1599 auch
1797 1538 1897 1598 dann,
1920 1538 2006 1598 wenn
2043 1539 2074 1599 er
2106 1538 2151 1598 als

2190 1539 2486 1599 bedeutungslosen
2518 1539 2677 1599 Friedens
2709 1539 2766 1599 und
2793 1539 2881 1599 einer
2904 1539 3125 1599 bedeutungs¬

1232 1572 1273 1632 ein
1311 1575 1488 1635 Tragiker,
1517 1574 1563 1634 ein
1602 1575 1788 1635 Pathetiker
1817 1577 1938 1637 großen
1976 1575 2065 1635 Stils
2103 1575 2158 1635 vor

2194 1577 2275 1637 losen
2309 1578 2433 1638 Würde
2462 1578 2587 1638 gaben,
2611 1578 2861 1638 währenddessen
2900 1577 2947 1637 sich
2982 1578 3029 1638 die
3058 1577 3125 1637 Zu¬

1232 1610 1288 1670 uns
1322 1610 1465 1670 hintrat.
1509 1610 1556 1670 Er
1585 1610 1670 1670 blieb
1705 1613 1790 1673 Jahr
1824 1613 1862 1673 um
1905 1613 2014 1673 Jahr,
2039 1613 2091 1673 der
2120 1611 2153 1671 er

2196 1613 2543 1673 sammengehörigkeit
2567 1613 2619 1673 von
2652 1615 2836 1675 Menschen,
2855 1615 2901 1675 die
2925 1613 3024 1673 ewige
3048 1615 3127 1675 Ent¬

1228 1647 1312 1707 war,
1334 1647 1382 1707 als
1414 1648 1462 1708 der
1489 1647 1519 1707 er
1546 1650 1710 1710 begonnen
1746 1651 1847 1711 hatte:
1887 1650 2028 1710 verliebt
2055 1650 2077 1710 in
2113 1650 2156 1710 die

2189 1649 2329 1709 fernung
2357 1651 2410 1711 von
2438 1649 2601 1709 Menschen
2629 1652 2774 1712 entschied
2797 1652 2805 1712 —
2847 1652 2878 1712 an
2910 1652 2960 1712 den
2988 1652 3114 1712 Worten

1227 1683 1360 1743 Wiener
1384 1688 1751 1748 Kleinbürgerlichkeit,
1771 1688 1794 1748 in
1823 1688 1871 1748 die
1896 1688 2038 1748 Liebelei
2058 1690 2153 1750 erster
2191 1688 2329 1748 vorbei,
2349 1688 2425 1748 ohne
2449 1688 2578 1748 Worte.
2598 1689 2683 1749 „Wir
2707 1690 2821 1750 spielen
2851 1690 2988 1750 immer,
3003 1691 3065 1751 wer
3089 1691 3117 1751 es

1227 1724 1380 1784 Jugend,
1425 1724 1488 1784 mit
1523 1725 1601 1785 Maß
1637 1727 1878 1787 sozialkritisch,
1904 1728 2026 1788 elegisch
2067 1727 2159 1787 müde

2193 1726 2293 1786 weiß,
2313 1727 2346 1787 ist
2370 1725 2470 1785 klug."
2495 1724 2537 1784 Es
2567 1725 2633 1785 war
2663 1724 2705 1784 die
2730 1727 2892 1787 Weisheit
2917 1728 3127 1788 Schnitzlers,

1231 1760 1289 1820 und
1317 1763 1576 1823 ergebungsvoll
1595 1764 1863 1824 lebensfreudig.
1895 1763 1940 1823 Es
1968 1764 2031 1824 war
2059 1763 2154 1823 etwas

2197 1766 2276 1826 seine
2313 1763 2419 1823 etwas
2457 1763 2552 1823 müde
2590 1766 2812 1826 Erkenntnis,
2845 1766 2892 1826 die
2930 1767 2961 1827 in
3005 1768 3104 1828 seinem

1226 1799 1262 1859 an
1289 1799 1370 1859 ihm,
1389 1799 1452 1859 was
1480 1799 1552 1859 man
1575 1801 1610 1861 am
1647 1802 1746 1862 besten
1774 1802 2041 1862 hoffnungsvolle
2068 1800 2158 1860 Hoff¬

2196 1803 2314 1863 ganzen
2349 1802 2442 1862 Werk
2467 1802 2501 1862 zu
2536 1802 2639 1862 finden
2674 1803 2723 1863 ist.

1226 1837 1489 1897 nungslosigkeit
1517 1837 1603 1897 hätte
1626 1837 1753 1897 nennen
1790 1837 1931 1897 können,
1954 1837 2031 1897 weil
2055 1837 2154 1897 dieses

2252 1852 2331 1912 Was
2362 1852 2397 1912 er
2428 1852 2543 1912 immer
2579 1855 2695 1915 wieder
2726 1857 2821 1917 zeigt,
2846 1857 2917 1917 war
2948 1857 2992 1917 die
3023 1858 3128 1918 faule,

1230 1873 1354 1933 Gefühl
1374 1873 1436 1933 und
1461 1873 1542 1933 diese
1562 1876 1768 1936 Erkenntnis
1793 1876 1889 1936 nichts
1918 1874 2004 1934 mehr
2029 1874 2081 1934 für
2106 1875 2158 1935 das

2194 1891 2356 1951 wurmige
2380 1891 2471 1951 Welt
2490 1892 2691 1952 kleinlicher,
2706 1895 2821 1955 vager,
2840 1896 3036 1956 verlogener
3060 1894 3117 1954 und

1227 1912 1281 1972 Ich
1304 1912 1521 1972 erwarteten,
1541 1912 1613 1972 aber
1636 1912 1694 1972 vom
1736 1913 1854 1973 Leben,
1873 1912 1927 1972 von
1959 1910 2008 1970 der
2036 1914 2163 1974 Natur,

2194 1930 2419 1990 pendelhafter
2448 1930 2702 1990 Beziehungen.
2760 1931 2956 1991 Vergebens
2995 1933 3114 1993 fragten

1227 1946 1282 2006 vom
1325 1948 1381 2008 All
1400 1948 1479 2008 alles
1507 1948 1516 2008 -
1568 1951 1684 2011 immer
1709 1951 1736 2011 in
1765 1951 1816 2011 der
1844 1951 1933 2011 leisen
1966 1951 2148 2011 Zuversicht

2194 1966 2240 2026 die
2278 1967 2544 2027 Dämmerseelen
2587 1968 2656 2028 nach
2694 1968 2783 2028 einem
2835 1971 3026 2031 Menschen,
3055 1969 3120 2029 nach

1232 1984 1281 2044 daß
1316 1985 1394 2045 dann
1429 1987 1591 2047 vielleicht
1616 1990 1685 2050 auch
1720 1990 1818 2050 etwas
1848 1989 1902 2049 für
1932 1989 1985 2049 das
2020 1989 2074 2049 Ich
2104 1987 2157 2047 ab¬

2196 2003 2282 2063 einem
2326 2005 2397 2065 Weg
2422 2005 2474 2065 ins
2503 2005 2618 2065 Freie.
2638 2006 2796 2066 Menschen
2825 2008 2968 2068 sperrten
3003 2008 3045 2068 sich
3075 2008 3122 2068 bei

1234 2022 1325 2082 falle.

2193 2043 2239 2103 ihm
2287 2040 2342 2100 ab,
2366 2043 2558 2103 vergifteten
2596 2043 2647 2103 ihr
2676 2045 2848 2105 Inneres,
2877 2044 2942 2104 nur
2975 2044 3031 2104 auf
3060 2044 3115 2104 den

1279 2058 1333 2118 So
1382 2059 1455 2119 war
1486 2060 1559 2120 auch
1608 2061 1691 2121 seine
1726 2061 1922 2121 Heiterkeit:
1972 2059 2158 2119 Blutsver¬

2196 2079 2391 2139 Augenblick
2415 2081 2578 2141 wartend,
2602 2080 2653 2140 der
2682 2081 2733 2141 den
2761 2082 2882 2142 andern
2915 2082 3116 2142 erniedrigen

1226 2097 1339 2157 wandt
1358 2097 1408 2157 den
1435 2099 1608 2159 Watteaus
1635 2100 1694 2160 und
1722 2100 1958 2160 Fragonards,
1972 2100 2022 2160 der
2045 2100 2158 2160 Maler

2193 2118 2292 2178 sollte.
2337 2118 2619 2178 Innigstgeliebte
2649 2120 2837 2180 empfingen
2878 2121 3036 2181 Zuhälter
3071 2120 3124 2180 der

1232 2134 1280 2194 der
1315 2136 1559 2196 Schäferspiele

1686 2136 1727 2196 ein
1765 2136 1868 2196 wenig
1906 2136 2041 2196 zynisch,
2084 2136 2154 2196 sehr

2194 2154 2398 2214 Schöpfung,
2418 2154 2557 2214 zwischen
2590 2157 2795 2217 Umarmung
2829 2157 2889 2217 und
2917 2157 3122 2217 Bettwärme

1225 2172 1372 2232 tronisch,
1394 2172 1481 2232 leicht
1509 2171 1743 2231 melancholisch
1771 2172 1830 2232 und
1864 2173 1907 2233 sich
1935 2172 2016 2232 ganz
2044 2173 2071 2233 in
2104 2172 2153 2232 der

2194 2193 2303 2253 wurde
2333 2193 2366 2253 an
2395 2193 2447 2253 das
2481 2193 2572 2253 Alibi
2591 2195 2730 2255 gedacht,
2750 2194 2802 2254 der
2826 2195 2950 2255 Betrug
2979 2195 3032 2255 des
3061 2194 3123 2254 Be¬

1229 2208 1339 2268 Maske
1393 2209 1445 2269 des
1480 2208 1604 2268 seruell
1634 2211 1816 2271 Blasierten
1855 2211 2033 2271 gefallend.
2077 2208 2149 2268 Von

2196 2228 2306 2288 truges
2336 2228 2537 2288 ausgeheckt.
2557 2231 2710 2291 Minister
2740 2231 2860 2291 trieben
2895 2231 2956 2291 mit
2976 2231 3115 2291 Völkern

1229 2247 1383 2307 Rousseau
1420 2246 1483 2306 und
1511 2246 1669 2306 Voltaire
1698 2249 1801 2309 waren
1834 2249 1906 2309 jene
1934 2246 1961 2306 so
1988 2246 2065 2306 weit
2093 2245 2160 2305 ent¬

2193 2264 2295 2324 Spott
2319 2267 2365 2327 als
2398 2267 2454 2327 wie
2482 2267 2542 2327 mit
2561 2267 2682 2327 Larven
2715 2269 2770 2329 auf
2790 2268 2878 2328 einem
2920 2270 3120 2330 Fastnachts¬

1227 2284 1317 2344 fernt
1344 2285 1403 2345 wie
1431 2282 1485 2342 der
1513 2285 1649 2345 Wiener
1677 2286 1890 2346 Cottagesohn
1927 2285 1986 2345 von
2018 2285 2158 2345 Strind¬

2194 2303 2275 2363 ball.
2299 2303 2342 2363 In
2381 2303 2457 2363 sechs
2491 2305 2620 2365 Wochen
2655 2306 2928 2366 Sommerfrische
2957 2307 3034 2367 gina
3068 2307 3120 2367 der

1229 2322 1299 2382 berg
1327 2324 1387 2384 und
1416 2324 1626 2384 Weininger.
1640 2324 1686 2384 Er
1710 2324 1770 2384 wie
1795 2324 1859 2384 jene
1883 2322 1990 2382 waren
2019 2323 2144 2383 Rokoko

2193 2340 2279 2400 Sinn
2311 2339 2397 2399 eines
2425 2340 2547 2400 Lebens
2579 2343 2610 2403 zu
2638 2345 2751 2405 zweien
2788 2344 2896 2404 kaputt
2920 2344 2978 2404 und
3006 2345 3119 2405 konnte

1226 2360 1331 2420 waren
1367 2360 1499 2420 Zeugen
1552 2360 1644 2420 einer
1675 2361 1794 2421 satten,
1839 2360 1891 2420 dem
1936 2360 2055 2420 Genuß
2090 2359 2152 2419 und

2193 2381 2216 2441 im
2263 2378 2399 2438 nächsten
2437 2381 2637 2441 Augenblick
2667 2381 2788 2441 wieder
2817 2381 2952 2441 geleimt
2980 2381 3125 2441 werden.

1226 2396 1282 2456 dem
1329 2398 1544 2458 Bewußtsein
1586 2397 1637 2457 des
1675 2399 1838 2459 Genusses
1876 2399 2053 2459 raffiniert
2086 2395 2156 2455 hin¬

2193 2417 2263 2477 Vor
2291 2417 2491 2477 Sterbenden
2524 2417 2649 2477 wurden
2683 2420 2752 2480 noch
2776 2420 2860 2480 letzte
2883 2420 3023 2480 Masken
3051 2419 3125 2479 auf¬

1225 2436 1402 2496 gegebenen
1436 2434 1574 2494 Kultur.
1608 2434 1727 2494 Daher
1751 2434 1899 2494 stammte
1924 2434 1971 2494 die
1995 2434 2143 2494 Wachhei

2193 2455 2301 2515 gesetzt
2320 2455 2378 2515 und
2406 2455 2460 2515 auf
2479 2454 2528 2514 dem
2569 2455 2800 2515 Semmering,
2814 2455 2836 2515 im
2877 2457 3121 2517 Salzkammer¬

1226 2473 1254 2533 in
1292 2473 1394 2533 seinen
1436 2473 1622 2533 Menschen,
1646 2473 1743 2533 daher
1781 2472 1860 2532 seine
1893 2473 1986 2533 Liebe
2019 2472 2046 2532 zu
2089 2472 2139 2532 dem

2196 2494 2253 2554 gut
2282 2490 2406 2550 flirtete
2435 2491 2507 2551 eine
2541 2491 2747 2551 Gesellschaft
2776 2491 2818 2551 sich
2857 2493 2914 2553 von
2953 2494 3058 2554 Duell
3082 2494 3115 2554 zu

1224 2509 1409 2569 Leutnant,
1428 2509 1477 2569 der
1501 2509 1550 2569 ihm
1592 2511 1741 2571 Symbol
1759 2509 1809 2569 für
1837 2509 1882 2569 ein
1914 2509 2036 2569 schönes
2064 2508 2158 2568 Stück

2198 2530 2310 2590 Duell,
2334 2527 2389 2587 vom
2441 2530 2647 2590 Zweikampf
2676 2528 2731 2588 der
2760 2530 2877 2590 Hähne
2910 2530 2965 2590 zum
3018 2530 3125 2590 Zwei¬

1229 2548 1393 2608 zuckenden
1426 2548 1580 2608 Fleisches
1608 2548 1697 2608 war.
1716 2548 1828 2608 Dieser
1856 2547 1950 2607 allein
1978 2547 2067 2607 hatte
2086 2548 2160 2608 nicht

2191 2566 2304 2626 kampf
2329 2566 2378 2626 der
2408 2566 2555 2626 Waffen.
2576 2566 2693 2626 Welche
2718 2567 2826 2627 Welt!
2847 2569 2984 2629 Immer
3014 2569 3122 2629 wurde

1220 2585 1272 2645 die
1296 2585 1554 2645 Überlegenheit
1574 2586 1626 2646 des
1651 2587 1851 2647 Intellekts,
1871 2584 1913 2644 die
1939 2585 2019 2645 sonst
2039 2584 2153 2644 immer

2194 2604 2233 2664 sie
2258 2602 2311 2662 bei
2332 2604 2509 2664 Schnitzler
2539 2605 2779 2665 überwunden.
2799 2605 2843 2665 Er
2869 2607 2991 2667 begann
3021 2605 3128 2665 schon;

1227 2621 1274 2681 die
1308 2625 1470 2685 Menschen
1528 2622 1581 2682 bei
1610 2623 1786 2683 Schnitzler
1835 2624 1959 2684 haben,
2002 2622 2074 2682 auch
2108 2621 2155 2681 die

2199 2640 2370 2700 „Liebelei"
2406 2640 2466 2700 und
2507 2640 2592 2700 sollte
2628 2642 2719 2702 Liebe
2755 2643 2891 2703 heißen,
2916 2643 3012 2703 Liebe
3043 2641 3128 2701 sein,

1229 2659 1378 2719 Frauen.
1420 2659 1471 2719 In
1513 2658 1564 2718 den
1607 2661 1829 2721 Mittelpunkt
1863 2658 1964 2718 seiner
2002 2658 2146 2718 Dramen

2191 2679 2285 2739 Statt
2315 2676 2413 2736 dessen
2453 2678 2527 2738 ging
2567 2678 2646 2738 alles
2686 2679 2720 2739 an
2765 2679 2908 2739 Liebelei
2943 2679 3125 2739 zugrunde.

1225 2695 1285 2755 und
1313 2697 1467 2757 Novellen
1500 2697 1597 2757 stellte
1626 2697 1653 2757 er
1682 2698 1757 2758 gern
1785 2697 1901 2757 Arzte,
1921 2697 2163 2757 Schauspieler,

2196 2715 2327 2775 Immer
2356 2715 2411 2775 hob
2444 2712 2477 2772 er
2510 2714 2557 2774 sich
2590 2715 2688 2775 davon
2726 2717 2782 2777 ab,
2801 2718 2951 2778 sonderte
2984 2718 3031 2778 sich
3064 2717 3120 2777 von

1230 2736 1473 2796 Schriftsteller.
1521 2735 1562 2795 Es
1600 2735 1712 2795 waren
1750 2734 1938 2794 Menschen,
1967 2733 2065 2793 denen
2103 2732 2158 2792 das

2194 2754 2292 2814 dieser
2317 2751 2415 2811 geilen
2450 2752 2691 2812 Gefräßigkeit,
2711 2754 2760 2814 der
2785 2754 2864 2814 alles
2889 2755 3051 2815 Freiwild
3076 2754 3124 2814 ge¬

1227 2772 1322 2832 Wort
1346 2773 1433 2833 leicht
1457 2774 1553 2834 wird,
1573 2772 1615 2832 die
1644 2774 1711 2834 viel
1731 2774 1793 2834 und
1817 2773 1889 2833 gern
1923 2772 1975 2832 von
2010 2772 2057 2832 sich
2082 2768 2158 2828 aus¬

2193 2791 2319 2851 worden
2361 2790 2412 2850 ist:
2440 2791 2701 2851 Menschentum,
2725 2792 2841 2852 Kunst,
2865 2792 2995 2852 Natur,
3018 2790 3125 2850 Liede.

1226 2813 1316 2873 sagen
1353 2811 1412 2871 und
1444 2811 1535 2871 deren
1572 2811 1717 2871 gescheite
1745 2811 1999 2871 Anmerkungen
2036 2809 2063 2869 zu
2100 2808 2154 2868 den

2196 2828 2258 2888 Die
2287 2829 2521 2889 verschmutzten
2555 2829 2660 2889 Dinge
2690 2828 2775 2888 einer
2804 2829 3020 2889 entgötterten
3054 2828 3125 2888 Zeit

1226 2849 1455 2909 verworrenen
1491 2849 1721 2909 Beziehungen
1748 2849 1800 2909 des
1827 2846 1946 2906 Lebens
1973 2846 2030 2906 fast
2058 2846 2154 2906 etwas

2193 2865 2325 2925 wurden
2356 2864 2409 2924 von
2440 2864 2488 2924 ihm
2529 2865 2555 2925 in
2587 2865 2630 2925 die
2653 2865 2745 2925 Hand
2773 2865 2984 2925 genommen,
3003 2864 3126 2924 melan¬

1227 2885 1427 2945 Berufliches
1461 2885 1582 2945 haben.
1602 2885 1662 2945 Sie
1695 2885 1802 2945 waren
1835 2885 1896 2945 auf
1920 2885 2008 2945 einen
2046 2885 2158 2945 Punkt

2194 2903 2314 2963 cholisch
2343 2903 2534 2963 angeschaut
2581 2902 2646 2962 und
2693 2902 2777 2962 dann
2824 2903 3001 2963 angeekelt
3025 2903 3118 2963 fallen

1227 2922 1351 2982 fixiert:
1376 2922 1433 2982 auf
1458 2922 1505 2982 die
1534 2922 1663 2982 Erotik.
1683 2924 1750 2984 Die
1774 2921 1913 2981 erlebten
1947 2921 1985 2981 sie
2014 2921 2076 2981 und
2106 2919 2158 2979 er¬

2194 2942 2351 3002 gelassen.
2376 2940 2442 3000 Das
2481 2939 2518 2999 ist
2543 2939 2600 2999 es:
2624 2941 2744 3001 immer
2773 2939 2892 2999 wieder
2921 2942 3040 3002 geschah
3074 2941 3121 3001 die

1229 2960 1317 3020 litten
1351 2958 1388 3018 sie
1412 2960 1533 3020 immer
1566 2961 1701 3021 wieder,
1721 2963 1814 3023 Arzt,
1838 2960 2067 3020 Schauspieler
2095 2958 2155 3018 und

2199 2978 2443 3038 überwindung
2472 2975 2568 3035 dieser
2592 2978 2678 3038 Welt
2697 2976 2784 3036 durch
2808 2978 2937 3038 Worte,
2952 2976 3000 3036 die
3019 2977 3105 3037 einem

1227 2999 1473 3059 Schriftsteller.
1515 2998 1561 3058 Es
1613 2999 1687 3059 war
1740 2996 1795 3056 das
1847 2996 2051 3056 Treibende,
2098 2995 2149 3055 das

2198 3017 2293 3077 etwas
2325 3016 2421 3076 zagen
2458 3014 2741 3074 unentschiedenen
2782 3014 2910 3074 Gefühl
2938 3014 3125 3074 entstamm¬

1227 3037 1457 3097 Schöpferische
1491 3035 1543 3095 der
1573 3037 1846 3097 Schnitzlerwelt,
1880 3035 1956 3095 aber
1995 3035 2067 3095 auch
2106 3035 2158 3095 ihr

2196 3052 2262 3112 ten.
2287 3052 2335 3112 Er
2364 3051 2464 3111 fühlte
2499 3049 2546 3109 die
2575 3052 2839 3112 Notwendigkeit
2869 3051 2921 3111 des
2955 3052 3132 3112 Kampfes,

1225 3073 1506 3133 Vergängliches.

2196 3091 2222 3151 in
2277 3091 2381 3151 seinem
2450 3089 2695 3149 verborgensten
2755 3088 2859 3148 Wesen
2919 3091 3018 3151 steckte
3069 3088 3114 3148 ein

1284 3112 1471 3172 Schnitzlers
1515 3109 1794 3169 Grunderlebnis
1843 3108 1914 3168 mag
1958 3109 2059 3169 dieses
2103 3106 2155 3166 ge¬

2194 3127 2370 3187 Kämpfer,
2385 3127 2459 3187 aber
2483 3127 2515 3187 er
2539 3127 2608 3187 war
2632 3127 2702 3187 auch
2731 3128 2772 3188 ein
2801 3127 3076 3187 Melancholiker,
3090 3127 3122 3187 er

1229 3149 1322 3209 wesen
1355 3149 1438 3209 sein:
1458 3146 1527 3206 Wie
1551 3147 1597 3207 sich
1625 3148 1732 3208 Schein
1765 3146 1825 3206 mit
1844 3146 1923 3206 Sein
1951 3145 2160 3205 vertauschte,

2198 3168 2304 3228 wollte
2328 3166 2411 3226 nicht
2435 3166 2481 3226 die
2510 3163 2589 3223 Tat,
2608 3164 2682 3224 weil
2706 3163 2743 3223 sie
2766 3166 2836 3226 auch
2865 3164 2981 3224 Schuld
3009 3163 3116 3223 heißen

1224 3185 1460 3245 verwechselte,
1483 3184 1532 3244 sich
1565 3184 1709 3244 mengte,
1728 3185 1777 3245 sich
1805 3184 2004 3244 ineinander
2037 3184 2163 3244 krallte,

2201 3205 2330 3265 konnte.
2355 3204 2451 3264 Hier,
2476 3202 2505 3262 in
2544 3202 2644 3262 dieser
2674 3202 2789 3262 Flucht
2818 3200 2876 3260 vor
2910 3202 2963 3262 der
2993 3204 3122 3264 cigenen

1226 3221 1282 3281 daß
1314 3223 1415 3283 keiner
1442 3223 1530 3283 mehr
1557 3222 1592 3282 am
1637 3222 1725 3282 Ende
1752 3223 1907 3283 erkennen
1938 3220 2070 3280 konnte,
2089 3219 2154 3279 was

2198 3241 2419 3301 Erkenntnis,
2444 3240 2537 3300 endet
2563 3241 2759 3301 Schnitzlers
2789 3240 2897 3300 Reich,
2923 3239 3016 3299 endet
3041 3238 3124 3298 soine

1227 3261 1395 3321 Wahrheit
1438 3261 1510 3321 war
1563 3260 1625 3320 und
1674 3257 1788 3317 Trug.
1846 3258 1990 3318 Daraus
2043 3258 2153 3318 wurde

2197 3279 2283 3339 Zeit.
2306 3278 2386 3338 Über
2414 3276 2457 3336 die
2485 3277 2832 3337 Jahrhundertwende
2860 3278 2914 3338 kam
2953 3277 2984 3337 er
3012 3276 3125 3336 inner¬

1226 3297 1422 3357 Schnitzlers
1464 3297 1599 3357 schönste
1637 3297 1953 3357 Bühnendichtung,
1991 3294 2037 3354 die
2084 3294 2139 3354 vom

2194 3318 2248 3378 lich
2282 3317 2331 3377 nie
2361 3316 2483 3376 hinaus

1227 3334 1380 3394 „Grünen
1418 3336 1572 3396 Kakadu“
1606 3336 1769 3396 geboren,
1812 3334 1863 3394 die
1915 3333 1999 3393 seine
2056 3333 2153 3393 ganze

2261 3368 2343 3428 Aber
2376 3368 2432 3428 wir
2465 3368 2586 3428 liebten
2618 3367 2669 3427 ihn
2709 3368 2772 3428 und
2804 3366 2887 3426 seine
2919 3366 3123 3426 Einsamkeit

1226 3375 1389 3435 elegische,
1413 3372 1595 3432 zwischenl!
1614 3373 1749 3433 tartige
1778 3372 1880 3432 Kunst
1908 3369 1936 3429 in
1974 3371 2062 3431 einen
2100 3369 2160 3429 Akt

2199 3409 2260 3469 und
2290 3408 2370 3468 seine
2404 3405 2567 3465 Noblesse.
2591 3404 2658 3464 Und
2687 3403 2749 3463 wir
2778 3404 2935 3464 verlieren
2974 3404 3031 3464 mit
3056 3402 3103 3462 ihm

1220 3411 1526 3471 zusammenpreßte
1564 3411 1827 3471 Unvergänglich
1860 3410 1930 3470 auch
1964 3408 2020 3468 sein
2063 3408 2156 3468 „Rei¬

2196 3444 2253 3504 das
2287 3444 2383 3504 Letzte
2412 3444 2469 3504 von
2503 3444 2594 3504 jenem
2642 3439 2752 3499 Wien,
2772 3441 2829 3501 das
2864 3441 2920 3501 mit
2950 3441 3122 3501 Canaletto

1225 3447 1322 3507 gen“,
1341 3448 1420 3508 diese
1454 3448 1644 3508 bitterbösen
1682 3448 1873 3508 Gespräche,
1897 3447 1943 3507 die
1971 3445 2032 3505 aus
2065 3446 2153 3506 einer

2193 3482 2315 3542 begann
2361 3479 2419 3539 und
2456 3478 2510 3538 das
2552 3477 2610 3537 mit
2638 3479 2814 3539 Schnitzler
2847 3479 2959 3539 endete
2996 3475 3005 3535 —
3060 3475 3114 3535 das

1225 3485 1352 3545 Stunde
1385 3485 1439 3545 des
1471 3485 1667 3545 Erkennens
1704 3485 1777 3545 eine
1805 3485 1859 3545 des
1892 3483 2015 3543 ewigen
2052 3482 2161 3542 Nicht¬

2196 3521 2324 3581 barocke
2348 3516 2458 3576 Wien.
2477 3517 2515 3577 Es
2544 3515 2582 3575 ist
2602 3515 2711 3575 dahin.
2731 3515 2773 3575 Es
2802 3515 2878 3575 wird
2907 3515 2964 3575 mit
2989 3513 3036 3573 ihm
3075 3510 3122 3570 be¬

1223 3524 1409 3584 erkennens
1439 3521 1583 3581 machen.

2196 3557 2331 3617 graben.
2359 3555 2434 3615 Das
2467 3554 2691 3614 ahnungslose
2724 3553 2863 3613 Sterben
2906 3553 2994 3613 einer
3028 3551 3130 3611 Welt,

1286 3559 1362 3619 Wer
1391 3560 1472 3620 wird
1501 3560 1639 3620 geliebt,
1664 3557 1730 3617 wer
1759 3557 1854 3617 liebt,
1874 3556 1921 3616 wo
1951 3556 1988 3616 ist
2013 3557 2146 3617 Heimat

2200 3594 2339 3654 Sterben
2372 3593 2572 3653 überhaupt,
2591 3593 2641 3653 hat
2665 3590 2697 3650 er
2721 3590 2818 3650 darum
2865 3590 2887 3650 so
2916 3590 2990 3650 gern
3023 3587 3124 3647 gebil¬

1226 3599 1471 3659 Bestimmung,
1499 3596 1544 3656 wo
1581 3596 1658 3656 hört
1685 3595 1744 3655 das
1781 3595 1967 3655 Abenteuer
2000 3593 2063 3653 auf
2091 3592 2154 3652 und

1905 3629 1978 3689 Das
2038 3629 2151 3689 waren

2195 3633 2258 3693 det.
2272 3632 2408 3692 Immer
2436 3631 2500 3691 war
2527 3629 2554 3689 es
2582 3629 2632 3689 bei
2650 3629 2732 3689 ihm,
2751 3628 2796 3688 als
2823 3628 2919 3688 ginge
2942 3626 3010 3686 man
3038 3626 3123 3686 durch

1219 3637 1365 3697 beginnt
1393 3634 1446 3694 der
1477 3633 1566 3693 Sinn
1607 3632 1695 3692 eines
1731 3632 1851 3692 Lebens

1225 3673 1420 3733 Schnitzlers
1445 3670 1573 3730 Fragen
1602 3670 1635 3730 an
1669 3670 1711 3730 sich
1745 3668 1802 3728 und
1826 3667 1907 3727 seine
1931 3667 2093 3727 Umwelt.
2108 3666 2150 3726 Er
2189 3670 2418 3730 abgefallenes
2452 3667 2551 3727 Laub.
2571 3666 2637 3726 Bei
2657 3664 2742 3724 jedem
2786 3664 2909 3724 Schritt
2929 3662 3057 3722 raschelt
3077 3662 3129 3722 es.

2195 3705 2282 3765 Aber
2314 3706 2371 3766 wie
2402 3706 2464 3766 aus
2496 3703 2615 3763 welkem
2677 3701 2761 3761 Laub
2814 3702 2902 3762 durch
2951 3700 3119 3760 irgendein

1225 3709 1337 3769 wurde
1371 3709 1453 3769 nicht
1483 3709 1594 3769 müde,
1616 3707 1646 3767 zu
1685 3706 1813 3766 zeigen,
1840 3706 1895 3766 wie
1930 3703 2015 3763 jeder
2050 3703 2148 3763 davon

2200 3745 2576 3805 Inkommensurables,
2594 3740 2647 3800 das
2679 3739 2744 3799 man
2780 3739 2859 3799 nicht
2882 3739 3028 3799 nennen,
3046 3736 3125 3796 nicht

1229 3747 1346 3807 sprach,
1365 3745 1411 3805 ein
1438 3743 1529 3803 jeder
1556 3743 1597 3803 ein
1629 3742 1724 3802 Wort
1747 3742 1843 3802 dafür
1866 3742 1965 3802 hatte,
1989 3742 2034 3802 die
2062 3742 2156 3802 Seele

2196 3781 2288 3841 fassen
2345 3780 2447 3840 kann,
2485 3779 2535 3839 sich
2587 3776 2727 3836 plötzlich
2760 3776 2811 3836 dem
2858 3775 3039 3835 Wanderer
3077 3772 3123 3832 die

1226 3784 1303 3844 aber
1335 3784 1402 3844 leer
1435 3781 1515 3841 blieb
1557 3781 1615 3841 und
1647 3781 1701 3841 ins
1738 3779 1833 3839 Leere
1865 3779 1969 3839 blickte
2001 3778 2064 3838 und
2101 3780 2150 3840 ins

2195 3820 2330 3880 Vision:
2354 3817 2426 3877 Der
2454 3816 2549 3876 Wald
2576 3814 2676 3874 oder:
2699 3811 2767 3871 Der
2794 3814 2958 3874 Sommer
2985 3811 3116 3871 ergeben

1233 3819 1323 3879 Leere
1346 3822 1441 3882 ging.
1460 3820 1550 3880 Wie?
1577 3819 1686 3879 wurde
1709 3818 1785 3878 alles
1813 3817 1871 3877 zur
1895 3818 2007 3878 großen
2040 3817 2161 3877 Szene,

2196 3856 2289 3916 mag,
2304 3856 2328 3916 so
2353 3856 2421 3916 stieg
2451 3853 2554 3913 hinter
2584 3852 2682 3912 seinen
2712 3850 2844 3910 Bildern
2879 3851 2927 3911 der
2953 3847 3128 3907 Vergäng¬

1198 3857 1381 3917 wahr,
1398 3859 1554 3919 verbogen
1583 3859 1643 3919 und
1673 3856 1973 3916 unwahrscheinlich
2001 3856 2062 3916 und
2085 3856 2151 3916 war

2194 3893 2318 3953 lichkeit
2342 3892 2400 3952 das
2429 3890 2548 3950 Gesicht
2572 3890 2658 3950 eines
2688 3888 2960 3948 empfindsamen,
2980 3885 3013 3945 al

2188 3930 2267 3990 noch
2291 3930 2314 3990 in
2347 3930 2398 3990 der
2418 3930 2628 3990 Abrechnung
2656 3925 2782 3985 zarten,
2796 3925 2903 3985 lyrisch
2927 3921 3020 3981 umsch

2201 3969 2244 4029 ten
2283 3967 2445 4027 Menschen
2477 3967 2532 4027 auf
2552 3967 2564 4027 —
2615 3966 2670 4026 das
2696 3963 2865 4023 Gesicht
2891 3962 2940 4022 des
2966 3959 3015 4019 Di

2200 4008 2328 4068 Arthur
2353 4007 2543 4067 Schnitzler.
