3436 4352
204 386 318 446 12.
378 386 964 446 Schnitzler's
1034 384 1264 444 Death

1483 385 1608 445 box
1688 388 1867 448 42/9

1308 601 1466 661 dandeln.
1503 601 1568 661 Der
1592 598 1908 658 Sommerhaidenweg
1959 594 2061 654 wurde
2103 592 2149 652 ihm
2201 591 2242 651 sie
2275 588 2400 648 standen
2433 585 2489 645 mit
2517 583 2633 643 Anmut
2661 580 2711 640 des
2735 580 2884 640 Erlebens
2912 580 2935 640 in
2968 577 3046 637 ihrer

2197 630 2293 690 Welt,
2333 629 2378 689 sie
2409 628 2590 688 verstanden
2626 627 2674 687 es,
2714 624 2771 684 sich
2807 621 2837 681 am
2882 619 2983 679 Genuß
3019 617 3045 677 zu

1311 647 1371 707 zur
1397 643 1765 703 echmerzlich-einsamen
1800 638 1992 698 Landschaft
2014 637 2069 697 des
2096 633 2172 693 Spa¬

2197 673 2386 733 delektieren
2435 670 2492 730 und
2537 669 2580 729 sie
2620 666 2748 726 formten
2788 664 3048 724 unvergängliche

1312 688 1530 748 ziergängers,
1571 685 1625 745 der
1658 686 1712 746 aus
1758 682 2062 742 gesellschaftlichen
2099 676 2153 736 Vor

2197 714 2287 774 Sätze
2320 715 2392 775 über
2415 712 2461 772 die
2493 712 2579 772 Liebe
2611 710 2656 770 als
2684 708 2743 768 eine
2775 706 2848 766 tiefe
2875 706 2971 766 Sache
2998 703 3052 763 des

1309 730 1444 790 urteilen
1472 730 1523 790 den
1556 727 1626 787 Weg
1654 727 1696 787 ins
1720 724 1804 784 Freie
1833 724 1916 784 fand.
1940 724 1963 784 Im
2006 721 2164 781 Medardus

2199 759 2349 819 Herzens.
2397 754 2513 814 Frauen
2552 752 2835 812 experimentierten
2879 748 2934 808 mit
2965 748 3042 808 ihren

1317 774 1384 834 lebt
1407 774 1457 834 das
1484 771 1538 831 alte
1571 770 1647 830 Wien
1679 768 1733 828 und
1761 768 1792 828 es
1820 768 1951 828 schadet
1974 766 2023 826 der
2051 763 2150 823 franze

2200 801 2363 861 Männern,
2410 798 2479 858 weil
2508 796 2549 856 sie
2582 795 2665 855 diese
2698 795 2754 855 Art
2787 789 2940 849 geistigen
2973 789 3042 849 Zeit

451 798 1177 858 OBSERVER

1317 816 1439 876 sischen
1467 816 1589 876 Familie
1617 813 1716 873 nicht,
1735 810 1789 870 daß
1821 809 1862 869 sie
1890 807 1912 867 im
1954 808 2076 868 Grunde
2103 804 2144 864 ein

2197 843 2351 903 vertreibs
2384 840 2556 900 goutierten
2593 837 2647 897 und
2684 837 2806 897 Männer
2839 832 2957 892 stellton
2994 830 3052 890 ihre

1318 856 1445 916 Wiener
1481 857 1608 917 Familie
1628 855 1682 915 ist,
1702 855 1741 915 die
1771 855 1790 915 im
1830 852 1962 912 Cottage
1987 850 2031 910 ihr
2051 849 2154 909 Schlör

537 858 564 918 I.
582 861 703 921 österr.
717 858 870 918 behördl.
889 855 1181 915 konzessioniertes

2203 885 2321 945 Frauen
2355 885 2408 945 zur
2442 882 2643 942 Diskussion,
2686 878 2825 938 kosteten
2864 876 2911 936 die
2950 873 3060 933 Bitter¬

1315 902 1366 962 sel
1395 900 1497 960 hatte.
1521 898 1613 958 Durch
1651 898 1707 958 alle
1735 897 1819 957 seine
1847 893 2173 953 Menschengesichter

512 901 739 961 Unternehmen
771 898 819 958 für
842 894 1212 954 Zeitungs-Ausschnitte

2203 930 2281 990 nisse
2326 930 2409 990 rings
2449 926 2483 986 um
2538 924 2596 984 den
2637 923 2799 983 sinnlichen
2834 918 2951 978 Betrieb
2996 915 3050 975 und

1315 942 1436 1002 blickte
1484 939 1586 999 dieses
1633 939 1829 999 wienerische
1881 939 2012 999 Antlitz,
2073 933 2175 993 dieser

556 959 707 1019 WIEN,
730 961 777 1021 I.,
798 957 1089 1017 WOLLZEILE
1132 953 1172 1013 11

2199 971 2346 1031 tauchten
2400 968 2457 1028 mit
2511 965 2616 1025 weisen
2669 962 2827 1022 Sprüchen
2880 960 2938 1020 aus
2986 959 3038 1019 dem

1313 983 1657 1043 Traumwandlerische
1707 983 1736 1043 im
1795 982 1953 1042 Begehren
2003 977 2061 1037 und
2106 973 2159 1033 Ver

650 1010 866 1070 TELEPHON
905 1007 1083 1067 R-23-0-43

1321 1028 1462 1088 zichten,
1478 1026 1575 1086 dieses
1605 1022 2020 1082 Abschiedswillkommene,
2040 1021 2093 1081 das
2118 1018 2172 1078 mit
2207 1012 2441 1072 Seelendunkel
2466 1010 2578 1070 wieder
2608 1008 2641 1068 an
2676 1007 2720 1067 die
2750 1001 2944 1061 Oberfläche.

2238 1058 2275 1118 Es
2308 1056 2364 1116 war
2388 1055 2477 1115 schon
2505 1052 2594 1112 schön
2618 1051 2640 1111 in
2669 1047 2716 1107 der
2735 1045 3067 1105 Schnitzler-Gegend.

1321 1068 1380 1128 dem
1420 1073 1478 1133 Tod
1503 1069 1606 1129 innige
1631 1067 1842 1127 Beziehungen
1867 1067 1970 1127 hatte.
1985 1064 2039 1124 Die
2064 1062 2162 1122 Todes

1314 1112 1529 1172 bereitschaft
1570 1109 1670 1169 seiner
1715 1109 1871 1169 Menschen
1906 1108 1996 1168 ergab
2027 1105 2087 1165 sich
2117 1103 2167 1163 wie
2203 1101 2257 1161 Sie
2283 1101 2328 1161 lag
2359 1100 2383 1160 in
2414 1097 2463 1157 der
2489 1094 2735 1154 untergehenden
2765 1088 2865 1148 Sonne
2901 1088 2951 1148 des
2976 1086 3056 1146 alten

1324 1153 1372 1213 ein
1397 1153 1588 1213 Abeuteuer,
1618 1153 1676 1213 das
1716 1151 1754 1211 sie
1779 1150 1832 1210 mit
1858 1150 1906 1210 dem
1946 1147 2082 1207 Jenseits
2107 1145 2175 1205 vor-
2211 1142 2401 1202 Österreich.
2445 1139 2474 1199 In
2509 1139 2553 1199 ihr
2587 1136 2670 1196 tönte
2705 1132 2783 1192 Wien
2817 1131 2841 1191 ir
2876 1130 2959 1190 einer
2984 1131 3061 1191 gan¬

445 1153 685 1213 Ausschnitt
712 1153 783 1213 aus

1322 1199 1440 1259 haben,
1465 1198 1488 1258 in
1522 1195 1651 1255 schönen
1690 1194 1889 1254 hauchzarten
1929 1190 2047 1250 Worten
2081 1188 2171 1248 zogen
2211 1185 2401 1245 besonderen
2425 1181 2540 1241 Musik,
2555 1179 2597 1239 die
2621 1177 2707 1237 nicht
2726 1176 2807 1236 mehr
2827 1172 3070 1232 wiederkommt.

879 1180 947 1240 Die
966 1186 1121 1246 Stunde,
1139 1189 1199 1249 nle

2208 1228 2293 1288 Denn
2323 1225 2495 1285 Schnitzler
2524 1222 2576 1282 hat
2601 1222 2667 1282 eine
2692 1219 2801 1279 Schule
2831 1216 3017 1276 begründet,
3032 1214 3065 1274 er

1317 1240 1368 1300 sie
1397 1240 1486 1300 dahin
1533 1239 1589 1299 und
1641 1237 1880 1297 verschwanden
1932 1234 1988 1294 auf
2031 1233 2185 1293 Nimmer¬

1327 1284 1556 1344 wiedersehen.
1596 1280 1678 1340 Viele
1703 1279 1805 1339 seiner
1830 1279 1986 1339 Gestalten
2036 1276 2172 1336 schickte
2212 1272 2270 1332 hat
2295 1270 2451 1330 Menschen
2485 1268 2519 1328 um
2564 1266 2622 1326 sich
2652 1264 2778 1324 gehabt,
2803 1261 2851 1321 die
2881 1260 2959 1320 seine
2994 1256 3052 1316 Luf

2207 1315 2361 1375 atmeten,
2389 1312 2459 1372 aber
2487 1309 2594 1369 keiner
2622 1309 2678 1369 hat
2702 1308 2729 1368 es
2758 1305 2795 1365 zu
2823 1303 2925 1363 seinem
2972 1300 3070 1360 Geist.

1324 1327 1500 1387 Schnitzler
1530 1327 1549 1387 in
1578 1324 1621 1384 ein
1650 1324 1751 1384 nobles
1775 1321 1923 1381 Sterben,
1943 1321 2029 1381 meist
2054 1321 2086 1381 am
2125 1317 2163 1377 Ab

2210 1358 2310 1418 seiner
2341 1355 2563 1415 Leichtigkeit,
2584 1353 2685 1413 seiner
2711 1347 2953 1407 zeichnerischen
2989 1343 3059 1403 Voll

1325 1371 1425 1431 grund
1466 1368 1546 1428 einer
1577 1365 1809 1425 Leidenschaft,
1850 1363 1930 1423 nach
1966 1362 2177 1422 vergeblichen

443 1377 569 1437 vom:

770 1386 838 1446 23
888 1381 1014 1441 OKT.
1035 1380 1140 1440 1931

2209 1401 2335 1461 endung
2371 1398 2532 1458 gebracht.
2579 1398 2634 1458 Ein
2669 1393 2740 1453 paar
2771 1391 2952 1451 versuchten
2989 1386 3069 1446 seine

1328 1413 1594 1473 Erkenntnissen,
1637 1408 1786 1468 schritten
1856 1407 1939 1467 seine
2011 1404 2159 1464 erotische

2208 1443 2390 1503 Stirnlocke
2420 1443 2454 1503 zu
2489 1440 2651 1500 kopieren,
2677 1434 2789 1494 andere
2820 1434 2928 1494 trugen
2968 1431 3066 1491 seinen

1330 1455 1529 1515 Abenteurer
1558 1453 1608 1513 dem
1646 1452 1780 1512 Jenseits
1809 1449 1859 1509 zu.
1902 1449 1957 1509 Mit
1985 1449 2166 1509 klingenden

2210 1488 2301 1548 Bart.
2329 1485 2410 1545 Aber
2438 1484 2546 1544 keiner
2574 1482 2660 1542 hatte
2688 1480 2737 1540 die
2770 1476 2927 1536 visionäre
2961 1476 3079 1536 Hellig¬

1332 1499 1523 1559 Wortspiel.
1560 1497 1601 1557 Er
1627 1497 1678 1557 hat
1705 1494 1751 1554 für
1778 1494 1819 1554 sie
1850 1492 1984 1552 Pistolen
2016 1491 2114 1551 bereit
2140 1489 2176 1549 ge

1337 1542 1430 1602 habt,
1453 1542 1573 1602 Teiche,
1596 1539 1833 1599 Spitalsbetten,
1856 1536 1993 1596 Veronal
2021 1535 2071 1595 und
2105 1534 2181 1594 stille
2220 1530 2302 1590 keit,
2325 1530 2369 1590 die
2403 1529 2452 1589 zur
2475 1525 2678 1585 Erschaffung
2712 1523 2761 1583 der
2795 1521 2872 1581 Welt
2900 1521 2954 1581 des
2983 1519 3076 1579 Dich¬

2215 1572 2278 1632 ters
2305 1571 2357 1631 not
2384 1571 2442 1631 tut.
2464 1571 2526 1631 Und
2559 1569 2585 1629 es
2617 1568 2675 1628 war
2702 1565 2765 1625 eine
2797 1562 2892 1622 Welt,
2914 1562 2998 1622 wenn
3025 1561 3072 1621 sie

462 1566 579 1626 Der
630 1571 865 1631 Dichter
926 1573 1013 1633 der
1064 1574 1309 1634 Wiener

1343 1583 1479 1643 Weiher.

1371 1625 1427 1685 Sie
1469 1627 1566 1687 waren
1613 1624 1669 1684 alle
1700 1622 1848 1682 geborene
1890 1619 2008 1679 Wiener
2039 1620 2198 1680 Erotiker,
2224 1616 2296 1676 auch
2332 1616 2414 1676 zarte
2440 1610 2769 1670 blumenbewachsene
2815 1606 2959 1666 Stakette
3011 1602 3077 1662 um¬

733 1648 1035 1708 Menschen

1339 1670 1397 1730 der
1427 1670 1505 1730 Herr
1535 1668 1588 1728 von
1623 1667 1711 1727 Sala,
1736 1667 1794 1727 der
1824 1665 1902 1725 Herr
1932 1664 1990 1724 von
2025 1664 2201 1724 llofrsitor,
2226 1660 2333 1720 zäunte
2363 1658 2417 1718 und
2446 1656 2593 1716 nirgends
2618 1655 2661 1715 ein
2691 1651 2887 1711 unendliches
2912 1650 2994 1710 Meer
3019 1647 3077 1707 war

2217 1704 2295 1764 oder
2325 1703 2369 1763 die
2399 1701 2555 1761 beroische
2585 1698 2683 1758 Natur
2708 1694 2918 1754 Beethovens.
2953 1691 3076 1751 Gerade

672 1704 731 1764 Von
769 1709 921 1769 Siegfried
952 1709 1073 1769 Geyer.

1342 1716 1400 1776 der
1426 1715 1523 1775 Georg
1558 1712 1754 1772 Wergenthin
1798 1711 1852 1771 und
1897 1708 1940 1768 sie
1985 1707 2097 1767 trieben
2132 1706 2190 1766 ihre

492 1766 593 1826 Artur
624 1768 797 1828 Schnitzler
828 1768 881 1828 hat
930 1768 983 1828 den
1032 1770 1313 1830 Österreichischen
1351 1758 1524 1818 Aventuren
1567 1754 1716 1814 zwischen
1759 1753 1812 1813 den
1855 1750 1950 1810 Villen
1987 1750 2047 1810 und
2077 1748 2191 1808 Gärten
2228 1747 2317 1807 darum
2366 1745 2402 1805 ist
2432 1744 2462 1804 es
2498 1744 2588 1804 schön
2624 1742 2648 1802 in
2684 1741 2732 1801 der
2763 1736 3074 1796 Schnitzler-Gegend

456 1810 644 1870 Menschen,
674 1812 726 1872 den
768 1810 885 1870 Wiener
921 1812 1085 1872 Menschen
1121 1815 1256 1875 geliebt,
1286 1811 1315 1871 so
1351 1807 1403 1867 des
1433 1804 1562 1864 Cottage
1592 1801 1650 1861 und
1687 1801 1739 1861 der
1775 1797 1957 1857 Hietzinger
1993 1793 2204 1853 Landschaft,
2222 1789 2386 1849 gewesen.

458 1852 510 1912 wie
544 1855 577 1915 er
611 1855 759 1915 einstmal
789 1855 928 1915 gewesen
967 1855 1010 1915 ist
1039 1855 1096 1915 und
1135 1857 1163 1917 so
1202 1858 1259 1918 wie
1289 1856 1302 1916 e

457 1899 535 1959 noch
575 1897 751 1957 manchmal
786 1900 873 1960 unter
914 1900 967 1960 uns
1007 1900 1159 1960 wandelt.
1189 1900 1316 1960 Freilich

453 1938 515 1998 sind
557 1941 603 2001 die
640 1941 993 2001 Schnitzler-Menschen
1036 1943 1108 2003 grau
1145 1942 1331 2002 geworden.

454 1981 507 2041 Sie
535 1986 675 2046 kommen
708 1986 762 2046 aus
795 1986 876 2046 einer
904 1986 1033 2046 anderen
1072 1987 1136 2047 Zeit
1164 1987 1190 2047 in
1224 1986 1325 2046 dieses

456 2029 581 2089 Leben,
602 2031 661 2091 und
695 2034 741 2094 sie
775 2031 874 2091 gehen
908 2031 974 2091 hier
1008 2032 1054 2092 ein
1088 2035 1187 2095 wenig
1221 2031 1320 2091 fremd

460 3129 579 3189 umber,
606 3130 665 3190 mit
701 3132 933 3192 verwunderten
968 3133 1114 3193 Blicken.
1141 3133 1209 3193 Den
1262 3131 1321 3191 dte

447 3176 523 3236 Zeit
546 3171 629 3231 ihrer
658 3174 784 3234 schönen
814 3175 1080 3235 Dämmerungen,
1095 3174 1178 3234 ihrer
1201 3174 1305 3234 Abend

640 3219 722 3279 ihrer
757 3219 900 3279 Einkeln,
929 3216 1011 3276 ihrer
1046 3216 1217 3276 zärtlichen
1259 3216 1299 3276 Ge

447 3261 605 3321 spräche,
633 3261 716 3321 ihrer
765 3260 840 3320 Art,
882 3258 998 3318 Frauen
1055 3261 1095 3321 zu
1145 3261 1302 3321 erkennen

446 3303 508 3363 und
549 3303 583 3363 zu
619 3303 768 3363 nehmen,
792 3303 837 3363 ihr
873 3300 1138 3360 Liebe-Beginnen
1179 3306 1230 3366 und
1271 3306 1316 3366 ihr

450 3342 666 3402 Liebe-Enden
703 3344 763 3404 sind
800 3344 926 3404 vorbei.

485 3386 608 3446 Dahin.
638 3388 797 3448 Verweht.
823 3389 881 3449 Das
923 3387 1017 3447 waren
1059 3389 1312 3449 Lieblingsworte

445 3431 546 3491 Artur
575 3431 783 3491 Schnitzlers,
812 3431 862 3491 der
891 3431 970 3491 noch
1004 3431 1032 3491 in
1061 3430 1168 3490 der
1202 3431 1297 3491 Gegen

452 3471 530 3531 wart
567 3474 1001 3534 Vergangenheitsmenschen
1025 3473 1200 3533 seareb,
1249 3473 1314 3533 wol

451 3512 483 3572 er
517 3516 610 3576 keine
660 3517 793 3577 anderen
849 3516 986 3576 kannte,
1031 3515 1124 3575 keihe
1180 3516 1312 3576 anderet

450 3559 568 3619 kennen
607 3559 725 3619 wollte.
753 3560 811 3620 Mit
839 3559 892 3619 den
931 3559 1049 3619 Jungen
1109 3558 1163 3618 von
1223 3559 1314 3619 heute

449 3601 537 3661 hatte
565 3603 592 3663 er
626 3604 725 3664 nichts
753 3604 780 3664 zu
814 3602 886 3662 tun,
903 3601 1002 3661 dieser
1030 3601 1156 3661 Epoche
1185 3603 1317 3663 Kämpfe

448 3646 508 3706 und
542 3646 745 3706 Niederlagen
785 3646 1017 3706 interessierten
1062 3646 1105 3706 ihn
1150 3646 1315 3706 scheinbar

446 3688 554 3748 nicht,
578 3691 652 3751 oder
688 3691 716 3751 er
745 3691 820 3751 fand
855 3688 958 3748 weder
988 3688 1091 3748 Laune
1126 3688 1200 3748 noch
1236 3689 1322 3749 Zeit,

447 3730 495 3790 bis
534 3735 565 3795 zu
604 3733 690 3793 ihnen
735 3734 766 3794 zu
805 3733 978 3793 gelangen.
1011 3732 1049 3792 Er
1082 3730 1162 3790 lebte
1201 3733 1228 3793 in
1266 3734 1319 3794 der

449 3774 560 3834 müden
602 3774 725 3834 Sphäre
762 3774 849 3834 eines
879 3773 1085 3833 glückhaften
1127 3773 1315 3833 Vorkriegs¬

449 3816 659 3876 Österreichs,
687 3819 743 3879 das
776 3816 837 3876 sein
876 3813 1098 3873 dichterisches
1137 3815 1225 3875 Reich
1264 3817 1319 3877 ge¬

452 3858 549 3918 wosen
582 3861 641 3921 ist.
663 3861 743 3921 Noch
782 3859 862 3919 sieht
895 3858 959 3918 man
992 3858 1094 3918 seinen
1138 3858 1294 3918 nachdenk

448 3903 647 3963 lich-feschen
686 3903 860 3963 „Leutnant
893 3900 1002 3960 Gustl“
1035 3900 1085 3960 auf
1112 3902 1169 3962 der
1196 3903 1304 3963 Prater

442 3953 526 4013 bank
560 3955 677 4015 sitzen,
697 3955 756 4015 das
783 3953 854 4013 süße
888 3951 992 4011 Mädel
1012 3952 1129 4012 kommt
1156 3953 1215 4013 aus
1242 3953 1300 4013 dem

449 3997 658 4057 Volksgarten
698 3998 748 4058 und
771 3996 816 4056 die
834 3995 1087 4055 Schlager-Mizzi
1116 3996 1251 4056 spaziert
1274 3995 1302 4055 um

446 4040 487 4100 ein
512 4040 702 4100 Nachtmahl
714 4040 744 4100 zu
763 4041 959 4101 arrangieren
995 4040 1090 4100 durch
1127 4038 1180 4098 die
1193 4039 1311 4099 Winkcl

444 4085 556 4145 gassen
592 4085 648 4145 der
677 4085 875 4145 Josefstadt,
897 4085 938 4145 wo
974 4085 1030 4145 der
1059 4082 1235 4142 Lobmeyer
1264 4085 1299 4145 ge

451 4126 560 4186 wohnt
591 4126 657 4186 hat.

490 4167 562 4227 Wie
593 4168 665 4228 weit
688 4170 724 4230 ist
747 4171 806 4231 das
836 4169 909 4229 alles
932 4168 990 4228 von
1020 4168 1072 4228 der
1102 4170 1315 4230 Sachlichkeit

447 4211 508 4271 des
533 4213 650 4273 Radio-
676 4213 730 4273 und
762 4213 1058 4273 Flugzeug-Heute,
1102 4210 1126 4270 in
1170 4213 1225 4273 der
1262 4213 1311 4273 die
