3436 4320
235 315 283 375 2

1492 306 1617 366 box
1696 308 1884 368 43/3

372 313 969 373 Schnitzler's
1040 310 1267 370 Deatl

813 452 834 512 I.
848 450 975 510 österr.
984 449 1138 509 behördl.
1152 445 1455 505 konzessioniertes

765 493 1003 553 Unternehmen
1035 490 1083 550 für
1107 488 1497 548 Zeitungs-Ausschnitte

822 550 969 610 WIEN,
996 551 1049 611 I.,
1077 551 1358 611 WOLLZEILE
1405 545 1445 605 11

917 601 1141 661 TELEPHON
1173 599 1349 659 R-23-0-43

725 745 948 805 Ausschnitt
975 742 1065 802 aus:

688 1049 1001 1109 Ausschnitt
1041 1049 1109 1109 aus

721 1124 1163 1184 abasche
1237 1115 1545 1175 vrtrttg

1094 1220 1332 1280 ugst

1157 1334 1574 1394 193

693 1336 819 1396 Nrl
958 1340 1072 1400 vom.

530 1533 923 1593 Bäilhme,
995 1536 1250 1596 Bunch
1298 1530 1341 1590 e
1393 1541 1714 1601 Funk,

1787 1543 2064 1603 Film.
2116 1553 2838 1613 Missenschaft

1694 1613 1801 1673 mann
1841 1615 1903 1675 und
1938 1619 2209 1679 Bürgermeister
2243 1623 2299 1683 von
2334 1626 2452 1686 Wien,
2475 1630 2667 1690 allerdings
2701 1633 2786 1693 ohne
2815 1633 2876 1693 Er¬

796 1637 984 1697 Artur
1025 1640 1353 1700 Schnitzler

1699 1657 1783 1717 folg,
1816 1661 1910 1721 unter
1943 1661 2090 1721 Anklage
2128 1667 2249 1727 stellte,
2276 1667 2354 1727 weil
2387 1668 2418 1728 er
2450 1673 2545 1733 einer
2577 1676 2873 1736 Verbotsweisung

1697 1700 1753 1760 des
1790 1703 2042 1763 Ministeriums
2079 1708 2166 1768 nicht
2197 1711 2460 1771 nachgekommen
2502 1715 2589 1775 war.
2631 1718 2687 1778 (In
2729 1719 2878 1779 Deutsch¬

582 1710 648 1770 Jäh
682 1709 747 1769 und
781 1712 967 1772 schmerzlich
1001 1714 1073 1774 traf
1101 1718 1167 1778 uns
1194 1718 1247 1778 die
1274 1718 1446 1778 Nachricht
1474 1719 1533 1779 vom
1580 1717 1665 1777 Tod¬

1693 1743 1777 1803 land
1809 1744 1872 1804 gab
1909 1746 1940 1806 es
1978 1747 2030 1807 bei
2062 1749 2120 1809 den
2163 1753 2421 1813 Aufführungen
2458 1758 2516 1818 des
2553 1757 2721 1817 „Reigen“
2759 1762 2880 1822 Stink¬

485 1751 599 1811 Artur
632 1754 854 1814 Schnitzlers.

1693 1789 1997 1849 bombenangriffe
2024 1792 2080 1852 der
2111 1795 2317 1855 vereinigten
2349 1799 2477 1859 Mucker
2514 1800 2570 1860 und
2607 1805 2736 1865 einmal
2767 1807 2875 1867 wurde

579 1801 684 1861 Statt
715 1802 763 1862 des
793 1808 1144 1868 Geburtstagsfestes,
1164 1811 1223 1871 das
1253 1811 1310 1871 zum
1350 1811 1555 1871 kömmenden
1595 1811 1652 1871 Ma

1693 1828 1744 1888 ein
1781 1830 1899 1890 ganzes
1931 1834 2360 1894 Schauspieler=Ensemble
2387 1842 2417 1902 in
2449 1842 2567 1902 Berlin
2604 1846 2702 1906 unter
2728 1848 2878 1908 Anklage

482 1844 539 1904 dem
582 1848 852 1908 siebzigjährigen
890 1849 1021 1909 Dichter
1048 1852 1074 1912 in
1107 1852 1196 1912 aller
1223 1852 1323 1912 Stille
1350 1853 1562 1913 vorbereitet
1589 1854 1668 1914 wer¬

1699 1871 1841 1931 gestellt.
1874 1873 1947 1933 Das
1980 1877 2090 1937 führte
2128 1878 2202 1938 aber
2239 1880 2270 1940 zu
2308 1881 2398 1941 einem
2446 1885 2636 1945 blamablen
2678 1891 2879 1951 Hereinfall,

490 1888 546 1948 den
578 1888 685 1948 sollte,
701 1891 767 1951 muß
800 1891 856 1951 zur
882 1892 1078 1952 Totenfeier
1099 1894 1242 1954 gerüstet
1269 1894 1413 1954 werden,
1434 1897 1526 1957 einer
1547 1897 1670 1957 Toten¬

1696 1915 1778 1975 denn
1819 1915 1875 1975 das
1918 1919 2201 1979 Kammergericht
2232 1925 2351 1985 Berlin
2372 1927 2428 1987 III
2465 1929 2660 1989 bezeichnete
2697 1933 2728 1993 in
2770 1936 2856 1996 einem

492 1930 589 1990 feier,
610 1932 661 1992 die
692 1934 749 1994 von
791 1936 1053 1996 Bewunderung
1095 1937 1156 1997 und
1188 1938 1389 1998 Verehrung
1425 1939 1508 1999 nicht
1539 1942 1600 2002 nur
1632 1942 1662 2002 ir

1698 1957 1815 2017 Urteil
1840 1960 1899 2020 das
1929 1961 2023 2021 Werk
2054 1964 2106 2024 als
2136 1966 2207 2026 eine
2237 1969 2367 2029 sittliche
2397 1970 2479 2030 Tat.
2509 1971 2556 2031 D.
2581 1973 2680 2033 Red.)

484 1974 587 2034 hohem
634 1975 749 2035 Schein
785 1978 946 2038 leuchten,
975 1980 1108 2040 sondern
1144 1979 1195 2039 die
1231 1980 1288 2040 von
1323 1984 1530 2044 Herzenston
1566 1984 1663 2044 echter

483 2018 692 2078 Totenklage
726 2022 862 2082 weithin
896 2022 1003 2082 hallen
1044 2022 1105 2082 und
1145 2023 1394 2083 wiederklingen
1434 2025 1535 2085 wird.

1785 2017 1920 2077 Freilich
1968 2022 2062 2082 hatte
2104 2025 2216 2085 Artur
2247 2028 2429 2088 Schnitzler
2471 2034 2653 2094 inzwischen
2708 2037 2766 2097 von
2820 2037 2872 2097 der

1697 2063 1998 2123 Monolognovelle
2037 2067 2231 2127 „Leutnant
2264 2070 2376 2130 Gustl“
2415 2071 2452 2131 an
2491 2072 2517 2132 im
2566 2076 2690 2136 jungen
2734 2080 2873 2140 Medar¬

573 2070 691 2130 Selten
725 2070 787 2130 hat
816 2072 861 2132 ein
895 2073 1160 2133 österreichischer
1189 2076 1336 2136 Dichter,
1359 2076 1404 2136 ein
1438 2079 1590 2139 Dichter,
1614 2077 1664 2137 der

1696 2103 1778 2163 dus,
1799 2105 1824 2165 im
1871 2106 2055 2166 „Professor
2082 2111 2298 2171 Bernhardi“
2324 2110 2339 2170 —
2391 2113 2462 2173 der,
2484 2115 2560 2175 weil
2581 2118 2617 2178 er
2643 2119 2714 2179 eine
2741 2123 2869 2183 dumme

482 2112 517 2172 in
549 2113 641 2173 Wien
677 2115 832 2175 wurzelte
863 2115 924 2175 und
956 2115 1053 2175 dessen
1085 2118 1198 2178 Werke
1224 2118 1342 2178 Wiens
1374 2121 1594 2181 Atmosphäre
1615 2119 1656 2179 at

1693 2145 1761 2205 und
1804 2147 1946 2207 infame,
1973 2150 2061 2210 ganz
2099 2151 2230 2211 typische
2268 2155 2541 2215 Oesterreicherei
2573 2160 2630 2220 ins
2669 2164 2752 2224 Herz
2789 2169 2862 2229 traf

485 2154 616 2214 meten,
633 2157 658 2217 so
685 2157 743 2217 tief
765 2158 943 2218 ergriffen,
959 2159 985 2219 so
1012 2160 1090 2220 weit
1107 2160 1248 2220 gewirkt
1270 2160 1328 2220 wie
1349 2162 1454 2222 Artur
1476 2163 1670 2223 Schnitzler,

1699 2188 2005 2248 selbstverständlich
2036 2195 2131 2255 lange
2162 2196 2237 2256 Zeit
2263 2199 2414 2259 verboten
2449 2201 2520 2261 war
2540 2201 2555 2261 —
2606 2205 2726 2265 immer
2752 2207 2877 2267 wieder

489 2196 591 2256 Seine
624 2200 936 2260 Erzählungskunst
964 2199 1023 2259 hat
1056 2202 1137 2262 nicht
1170 2203 1234 2263 nur
1262 2203 1310 2263 die
1343 2205 1542 2265 literarische
1575 2205 1650 2265 Wel

1693 2231 1762 2291 und
1793 2231 1908 2291 immer
1934 2233 2039 2293 klarer
2070 2236 2245 2296 bewiesen,
2266 2239 2321 2299 daß
2352 2242 2381 2302 es
2412 2243 2462 2303 ihm
2508 2243 2588 2303 nicht
2613 2247 2709 2307 allein
2744 2248 2779 2308 um
2825 2249 2869 2309 die

485 2240 680 2300 aufhorchen
717 2243 881 2303 gemacht,
907 2243 958 2303 die
989 2243 1133 2303 reizvoll
1164 2246 1349 2306 gelockerten
1391 2248 1519 2308 Szenen
1561 2248 1643 2308 seine

1691 2273 1975 2333 Durchdringung
2012 2276 2064 2336 der
2101 2281 2269 2341 einzelnen
2312 2285 2564 2345 Menschenseele
2601 2290 2695 2350 ging,
2728 2292 2864 2352 sondern

486 2284 684 2344 Dramatik,
706 2283 750 2343 die
784 2285 811 2345 so
839 2285 888 2345 oft
917 2286 965 2346 die
994 2287 1176 2347 anmutige
1204 2288 1485 2348 Schwerlosigkeit
1513 2291 1667 2351 genialen

1692 2315 1753 2375 vom
1802 2315 1892 2375 Land
1926 2316 1982 2376 der
2012 2318 2112 2378 Seele
2146 2322 2207 2382 aus
2237 2327 2403 2387 leuchtend
2437 2329 2475 2389 um
2524 2328 2576 2388 den
2615 2333 2724 2393 reinen
2763 2335 2872 2395 Glanz

476 2327 792 2387 Stegreifdichtung
830 2330 1067 2390 vortäuschen,
1099 2331 1199 2391 haben
1247 2332 1332 2392 nicht
1369 2332 1432 2392 nur
1469 2330 1521 2390 die
1564 2332 1659 2392 erster

1691 2357 1751 2417 der
1785 2359 1951 2419 Artseele,
1979 2362 2017 2422 um
2067 2369 2411 2429 Gesellschaftskritik,
2439 2372 2477 2432 um
2523 2374 2583 2434 der
2616 2378 2876 2438 Menschlichkeit

482 2369 625 2429 Bühnen
667 2371 821 2431 erobert,
848 2372 1043 2432 Schnitzlers
1085 2374 1198 2434 Werke
1234 2372 1321 2432 sind,
1347 2374 1419 2434 was
1461 2376 1543 2436 weit
1574 2377 1661 2437 mehr

485 2413 657 2473 bedeutet,
683 2413 746 2473 tief
773 2414 830 2474 ins
862 2414 945 2474 Volk
977 2415 1187 2475 gedrungen,
1214 2417 1316 2477 haben
1355 2415 1406 2475 die
1438 2419 1572 2479 geistige
1604 2415 1668 2475 Er=
1694 2404 1802 2464 große
1828 2405 2077 2465 Gegenstände.

480 2452 623 2512 weckung
657 2454 747 2514 einer
777 2457 988 2517 Generation
1022 2458 1199 2518 gefördert
1228 2458 1290 2518 und
1319 2461 1386 2521 sind
1420 2461 1506 2521 einer
1540 2461 1664 2521 andern

1781 2458 1872 2518 Nicht
1900 2463 1959 2523 nur
1986 2466 2099 2526 hinter
2127 2467 2181 2527 der
2209 2471 2414 2531 Lustbarkeit
2436 2474 2490 2534 des
2523 2476 2680 2536 „Grünen
2713 2479 2842 2539 Kakadu

481 2497 550 2557 noch
581 2497 697 2557 immer
722 2497 934 2557 unveraltet.
959 2499 1049 2559 Denn
1081 2501 1191 2561 hinter
1216 2503 1317 2563 diesen
1348 2503 1549 2563 Dichtungen
1579 2506 1664 2566 stant

1693 2505 1814 2565 grollte
1846 2505 1899 2565 die
1931 2508 2031 2568 große
2063 2511 2295 2571 Revolution,
2327 2517 2385 2577 und
2423 2518 2470 2578 die
2507 2520 2692 2580 imposante
2730 2521 2877 2581 Kompo¬

485 2539 529 2599 ein
565 2539 695 2599 Mann,
721 2542 872 2602 aufrecht
903 2540 962 2600 und
998 2543 1098 2603 kühn,
1124 2543 1154 2603 in
1190 2545 1305 2605 allem,
1330 2545 1400 2605 was
1436 2546 1466 2606 er
1497 2548 1526 2608 zu
1567 2548 1657 2608 sagen

1690 2545 1785 2605 sition
1827 2548 1879 2608 des
1923 2551 2075 2611 Romans
2118 2554 2202 2614 „Der
2240 2556 2318 2616 Weg
2356 2558 2414 2618 ins
2451 2561 2588 2621 Freie“,
2620 2563 2667 2623 die
2705 2564 2736 2624 in
2779 2566 2868 2626 ihrer

485 2583 590 2643 hatte.
625 2583 701 2643 Und
737 2583 791 2643 das
833 2585 903 2645 war
933 2585 1009 2645 viel
1040 2587 1099 2647 und
1135 2587 1190 2647 nie
1226 2587 1306 2647 ohne
1342 2590 1442 2650 neues
1478 2592 1649 2652 Bedeuten

1697 2592 1990 2652 Problemstellung
2025 2595 2087 2655 und
2116 2596 2144 2656 im
2184 2598 2319 2658 Gerank
2336 2601 2426 2661 ihrer
2449 2605 2613 2665 organisch
2642 2608 2861 2668 gewachsenen

568 2633 675 2693 Artur
710 2636 905 2696 Schnitzlers
946 2636 1108 2696 Dichtung
1142 2638 1277 2698 erschloß
1311 2639 1365 2699 sich
1399 2640 1459 2700 vor
1494 2640 1561 2700 und
1602 2638 1662 2698 mit
1697 2632 1851 2692 Episoden
1886 2634 1966 2694 weit
1987 2635 2068 2695 über
2089 2638 2162 2698 eine
2183 2640 2297 2700 epische
2318 2646 2547 2706 Behandlung
2575 2647 2629 2707 der
2656 2650 2865 2710 Judenfrage

477 2679 649 2739 „Anatol“
687 2678 741 2738 zur
774 2679 947 2739 Blütezeit
974 2679 1033 2739 des
1066 2683 1352 2743 Naturalismus.
1385 2682 1482 2742 Aber
1510 2685 1563 2745 die
1596 2683 1649 2743 dok

1689 2676 1949 2736 hinausgreift,
1967 2681 2052 2741 zeigt
2083 2682 2261 2742 Schnitzler
2297 2685 2348 2745 als
2378 2688 2545 2748 Gestalter
2581 2691 2702 2751 ernster
2731 2696 2869 2756 sozialer

477 2720 614 2780 trinäre
643 2719 791 2779 Schwere
825 2721 879 2781 des
913 2722 974 2782 von
1008 2724 1101 2784 Arno
1135 2725 1234 2785 Holz,
1256 2727 1394 2787 Johann
1428 2726 1565 2786 Schlaf,
1588 2728 1643 2788 vom
1693 2720 1853 2780 Fragen.

472 2762 599 2822 jungen
634 2762 786 2822 Gerhart
811 2766 1031 2826 Hauptmann
1067 2767 1346 2827 repräsentierten
1381 2772 1650 2832 Naturalismus

1774 2774 1822 2834 In
1860 2773 2006 2833 späteren
2037 2777 2172 2837 Jahren
2209 2778 2264 2838 hat
2295 2779 2344 2839 sich
2376 2780 2430 2840 der
2455 2784 2602 2844 Dichter,
2627 2785 2688 2845 wie
2713 2787 2865 2847 abschlie¬

476 2802 530 2862 die
556 2805 611 2865 von
641 2807 982 2867 sozialökonomischer
1008 2810 1148 2870 Theorie
1174 2811 1379 2871 beeinflußte
1405 2814 1645 2874 Auseinander

1687 2814 1794 2874 ßend,
1821 2815 1882 2875 mit
1914 2817 2129 2877 „Casanovas
2166 2820 2402 2880 Heimfahrt“,
2423 2826 2490 2886 mit
2516 2826 2572 2886 der
2604 2829 2773 2889 Tragödie
2810 2829 2866 2889 des

475 2845 597 2905 setzung
637 2846 701 2906 mit
731 2849 1054 2909 Vererbungslehre
1094 2852 1157 2912 und
1197 2854 1457 2914 Darwinismus
1497 2856 1546 2916 lag
1590 2858 1644 2918 den

1687 2855 1897 2915 Badearztes
1929 2858 2072 2918 Gräser,
2094 2859 2170 2919 der,
2197 2863 2258 2923 wie
2290 2863 2372 2923 einst
2398 2864 2454 2924 der
2485 2867 2588 2927 junge
2619 2870 2768 2930 Anatol,
2794 2871 2871 2931 zwi¬

473 2891 617 2951 Wiener
644 2891 772 2951 Dichter
798 2891 891 2951 fern.
922 2893 1036 2953 Artur
1062 2894 1258 2954 Schnitzler,
1279 2897 1336 2957 der
1362 2897 1454 2957 Sohn
1491 2898 1584 2958 eines
1610 2898 1661 2958 ge¬

1687 2898 1766 2958 schen
1798 2899 1882 2959 zwei
1909 2902 2041 2962 Frauen
2073 2904 2173 2964 steht,
2195 2903 2252 2963 mit
2279 2906 2406 2966 reifstem
2443 2910 2617 2970 Erkennen
2649 2912 2771 2972 wieder
2798 2915 2850 2975 dem

467 2933 602 2993 lehrten
638 2933 753 2993 Arztes
789 2933 853 2993 und
884 2934 979 2994 selbst
1005 2938 1276 2998 seelenkundiger
1307 2939 1402 2999 Arzt,
1427 2942 1568 3002 gewann
1604 2939 1658 2999 der

1687 2939 1898 2999 rätselvollen
1940 2942 2125 3002 Stoffkreis
2167 2945 2393 3005 vergeistigter
2414 2948 2523 3008 Erotik
2539 2954 2770 3014 zugewendet:
2807 2954 2868 3014 Die

471 2975 899 3035 naturalistischen
935 2977 1090 3037 Dichtung
1121 2979 1168 3039 ein
1199 2981 1296 3041 neues
1329 2982 1462 3042 Gebiet,
1478 2982 1540 3042 das
1566 2984 1648 3044 Reic

1690 2983 1787 3043 Liebe
1813 2984 1967 3044 erscheint
1989 2986 2019 3046 in
2051 2987 2241 3047 Schnitzlers
2272 2990 2488 3050 Lebenswerk
2515 2991 2577 3051 wie
2603 2993 2674 3053 eine
2696 2996 2865 3056 unerbitt¬

470 3015 534 3075 des
565 3016 650 3076 Eros
686 3017 751 3077 mit
781 3015 827 3075 all
857 3020 962 3080 seinen
998 3023 1310 3083 lockend=lachenden
1346 3026 1522 3086 Gefilden,
1552 3028 1652 3088 seinen

1691 3024 1766 3084 liche
1793 3023 1965 3083 Gottheit,
1988 3027 2036 3087 die
2064 3027 2122 3087 den
2155 3031 2322 3091 Menschen
2361 3032 2495 3092 schuldig
2528 3035 2652 3095 werden
2685 3038 2776 3098 läßt,
2799 3040 2857 3100 und

471 3059 750 3119 labyrinthischen
788 3060 954 3120 Gebirgen
993 3060 1051 3120 und
1090 3064 1359 3124 verschwiegenen
1397 3069 1660 3129 Einsamkeiten,
1688 3068 1773 3128 über
1806 3067 1859 3127 ihn
1898 3067 2032 3127 Gericht
2065 3069 2156 3129 hält,
2184 3071 2221 3131 um
2270 3073 2323 3133 die
2356 3076 2560 3136 unmerkbar
2593 3081 2781 3141 riesenhaft
2814 3080 2861 3140 ge¬

476 3100 512 3160 er
539 3103 676 3163 gewann
713 3101 766 3161 ihr
798 3101 855 3161 das
887 3104 976 3164 Land
1013 3104 1066 3164 der
1098 3106 1313 3166 menschlichen
1351 3109 1451 3169 Seele
1483 3110 1509 3170 in
1546 3111 1651 3171 seinen
1689 3109 1851 3169 wachsene
1878 3110 1994 3170 Schuld
2026 3112 2089 3172 mit
2110 3114 2215 3174 Härte
2242 3118 2489 3178 einzutreiben.

470 3145 820 3205 nebelverschleierten
861 3148 1015 3208 Weiten.
1052 3148 1124 3208 Vom
1176 3151 1319 3211 heiteren
1367 3154 1536 3214 „Anatol“
1577 3154 1659 3214 über

1775 3169 1821 3229 So
1849 3172 1950 3232 herb,
1964 3172 1991 3232 so
2019 3175 2140 3235 bitter,
2161 3175 2187 3235 so
2209 3176 2275 3236 tief
2296 3178 2404 3238 sittlich
2432 3178 2472 3238 ist
2493 3181 2689 3241 Schnitzlers
2717 3185 2864 3245 erotische

474 3189 532 3249 den
576 3189 727 3249 blutigen
770 3189 872 3249 Ernst
911 3191 969 3251 der
1008 3191 1197 3251 „Liebelei“
1241 3195 1294 3255 zum
1354 3196 1650 3256 Antiduelldrama

1684 3211 1854 3271 Dichtung

470 3230 701 3290 „Freiwild“,
727 3232 788 3292 das
825 3231 856 3291 zu
898 3231 989 3291 Ende
1026 3234 1083 3294 des
1119 3234 1350 3294 vergangenen
1392 3240 1639 3300 Jahrhundert

1769 3264 1837 3324 Der
1866 3266 1995 3326 Roman
2036 3267 2211 3327 „Therese“
2251 3270 2318 3330 war
2353 3272 2403 3332 des
2438 3274 2584 3334 Dichters
2619 3277 2726 3337 letzte,
2749 3279 2867 3339 große.

470 3273 533 3333 auf
560 3273 607 3333 die
634 3273 887 3333 überständigen
920 3275 1072 3335 feudalen
1105 3276 1343 3336 Ehrbegriffen
1375 3281 1559 3341 verfallene
1586 3280 1644 3340 bür

1686 3308 1800 3368 epische
1824 3306 2031 3366 Schöpfung.
2055 3309 2107 3369 In
2136 3309 2188 3369 den
2223 3311 2332 3371 Essays
2361 3315 2471 3375 „Geist
2495 3317 2517 3377 im
2558 3318 2661 3378 Wort
2685 3321 2742 3381 und
2772 3321 2834 3381 Gei

471 3316 613 3376 gerliche
636 3318 845 3378 Gesellschaft
874 3318 937 3378 wie
966 3318 1152 3378 Kampfruf
1176 3321 1289 3381 wirkte

1681 3350 1712 3410 in
1755 3350 1807 3410 der
1839 3351 1923 3411 Tat“
1961 3351 2023 3411 hat
2050 3354 2245 3414 Schnitzler,
2272 3355 2324 3415 der
2356 3357 2566 3417 niemals
2604 3362 2661 3422 den
2704 3364 2851 3424 Mächten

554 3365 620 3425 Bis
657 3368 755 3428 dahin
796 3369 889 3429 hatte
925 3369 997 3429 man
1039 3372 1090 3432 die
1122 3372 1199 3432 leise
1230 3372 1457 3432 Schwermut,
1483 3375 1534 3435 die
1576 3375 1653 3435 über

1684 3392 1742 3452 der
1774 3391 1911 3451 Gewalt
1943 3393 2074 3453 diente,
2117 3395 2175 3455 das
2213 3399 2445 3459 Vermächtnis
2482 3405 2719 3465 hochgereifter
2757 3407 2862 3467 Welt¬

474 3411 667 3471 Schnitzlers
706 3412 910 3472 Dichtungen
954 3412 1104 3472 schwebt,
1137 3414 1201 3474 mit
1235 3417 1547 3477 Sentimentalität
1585 3417 1655 3477 ver¬

1685 3438 1889 3498 anschauung
1928 3438 1987 3498 und
2020 3439 2139 3499 milder
2172 3442 2339 3502 Weisheit
2367 3444 2523 3504 gegeben.

473 3453 631 3513 wechselt,
658 3454 710 3514 die
742 3456 890 3516 graziöse
927 3456 1048 3516 Leichte
1086 3457 1190 3517 seiner
1223 3456 1339 3516 Poesie
1376 3458 1439 3518 mit
1471 3459 1655 3519 harmloser

470 3494 660 3554 Wienerei.
702 3497 786 3557 Jetzt
824 3497 934 3557 wußte
972 3499 1066 3559 man,
1098 3499 1156 3559 daß
1198 3497 1229 3557 es
1267 3500 1367 3560 diesem
1420 3502 1546 3562 Dichter

1762 3497 1876 3557 Artur
1907 3497 2106 3557 Schnitzlers
2143 3499 2227 3559 hohe
2264 3501 2409 3561 formale
2446 3504 2566 3564 Kunst,
2598 3508 2651 3568 der
2688 3511 2857 3571 gepflegte

465 3539 780 3599 Sentimentalität
807 3541 860 3601 als
892 3542 960 3602 „ein
992 3541 1091 3601 unter
1118 3541 1170 3601 dem
1218 3542 1318 3602 Preis
1351 3544 1560 3604 erhandeltes
1593 3540 1655 3600 Ge=
1688 3540 1751 3600 und
1783 3539 1972 3599 geläuterte
2004 3542 2083 3602 Stil
2110 3542 2199 3602 eines
2236 3545 2420 3605 eigenartig
2457 3550 2747 3610 hochentwickelten
2784 3550 2862 3610 Im¬

471 3578 563 3638 fühl“
600 3583 692 3643 innig
728 3584 790 3644 und
826 3584 980 3644 grimmig
1017 3587 1217 3647 verachtete,
1243 3584 1279 3644 um
1331 3586 1408 3646 weit
1439 3587 1531 3647 mehr
1563 3590 1639 3650 ging

1673 3582 1953 3642 pressionismus,
1976 3581 2029 3641 der
2057 3582 2110 3642 die
2138 3586 2424 3646 Passivität
2452 3587 2527 3647 des
2554 3590 2651 3650 Ichs
2684 3593 2759 3653 leise
2787 3594 2857 3654 iro¬

469 3623 528 3683 als
554 3624 593 3684 um
635 3626 764 3686 Anmut
790 3627 850 3687 und
876 3629 1242 3689 Liebenswürdigkeit,
1263 3632 1333 3692 jetzt
1354 3632 1453 3692 ahnte
1479 3633 1574 3693 man,
1595 3633 1649 3693 das

1678 3625 1757 3685 nisch
1793 3624 1853 3684 und
1889 3626 1993 3686 etwas
2024 3626 2265 3686 schwermütig,
2290 3629 2370 3689 aber
2401 3632 2460 3692 mit
2491 3634 2767 3694 weltanschaulich
2803 3637 2857 3697 be¬

466 3665 577 3725 dieser
607 3667 777 3727 eleganten
813 3670 919 3730 Feder
949 3670 1001 3730 die
1031 3672 1172 3732 Schärfe
1203 3670 1255 3730 des
1291 3672 1473 3732 Schwertes
1515 3674 1655 3734 eignete,
1680 3667 1868 3727 deutsamer
1898 3667 2056 3727 Klarheit
2074 3668 2138 3728 und
2169 3671 2463 3731 Eindringlichkeit
2487 3676 2751 3736 nahezubringen
2787 3677 2857 3737 ver¬

475 3706 533 3766 Die
569 3709 763 3769 großartige
799 3711 1069 3771 Geschlossenheit
1105 3712 1157 3772 des
1199 3714 1316 3774 kühnen
1358 3716 1551 3776 „Reigens“
1593 3714 1634 3774 um
1681 3711 1816 3771 mochte,
1840 3709 1992 3769 bedürfte
2023 3713 2216 3773 besonderer
2252 3715 2310 3775 und
2346 3718 2593 3778 ausführlicher
2623 3723 2857 3783 Würdigung.

464 3745 520 3805 die
552 3751 685 3811 Erotik,
706 3754 804 3814 jener
830 3756 1082 3816 Szenenreihe,
1108 3757 1159 3817 die
1191 3758 1649 3818 individual=psychologische

1761 3766 1826 3826 Ein
1871 3769 2104 3829 endgültiges,
2143 3774 2409 3834 abgeschlossenes
2454 3777 2625 3837 poetisches
2665 3783 2858 3843 Testament

467 3791 615 3851 Analyse
647 3794 708 3854 der
734 3796 872 3856 sozialen
914 3800 1139 3860 nahebringt,
1166 3801 1289 3861 erregte
1326 3800 1376 3860 den
1418 3802 1638 3862 geschlossenen
1675 3809 1736 3869 des
1773 3811 1921 3871 Dichters
1958 3813 1993 3873 ist
2030 3813 2091 3873 uns
2133 3814 2214 3874 nicht
2246 3818 2445 3878 geworden;
2478 3820 2554 3880 denn
2596 3822 2651 3882 der
2688 3824 2754 3884 Tod
2796 3825 2852 3885 hat

470 3836 539 3896 und
570 3838 761 3898 erbitterten
798 3841 1009 3901 Widerstand
1040 3841 1124 3901 aller
1156 3842 1251 3902 jener
1282 3843 1387 3903 Kreise
1423 3843 1483 3903 und
1514 3843 1639 3903 Mächte

1681 3855 1786 3915 Artur
1813 3853 1987 3913 Schnitzler
2019 3855 2082 3915 mit
2109 3859 2261 3919 raschem,
2289 3861 2415 3921 leichtem
2457 3862 2584 3922 Schritt
2611 3865 2668 3925 von
2706 3866 2758 3926 der
2790 3867 2853 3927 Ar¬

470 3879 523 3939 die
551 3879 621 3939 ihre
654 3880 854 3940 ästhetischen
892 3882 956 3942 und
989 3885 1373 3945 Kulturanschauungen
1412 3886 1471 3946 von
1509 3888 1649 3948 reaktio¬

1676 3895 1764 3955 beit,
1792 3894 1846 3954 vom
1892 3899 2263 3959 Morgenspaziergang
2296 3903 2501 3963 weggeholt,
2529 3904 2583 3964 vom
2628 3906 2733 3966 freien
2772 3909 2849 3969 Weg

472 3923 578 3983 närer
603 3924 733 3984 Politik
757 3924 917 3984 bezogen.

1676 3936 1707 3996 im
1750 3939 1860 3999 weiten
1898 3940 1982 4000 Land
2014 3942 2119 4002 seines
2151 3944 2267 4004 reichen
2300 3946 2473 4006 Wirkens,
2495 3948 2547 4008 dem
2590 3948 2647 4008 das
2680 3950 2779 4010 Leben
2817 3954 2843 4014 in

551 3970 623 4030 Und
654 3972 707 4032 der
738 3972 902 4032 „Reigen“
939 3975 1047 4035 wurde
1078 3975 1223 4035 verfolgt
1248 3975 1296 4035 bis
1327 3978 1382 4038 zum
1425 3978 1533 4038 April
1558 3981 1630 4041 1922

1675 3981 1780 4041 vollen
1812 3982 1970 4042 tönenden
2002 3985 2154 4045 Strömen
2187 3990 2344 4050 rauschte,
2361 3990 2581 4050 heimgeholt,
2598 3990 2650 4050 den
2682 3995 2840 4055 einsamen

459 4020 505 4080 da
546 4017 598 4077 die
633 4017 824 4077 Regierung
866 4019 923 4079 den
970 4020 1341 4080 sozialdemokratischen
1383 4023 1648 4083 Landeshaupt¬

1687 4024 1760 4084 Weg
1792 4026 1846 4086 ins
1872 4028 2081 4088 unbekannte
2112 4030 2216 4090 Land.
2273 4035 2445 4095 („Wiener
2470 4037 2821 4097 Arbeiterzeitung.")
