3344 4384
2647 496 3047 556 s

2720 542 2752 602 u
2828 520 3119 580 ousol

3082 598 3149 658 p

2776 685 2872 745 150
2921 663 3251 723 NISONISV

979 757 1402 817 Sonntagsbeilage
1441 751 1514 811 der
1553 751 1726 811 Wiener
1765 743 1963 803 Zeitung,
2002 742 2075 802 18.
2101 739 2287 799 Oktober
2313 733 2424 793 1936

197 864 266 924 Ehe
292 865 483 925 entspringt
509 865 560 925 dem
612 863 861 923 metaphysischen
900 861 1084 921 Bedürfnis
1117 858 1173 918 des
1206 855 1282 915 voll
1321 855 1371 915 die
1398 852 1583 912 Schwächen
1635 848 1736 908 seiner
1762 844 1959 904 Gefährten,
2005 842 2049 902 die
2082 840 2184 900 Frag=
2216 839 2292 899 seite
2319 837 2375 897 her
2408 832 2624 892 „retuschiert"
2657 826 2714 886 und

2219 887 2279 947 das
2311 885 2469 945 Werkzeug
2502 885 2531 945 zu
2562 879 2637 939 klein
2669 880 2751 940 war,

202 915 368 975 modernen
407 914 594 974 Menschen,
616 912 664 972 der
698 912 740 972 sich
773 912 853 972 nicht
875 911 977 971 fromm
1026 907 1085 967 wit
1107 905 1160 965 dem
1215 902 1403 962 würdigkeit
1436 901 1510 961 aller
1543 898 1737 958 Erkenntnis
1770 892 1845 952 hin.
1867 890 1985 950 Mögen
2028 888 2087 948 wir
2120 888 2184 948 ein¬

2222 939 2314 999 kugel
2336 936 2364 996 zu
2394 933 2493 993 sitzen.
2516 930 2580 990 Das
2609 930 2680 990 ging
2709 927 2787 987 etwa

197 962 379 1022 Gegebenen
418 963 611 1023 abzufinden
650 960 793 1020 vermag.
838 960 1008 1020 Schnitzler
1058 956 1179 1016 glaubt
1208 952 1312 1012 ander
1357 951 1428 1011 auch
1478 948 1632 1008 innerlich
1655 944 1754 1004 fremd
1782 939 1925 999 bleiben,
1970 937 1997 997 in
2030 936 2173 996 schweren

197 1011 234 1071 an
261 1011 320 1071 das
348 1011 466 1071 Leben,
504 1011 541 1071 an
574 1011 617 1071 die
645 1011 736 1071 Seele
779 1008 838 1068 mit
882 1008 935 1068 der
963 1005 1178 1065 Leidenschaft
1206 999 1361 1059 Stunden
1394 996 1443 1056 oft
1465 996 1556 1056 allein
1589 994 1670 1054 sein,
1692 992 1751 1052 wir
1778 988 1891 1048 streben
1951 985 2015 1045 doch
2070 985 2182 1045 immer
2221 986 2344 1046 Spitzen
2382 981 2430 1041 des
2463 978 2662 1038 Bleistiftes.

2263 1035 2310 1095 So
2340 1033 2422 1093 sehen
2464 1028 2523 1088 wir
2554 1026 2588 1086 am
2631 1024 2767 1084 Anfang
2797 1023 2885 1083 reine
2915 1017 3122 1077 Zweckarbeit
3147 1014 3175 1074 im

202 1056 254 1116 des
285 1058 425 1118 Denkers
456 1058 520 1118 und
550 1057 732 1117 Künstlers.
774 1056 821 1116 Er
845 1056 939 1116 beugt
963 1056 1009 1116 sich
1039 1054 1098 1114 vor
1122 1052 1174 1112 der
1211 1050 1328 1110 wieder
1358 1044 1576 1104 zueinander,
1594 1044 1670 1104 denn
1707 1040 1783 1100 schön
1819 1037 1859 1097 ist
1883 1036 1930 1096 es,
1954 1036 1983 1096 zu
2019 1035 2124 1095 leben,
2149 1035 2177 1095 zu

2935 1064 3029 1124 Ende
3094 1061 3193 1121 dieser

2221 1081 2403 1141 häuslichen
2470 1073 2624 1133 Betriebe
2691 1070 2757 1130 und
2824 1069 2856 1129 am

1213 1097 1315 1157 lieben
1350 1097 1412 1157 und
1447 1096 1475 1156 zu
1515 1091 1634 1151 leiden.

194 1106 350 1166 Majestät
373 1107 422 1167 des
451 1108 573 1168 Todes,
590 1109 617 1169 er
646 1106 763 1166 nimmt
781 1105 914 1165 gelassen
948 1103 1009 1163 und
1037 1102 1165 1162 demuts

2866 1114 3196 1174 Steinbruchbesitzer,

2542 1121 2764 1181 Entwicklung

2218 1130 2442 1190 industriellen

3037 1160 3196 1220 Händler,

2477 1175 2539 1235 von
2643 1169 2951 1229 Rohwerkzeugen,

2221 1181 2391 1241 Erzeuger

2217 1228 2460 1288 Spezialisten,
2483 1223 2540 1283 von
2580 1219 2676 1279 denen
2716 1217 2766 1277 der
2801 1215 2868 1275 eine
2903 1212 2965 1272 nur
3000 1209 3203 1269 Messerchen,

203 1269 417 1329 Direktor
459 1268 541 1328 Dr.
567 1268 732 1328 Viktor
774 1264 981 1324 Lebzeltee

2218 1276 2282 1336 der
2312 1275 2424 1335 andere
2454 1271 2613 1331 Schaber,
2632 1268 2684 1328 der
2715 1265 2808 1325 dritte
2838 1262 3039 1322 Pfeilspitzen
3075 1260 3198 1320 erzeugt

2218 1324 2294 1384 und
2336 1321 2500 1381 schließlich
2536 1318 2589 1378 den
2637 1312 2807 1372 betrübten
2849 1309 3114 1369 Konsumenten,
3144 1306 3196 1366 der

2228 1373 2285 1433 das
2320 1371 2406 1431 teure
2436 1367 2603 1427 Werkzeug
2633 1364 2661 1424 so
2691 1362 2783 1422 lange
2812 1360 2980 1420 repariert
3004 1356 3050 1416 als
3079 1354 3107 1414 es
3143 1354 3200 1414 nur

597 1405 879 1465 Wenn
985 1405 1312 1465 Steine
1373 1398 1774 1458 sprechen

2225 1421 2465 1481 einigermaßen
2503 1415 2593 1475 geht.
2618 1414 2678 1474 Die
2709 1408 2926 1468 Entwicklung
2963 1405 3059 1465 dieser
3090 1402 3204 1462 Stein¬

2230 1468 2622 1528 bearbeitungsindustrie
2677 1458 2714 1518 ist
2746 1458 2800 1518 wie
2831 1457 2941 1517 gesagt
2972 1456 3051 1516 nicht
3083 1451 3205 1511 überall

290 1508 365 1568 Für
397 1505 440 1565 die
472 1503 665 1563 Aufhellung
697 1500 822 1560 unserer
854 1497 1016 1557 Kentnisse
1041 1496 1097 1556 von
1135 1494 1185 1554 der
1223 1492 1379 1552 treffende
1411 1489 1485 1549 Volk
1511 1487 1629 1547 seßhaft
1648 1484 1698 1544 ist.
1711 1482 1785 1542 Man
1817 1480 1892 1540 kann
1924 1480 2004 1540 nicht
2024 1477 2173 1537 erwarten

2230 1520 2420 1580 gleichzeitig
2476 1515 2537 1575 und
2593 1508 2795 1568 gleichsinnig
2832 1503 3022 1563 verlaufen,
3047 1500 3114 1560 aber
3146 1500 3200 1560 der

1222 1542 1278 1602 daß
1307 1540 1346 1600 ein
1380 1536 1594 1596 schweifender
1623 1533 1718 1593 Jäger
1741 1529 1791 1589 der
1815 1526 1921 1586 Urzeit
1944 1526 2028 1586 einen
2057 1523 2198 1583 Rucksack

205 1554 420 1614 menschlichen
480 1550 604 1610 Kultur
653 1548 679 1608 in
740 1548 853 1608 grauer
886 1547 1020 1607 Vorzeit
1048 1545 1106 1605 sind
1139 1542 1193 1602 be¬

2230 1565 2319 1625 Grad
2374 1563 2457 1623 ihrer
2489 1559 2777 1619 Differenzierung
2838 1552 2983 1612 gestattet
3013 1549 3079 1609 doch
3110 1548 3199 1608 einen

201 1602 327 1662 hauene
361 1599 477 1659 Steine
510 1598 571 1658 und
604 1597 742 1657 Knochen
787 1593 836 1653 die
870 1596 1008 1656 einzigen
1047 1593 1190 1653 Zeugen,
1224 1590 1284 1650 mit
1307 1587 1339 1647 20
1367 1587 1550 1647 Kilogramm
1589 1579 1887 1639 Steinwerkzeugen
1921 1573 1981 1633 mit
1998 1572 2047 1632 sich
2070 1570 2168 1630 herum

2230 1613 2379 1673 Einblick
2410 1609 2439 1669 in
2483 1609 2530 1669 die
2567 1606 2765 1666 Gliederung
2808 1601 2862 1661 der
2898 1599 3103 1659 Gesellschaft
3140 1596 3199 1656 und

1223 1638 1378 1698 schleppt.
1396 1635 1465 1695 Für
1489 1632 1540 1692 den
1576 1629 1790 1689 schweifenden
1831 1624 1929 1684 Jäger
1952 1622 1986 1682 ist
2010 1620 2038 1680 es
2068 1620 2189 1680 wichtig

201 1649 260 1709 auf
293 1648 342 1708 die
380 1647 440 1707 wir
474 1647 538 1707 uns
577 1645 702 1705 berufen
746 1643 887 1703 können.
921 1641 991 1701 Nur
1025 1642 1111 1702 ganz
1144 1640 1193 1700 be¬

207 1695 338 1755 scheiden
369 1695 404 1755 ist
429 1694 638 1754 naturgemäß
669 1692 716 1752 der
741 1692 891 1752 Beitrag,
910 1689 957 1749 den
988 1688 1035 1748 die
1054 1687 1191 1747 mensch-
1222 1686 1281 1746 daß
1336 1683 1383 1743 die
1426 1677 1714 1737 Steinwerkzeuge
1763 1673 1852 1733 leicht
1895 1669 1954 1729 sind
1991 1667 2050 1727 und
2099 1665 2195 1725 daher
2237 1662 2327 1722 ihrer
2364 1657 2741 1717 Produktionsprozesse,
2772 1652 2819 1712 die
2856 1649 2916 1709 uns
2952 1647 3054 1707 dieses
3091 1645 3192 1705 unver

2234 1710 2388 1770 wüstliche
2419 1707 2561 1767 Zeugnis
2599 1703 2685 1763 ihrer
2717 1699 2877 1759 Tätigkeit
2908 1695 3100 1755 hinterließ.
3150 1695 3192 1755 Im

206 1743 297 1803 lichen
338 1742 539 1802 Skelettreste
568 1739 654 1799 selbst
701 1739 833 1799 liefern.
874 1736 920 1796 Es
955 1736 1052 1796 waren
1093 1735 1190 1795 zuerst
1225 1733 1380 1793 mußte
1404 1728 1432 1788 er
1461 1726 1594 1786 Klingen
1629 1720 1790 1780 benützen.
1813 1718 1893 1778 Bald
1923 1717 1991 1777 aber
2021 1714 2123 1774 mußte
2153 1713 2198 1773 sich

1227 1778 1273 1838 die
1304 1777 1521 1837 Wissenschaft
1546 1772 1592 1832 die
1616 1772 1715 1832 Frage
1763 1767 1940 1827 vorlegen,
1976 1764 2010 1824 ob
2040 1761 2123 1821 denn
2159 1760 2199 1820 die
2241 1755 2541 1815 Naturhistorischen
2577 1750 2713 1810 Museum
2754 1746 2777 1806 in
2807 1745 2895 1805 Wien
2925 1745 3031 1805 wurde
3055 1740 3207 1800 anläßlich

212 1791 294 1851 schön
328 1790 493 1850 behauene
521 1787 742 1847 Feuersteine,
765 1785 869 1845 welche
897 1784 946 1844 den
986 1784 1112 1844 Beweis
1140 1781 1178 1841 lie

2241 1807 2294 1867 des
2331 1802 2631 1862 Eiszeitkongresses
2692 1798 2757 1858 eine
2794 1795 3016 1855 Sonderschau
3059 1790 3215 1850 eröffnet,

1229 1823 1687 1883 Steinbearbeitungstechnik
1713 1817 1782 1877 nach
1839 1814 1889 1874 der
1924 1811 2010 1871 einen
2051 1808 2121 1868 oder
2152 1805 2186 1865 an

207 1838 333 1898 ferten,
373 1839 434 1899 daß
484 1838 533 1898 die
562 1835 761 1895 Menschheit
800 1832 834 1892 in
867 1833 994 1893 Europa
1051 1829 1094 1889 ein
1128 1829 1194 1889 sehr

2238 1853 2286 1913 die
2336 1853 2409 1913 auch
2453 1847 2619 1907 weiterhin
2675 1849 2705 1909 zu
2762 1844 2847 1904 sehen
2910 1843 2946 1903 ist
2996 1841 3057 1901 und
3089 1841 3131 1901 wo
3162 1838 3205 1898 die

1229 1873 1313 1933 deren
1351 1869 1505 1929 Methode
1537 1866 1584 1926 der
1616 1862 1860 1922 ursprüngliche
1887 1859 2024 1919 Zustand
2057 1855 2115 1915 sei.
2137 1852 2205 1912 Das

202 1888 295 1948 hohes
325 1885 418 1945 Alter
448 1884 517 1944 hat.
535 1883 600 1943 Die
624 1880 863 1940 prähistorische
887 1880 1109 1940 Wissenschaft
1133 1874 1185 1934 von

2238 1901 2452 1961 Erzeugnisse
2495 1898 2550 1958 des
2606 1895 2709 1955 Zweck
2765 1892 2832 1952 und
2863 1888 3126 1948 Kunstgewerbes
3157 1883 3205 1943 der

205 1931 258 1991 den
313 1933 442 1993 ältesten
475 1931 583 1991 Zeiten
638 1931 675 1991 ist
698 1931 730 1991 ja
779 1930 805 1990 im
849 1927 1065 1987 wesentlichen
1120 1923 1190 1983 eine
1229 1918 1488 1978 Steinwerkzeug
1521 1915 1569 1975 ist,
1591 1912 1645 1972 wie
1672 1905 1824 1965 übrigens
1852 1901 1932 1961 jedes
1960 1899 2078 1959 andere
2106 1899 2197 1959 Werk

2239 1947 2494 2007 österreichischen
2560 1942 2809 2002 Steinschmiede
2867 1937 2931 1997 aus
2989 1936 3039 1996 dem
3111 1933 3213 1993 Jahre

1225 1967 1298 2027 zeug
1331 1963 1415 2023 auch,
1437 1958 1690 2018 gewissermaßen
1723 1953 1791 2013 eine
1818 1951 2024 2011 verlängerte
2051 1945 2114 2005 und
2141 1945 2214 2005 ver¬

208 1982 303 2042 solche
335 1981 371 2041 um
414 1979 461 2039 die
488 1975 947 2035 Steinbearbeitungstechnik
995 1973 1100 2033 längst
1127 1968 1200 2028 ver¬

2246 1996 2358 2056 20.000
2392 1994 2425 2054 v.
2445 1994 2525 2054 Chr.
2545 1993 2577 2053 zu
2611 1990 2697 2050 sehen
2731 1987 2817 2047 sind.
2838 1987 2910 2047 Wer
2937 1985 3016 2045 Lust
3037 1984 3110 2044 hat,
3130 1984 3216 2044 möge

211 2030 379 2090 gangener
408 2026 587 2086 Perioden.
611 2022 649 2082 Es
684 2022 723 2082 ist
746 2022 790 2082 ein
825 2020 1032 2080 Sonderfall,
1055 2020 1111 2080 daß
1146 2017 1195 2077 sich
1231 2011 1359 2071 besserte
1383 2010 1495 2070 Hand.
1518 2006 1590 2066 Man
1625 2003 1697 2063 kann
1732 2002 1793 2062 mit
1816 2000 1917 2060 einer,
1940 1997 2007 2057 auch
2036 1996 2119 2056 durch
2148 1994 2204 2054 das

2244 2044 2430 2104 versuchen,
2485 2039 2574 2099 solche
2611 2038 2901 2098 Steinwerkzeuge
2955 2032 3220 2092 nachzumachen.

213 2077 242 2137 in
278 2076 412 2136 Europa
466 2074 548 2134 viele
578 2071 790 2131 Fundstätten
849 2070 907 2130 von
961 2066 1190 2126 Feuersteinen
1226 2059 1426 2119 Zerschlagen
1486 2054 1597 2114 irgend
1650 2050 1738 2110 eines
1792 2048 1927 2108 spröden
1981 2043 2103 2103 Kiesels
2157 2043 2209 2103 ge¬

2250 2095 2338 2155 Falls
2364 2093 2396 2153 es
2423 2091 2505 2151 ihm,
2525 2089 2614 2149 wenn
2646 2089 2678 2149 er
2705 2089 2755 2149 sich
2781 2086 2832 2146 die
2858 2085 2980 2145 Finger
3006 2081 3056 2141 oft
3076 2081 3140 2141 und
3172 2080 3216 2140 oft

1226 2107 1407 2167 wonnenen
1441 2104 1607 2164 passenden
1641 2096 1867 2156 Arbeitskante
1895 2093 1972 2153 ohne
2001 2090 2127 2150 weitere
2150 2089 2210 2149 Zu¬

213 2124 350 2184 finden.
374 2122 442 2182 Kein
478 2122 616 2182 anderes
646 2118 807 2178 Material
831 2116 899 2176 läßt
929 2116 975 2176 sich
1004 2116 1032 2176 so
1062 2114 1199 2174 vorzüg¬

2239 2143 2346 2203 blutig
2399 2140 2578 2200 geschlagen
2636 2137 2706 2197 hat,
2752 2134 2822 2194 doch
2854 2134 3001 2194 gelingen
3040 2131 3142 2191 sollte,
3169 2128 3213 2188 ein

1231 2154 1374 2214 richtung
1404 2152 1541 2212 bohren,
1560 2149 1703 2209 schaben,
1722 2145 1876 2205 schneiden
1912 2141 1969 2201 und
1998 2140 2131 2200 kratzen.
2154 2137 2205 2197 Di¬

217 2174 269 2234 lich
300 2171 476 2231 bearbeiten
518 2169 583 2229 und
613 2166 677 2226 dies
714 2166 801 2226 schien
832 2166 902 2226 auch
938 2164 990 2224 für
1021 2163 1068 2223 die
1098 2160 1203 2220 Früh¬

2248 2190 2360 2250 solches
2398 2187 2654 2247 Steinwerkzeug
2692 2182 2918 2242 herzustellen,
2950 2178 3031 2238 dann
3069 2177 3143 2237 wird
3182 2176 3212 2236 er

1232 2205 1318 2265 Form
1359 2200 1405 2260 des
1434 2196 1637 2256 Werkzeuges
1666 2193 1752 2253 selbst
1776 2192 1810 2252 ist
1834 2191 1856 2251 ja
1886 2190 1938 2250 gar
1962 2187 2042 2247 nicht
2066 2182 2209 2242 entschei¬

217 2226 280 2286 zeit
303 2223 355 2283 der
407 2220 626 2280 europäischen
661 2217 863 2277 Zivilisation
921 2214 1007 2274 einen
1042 2214 1198 2274 Vorrang

2247 2238 2427 2298 erkennen,
2445 2238 2502 2298 daß
2527 2235 2601 2295 auch
2626 2235 2724 2295 dieses
2750 2232 2930 2292 Handwerk
2956 2229 3054 2289 seinen
3088 2226 3211 2286 Meister

222 2273 278 2333 vor
301 2271 351 2331 den
380 2271 509 2331 übrigen
544 2270 571 2330 zu
600 2267 774 2327 verleihen.
798 2264 871 2324 Man
900 2262 995 2322 muß,
1007 2262 1097 2322 wenn
1126 2259 1193 2319 man
1233 2252 1334 2312 dend,
1351 2247 1481 2307 sondern
1515 2244 1577 2304 nur
1606 2243 1651 2303 die
1674 2241 1752 2301 Form
1798 2238 1848 2298 der
1871 2235 2113 2295 Arbeitskante.
2137 2232 2209 2292 Jede

2247 2289 2411 2349 brauchte.

219 2319 419 2379 darangeht,
455 2318 541 2378 diese
588 2313 806 2373 ehrwürdigen
864 2312 985 2372 Zeugen
1038 2309 1095 2369 der
1124 2306 1205 2366 Ver=
1234 2295 1406 2355 bestimmte
1436 2292 1689 2352 Arbeitstechnik
1736 2286 1816 2346 wird
1845 2286 1932 2346 durch
1961 2282 2127 2342 Tradition
2163 2278 2197 2338 be

1234 2343 1369 2403 stimmt.
1387 2341 1451 2401 Und
1505 2340 1587 2400 diese
1611 2337 1775 2397 Tradition
1811 2335 1846 2395 ist
1864 2333 1899 2393 an
1953 2331 1999 2391 ein
2029 2329 2211 2389 Handwerk

222 2368 419 2428 gangenheit
448 2365 502 2425 auf
530 2364 612 2424 ihren
646 2364 739 2424 Wert
762 2363 789 2423 zu
822 2360 960 2420 prüfen,
977 2357 1064 2417 wohl
1087 2355 1202 2415 unter¬

219 2415 348 2475 scheiden
382 2413 525 2473 zwischen
551 2408 713 2468 „Kultur"
740 2407 799 2467 und
825 2405 1203 2465 „Steinbearbeitungs=
1236 2390 1424 2450 gebunden.
1464 2387 1548 2447 Auch
1594 2384 1692 2444 heute
1738 2384 1809 2444 noch
1836 2381 1906 2441 gibt
1927 2378 1979 2438 es,
2019 2378 2148 2438 speziell
2168 2376 2200 2436 im

2585 2429 2873 2489 Salazar

1232 2438 1429 2498 bäuerlichen
1486 2432 1808 2492 Wirtschaftsbetrieb
1865 2426 1949 2486 viele
2001 2421 2198 2481 Arbeitsvor

220 2462 419 2522 industrie".
442 2459 575 2519 Letztere
603 2459 642 2519 ist
664 2456 691 2516 ja
731 2456 792 2516 nur
825 2455 869 2515 ein
903 2453 1019 2513 kleiner
1053 2450 1125 2510 Teil
1153 2450 1208 2510 der

1237 2489 1355 2549 gänge,
1379 2486 1429 2546 die
1458 2482 1542 2542 nicht
1565 2480 1655 2540 durch
1690 2480 1752 2540 eine
1786 2474 2102 2534 handwerksmäßige
2137 2468 2193 2528 Tra

2298 2502 2360 2562 Die
2388 2504 2557 2564 Ereignisse
2585 2501 2638 2561 auf
2666 2500 2710 2560 der
2738 2500 2899 2560 iberischen
2927 2498 3097 2558 Halbinsel
3125 2493 3213 2553 haben

226 2510 418 2570 materiellen
458 2507 595 2567 Kultur.
634 2504 706 2564 Und
739 2503 816 2563 über
850 2502 893 2562 die
927 2501 1048 2561 geistige
1082 2499 1203 2559 Kultur

1237 2534 1335 2594 dition
1375 2532 1401 2592 in
1435 2532 1522 2592 ihrer
1551 2528 1798 2588 Durchführung
1837 2522 1996 2582 gebunden
2035 2518 2117 2578 sind.
2145 2516 2210 2576 Wie

2249 2553 2417 2613 Portugal
2436 2552 2550 2612 wieder
2575 2552 2622 2612 ins
2647 2549 2791 2609 Blickfeld
2816 2548 2870 2608 des
2895 2546 3069 2606 Interesses
3094 2543 3226 2603 gerückt.

224 2562 312 2622 sagen
357 2559 417 2619 uns
456 2558 533 2618 diese
567 2555 676 2615 Dinge
710 2554 765 2614 fast
799 2553 853 2613 gar
887 2551 1002 2611 nichts.
1031 2549 1107 2609 Man
1152 2548 1207 2608 hat

1233 2582 1362 2642 überall
1405 2580 1442 2640 ist
1492 2577 1562 2637 auch
1595 2577 1621 2637 in
1654 2576 1707 2636 der
1757 2567 2215 2627 Steinbearbeitungstechnik

2255 2602 2322 2662 Uns
2347 2600 2568 2660 Österreichern
2600 2599 2637 2659 ist
2656 2598 2680 2658 ja
2705 2596 2716 2656 —
2766 2596 2833 2656 sehr
2859 2597 2889 2657 zu
2921 2593 3068 2653 Unrecht,
3087 2590 3160 2650 denn
3192 2589 3222 2649 es

226 2607 349 2667 sowohl
373 2606 400 2666 in
429 2606 479 2666 der
508 2604 632 2664 Südsee
655 2601 711 2661 wie
740 2599 761 2659 in
796 2599 903 2659 Afrika
932 2598 1044 2658 Völker
1073 2596 1185 2656 kennen

221 2658 374 2718 gelernt,
392 2655 438 2715 die
486 2652 592 2712 weder
622 2648 733 2708 Steine
764 2647 834 2707 noch
864 2645 987 2705 Metall
1029 2644 1218 2704 benützten,
1242 2632 1341 2692 dieser
1366 2627 1501 2687 Zustand
1537 2624 1584 2684 der
1614 2621 1908 2681 ursprünglichere.
1945 2615 1991 2675 Es
2021 2613 2091 2673 muß
2127 2611 2203 2671 ange

1236 2675 1385 2735 nommen
1420 2672 1564 2732 werden,
1588 2671 1639 2731 daß
1668 2671 1748 2731 diese
1778 2667 1858 2727 Zeit,
1881 2663 1927 2723 wo
1956 2662 2036 2722 jeder
2066 2659 2209 2719 einzelne
2250 2652 2330 2712 gäbe
2360 2650 2463 2710 Anlaß
2498 2649 2526 2709 zu
2561 2645 2705 2705 manchen
2746 2644 2924 2704 Parallelen
2953 2640 2970 2700 —
3046 2639 3218 2699 Spaniens

2256 2698 2394 2758 Nachbar
2425 2698 2484 2758 und
2515 2695 2684 2755 Gegenpol
2709 2692 2811 2752 wenig
2836 2692 3005 2752 vertraut;
3029 2689 3089 2749 man
3126 2687 3162 2747 ist
3181 2686 3234 2746 bei

221 2702 480 2762 ausgenommen
518 2699 571 2759 zur
594 2698 787 2758 Herstellung
820 2694 901 2754 ihrer
928 2692 1117 2752 Werkzeuge
1144 2689 1203 2749 au¬

1246 2725 1291 2785 sich
1321 2724 1401 2784 seine
1425 2719 1702 2779 Steinwerkzeuge
1727 2716 1847 2776 schlecht
1871 2712 1928 2772 und
1958 2710 2032 2770 recht
2056 2707 2206 2767 herstellte

2255 2747 2320 2807 uns
2369 2746 2435 2806 nur
2466 2745 2495 2805 zu
2532 2746 2677 2806 geneigt,
2720 2743 2779 2803 auf
2804 2740 2918 2800 Grund
2979 2737 3226 2797 oberflächlicher

224 2753 309 2813 Holz
343 2749 402 2809 und
435 2749 597 2809 Knochen,
636 2746 694 2806 und
739 2742 787 2802 die
825 2742 895 2802 doch
939 2740 1209 2800 Pflanzenbauer

234 2798 359 2858 waren,
393 2797 465 2857 oder
506 2797 552 2857 die
593 2794 652 2854 nur
679 2791 804 2851 Waffen
838 2789 904 2849 und
932 2788 1116 2848 Werkzeuge
1144 2783 1209 2843 aus
1250 2774 1316 2834 viel
1356 2770 1468 2830 länger
1516 2768 1648 2828 dauerte
1695 2764 1747 2824 als
1775 2764 1820 2824 die
1841 2760 1980 2820 Periode
2027 2757 2080 2817 des
2114 2753 2199 2813 Hand

2255 2794 2437 2854 Analogien
2467 2792 2632 2852 Portugal
2651 2791 2768 2851 einfach
2792 2788 2844 2848 als
2863 2788 2910 2848 den
2940 2788 3122 2848 westlichsten
3152 2782 3234 2842 Vor¬

230 2845 323 2905 Stein
357 2846 482 2906 besaßen
523 2843 581 2903 und
635 2840 767 2900 trotzdem
828 2835 1200 2895 Viehzüchternomaden
1240 2821 1359 2881 werks.
1400 2817 1492 2877 Ohne
1519 2815 1692 2875 Tradition
1746 2812 1825 2872 wird
1852 2810 1924 2870 bald
1978 2807 2017 2867 ein
2058 2806 2203 2866 Abschlag

1242 2870 1312 2930 bald
1342 2867 1389 2927 ein
1419 2863 1602 2923 Kernstück,
1638 2861 1708 2921 bald
1738 2859 1779 2919 ein
1810 2858 1968 2918 Zerschlag
1998 2856 2074 2916 dazu
2105 2852 2216 2912 dienen
2258 2846 2364 2906 posten
2395 2841 2447 2901 der
2471 2840 2689 2900 europäischen
2725 2835 2907 2895 Diktaturen
2943 2835 3002 2895 auf
3021 2833 3232 2893 faschistischer

2258 2890 2451 2950 Grundlage
2497 2889 2700 2949 anzusehen.
2740 2885 2813 2945 Das
2842 2883 2882 2943 ist
2905 2883 3058 2943 ungenau
3092 2880 3148 2940 wie
3177 2880 3233 2940 alle

231 2895 361 2955 waren,
381 2894 436 2954 wie
467 2892 541 2952 etwa
577 2891 622 2951 die
647 2887 1023 2947 Korannahottentotten
1059 2884 1089 2944 in
1124 2880 1214 2940 Süd¬

229 2943 348 3003 afrika.
373 2941 420 3001 So
445 2940 589 3000 paradox
614 2937 643 2997 es
674 2937 794 2997 klingt:
813 2935 932 2995 „Wenn
969 2932 1016 2992 die
1041 2931 1203 2991 Menschen
1246 2918 1390 2978 müssen,
1409 2913 1438 2973 so
1469 2912 1534 2972 bald
1571 2910 1630 2970 nur
1655 2910 1727 2970 eine
1770 2905 1968 2965 brauchbare
1993 2901 2226 2961 Arbeitskante

2263 2938 2666 2998 Verallgemeinerungen;
2719 2934 2794 2994 trotz
2823 2931 2967 2991 mancher
3003 2930 3227 2990 Ähnlichkeiten

1245 2964 1341 3024 dabei
1363 2961 1540 3021 vorhanden
1574 2960 1627 3020 ist.
1644 2957 1751 3017 Daher
1773 2955 1826 3015 hat
1853 2954 1902 3014 der
1929 2949 2090 3009 berühmte
2118 2946 2225 3006 „Vor¬

233 2992 289 3052 vor
318 2990 452 3050 200.000
481 2988 599 3048 Jahren
634 2985 729 3045 neben
780 2982 870 3042 ihren
905 2980 1203 3040 Steinwerkzeugen

235 3041 310 3101 auch
331 3041 427 3101 solche
455 3039 509 3099 aus
538 3036 660 3096 Metall
675 3033 805 3093 besessen
833 3032 963 3092 hätten,
984 3031 1011 3091 so
1039 3030 1121 3090 wäre
1150 3025 1204 3085 von
1246 3010 1541 3070 geschichtsforscher
1569 3003 1837 3063 Obermaier
1865 3001 1940 3061 diese
1962 2996 2147 3056 Industrien
2168 2993 2222 3053 als
2257 2988 2380 3048 beruht
2429 2985 2483 3045 der
2532 2982 2772 3042 portugiesische
2801 2982 2985 3042 Sonderfek
3041 2981 3102 3041 auf
3151 2979 3233 3039 ganz

1246 3057 1664 3117 „Abschläge"-Industrien
1688 3051 1876 3111 bezeichnet,
1900 3048 1982 3108 Abbé
2006 3044 2153 3104 Breuil
2171 3040 2223 3100 als
2266 3035 2401 3095 anderen
2443 3032 2737 3092 Voraussetzungen
2796 3029 2860 3089 und
2914 3029 2949 3089 er
2979 3028 3020 3088 ist
3050 3027 3102 3087 vor
3132 3027 3243 3087 allem,

2262 3083 2347 3143 mehr
2376 3083 2449 3143 noch
2478 3083 2529 3143 als
2558 3080 2699 3140 andere,
2716 3076 2881 3136 Ergebnis
2938 3077 2988 3137 der
3018 3074 3227 3134 persönlichen

230 3092 329 3152 diesen
368 3086 716 3146 Metallgegenständen
755 3083 821 3143 doch
849 3081 932 3141 nicht
960 3079 1015 3139 das
1048 3077 1214 3137 Geringste

1249 3108 1539 3168 Absplißindustrie
1575 3104 1634 3164 und
1664 3104 1705 3164 ich
1735 3099 1823 3159 selbst
1848 3098 1924 3158 habe
1954 3094 2143 3154 gleichzeitig
2180 3090 2208 3150 da

2263 3133 2407 3193 Leistung
2448 3130 2528 3190 eines
2564 3128 2726 3188 einzelnen
2773 3125 2934 3185 Mannes.
2964 3125 3039 3185 Was
3074 3125 3242 3185 Portugal

231 3140 346 3200 übrig;
369 3137 435 3197 und
464 3134 518 3194 wir
546 3134 645 3194 wissen
679 3131 839 3191 eigentlich
867 3129 966 3189 nicht,
989 3126 1016 3186 ob
1050 3125 1093 3185 die
1122 3125 1193 3185 Men

1247 3157 1305 3217 mit
1332 3155 1390 3215 auf
1417 3152 1532 3212 Grund
1565 3150 1686 3210 meiner
1740 3146 1962 3206 afrikanischen
1999 3143 2216 3203 Forschungen

2261 3181 2356 3241 heute
2378 3180 2430 3240 ist,
2473 3177 2568 3237 dankt
2610 3176 2647 3236 es
2695 3173 2721 3233 in
2780 3174 2954 3234 allererster
2986 3173 3070 3233 Linie
3118 3170 3223 3230 seinem

231 3185 313 3245 schen
369 3184 429 3244 vor
480 3181 612 3241 200.000
646 3179 761 3239 Jahren
801 3175 883 3235 nicht
906 3173 944 3233 am
989 3173 1077 3233 Ende
1105 3170 1209 3230 Metal

1247 3204 1326 3264 diese
1353 3200 1542 3260 Industrien
1575 3197 1902 3257 Abschlagindustrien
1955 3189 2123 3249 genannt.
2166 3185 2224 3245 Die

2262 3226 2616 3286 Ministerpräsidenten
2655 3221 2804 3281 Oliveira
2838 3221 3065 3281 Salazar.

230 3233 413 3293 benützten.
441 3231 508 3291 Aus
536 3230 591 3290 dem
630 3224 981 3284 Nichtvorhandensein
1015 3221 1076 3281 von
1104 3220 1209 3280 Objek

1247 3249 1376 3309 ältesten
1418 3247 1722 3307 Steinwerkzeuge,
1754 3242 1800 3302 die
1837 3241 1898 3301 wir
1935 3238 1991 3298 aus
2033 3236 2089 3296 dem
2142 3233 2229 3293 Ende

2309 3272 2384 3332 Gibt
2410 3271 2440 3331 es
2473 3272 2554 3332 einen
2592 3268 2737 3328 größeren
2776 3269 2964 3329 Gegensatz?
2990 3265 3134 3325 Oberstes
3166 3265 3241 3325 aus¬

230 3280 279 3340 ten
315 3280 385 3340 kann
421 3279 481 3339 also
512 3277 572 3337 nur
598 3274 703 3334 schwer
729 3273 789 3333 und
815 3271 879 3331 nur
906 3269 1000 3329 unter
1026 3268 1212 3328 Umständen

1248 3300 1301 3360 der
1329 3295 1523 3355 Tertiärzeit
1573 3292 1631 3352 aus
1659 3289 1854 3349 Ostengland
1908 3286 2049 3346 kennen,
2093 3282 2222 3342 gehören

235 3330 281 3390 ein
317 3328 435 3388 Schluß
467 3325 601 3385 gezogen
637 3322 781 3382 werden.
803 3319 910 3379 Gegen
947 3318 1034 3378 Ende
1066 3314 1117 3374 des
1153 3313 1204 3373 ver

1248 3347 1369 3407 dahin;
1408 3343 1462 3403 der
1490 3340 1732 3400 Pekingmensch
1782 3336 1842 3396 und
1887 3334 1997 3394 ebenso
2047 3329 2134 3389 jener
2163 3326 2217 3386 von
2262 3322 2443 3382 führendes
2477 3319 2581 3379 Organ
2642 3318 2729 3378 eines
2785 3316 2845 3376 auf
2895 3315 2950 3375 der
2983 3313 3153 3373 Autorität
3187 3313 3236 3373 der

2262 3370 2380 3430 Armee
2403 3367 2599 3427 beruhenden
2632 3364 2876 3424 Staatswesens
2904 3364 2941 3424 ist
2958 3364 3001 3424 ein
3034 3364 3240 3424 überzeugter

230 3376 395 3436 gangenen
432 3372 680 3432 Jahrhunderts
707 3367 856 3427 herrschte
883 3367 976 3427 unter
1007 3363 1058 3423 den
1090 3361 1203 3421 Gelehr

1252 3392 1334 3452 Java
1368 3388 1694 3448 (Pitecanthropus),
1711 3385 1782 3445 aber
1811 3385 1876 3445 auch
1910 3380 1954 3440 die
1976 3379 2086 3439 frühen
2126 3376 2208 3436 Nean

2263 3418 2406 3478 Zivilist;
2430 3417 2551 3477 Führer
2574 3415 2654 3475 eines
2678 3412 2741 3472 echt
2765 3412 3082 3472 südlich-expansiven
3112 3409 3244 3469 Volkes,

234 3424 286 3484 ten
319 3423 482 3483 allgemein
515 3421 561 3481 die
588 3418 837 3478 Überzeugung,
859 3415 911 3475 daß
943 3413 985 3473 die
1012 3412 1144 3472 Technik
1171 3410 1223 3470 der

245 3468 556 3528 Steinbearbeitung
590 3466 649 3526 von
689 3464 742 3524 der
769 3463 928 3523 frühesten
961 3460 1073 3520 Urzeit
1101 3460 1153 3520 bis
1187 3454 1212 3514 in
1254 3443 1392 3503 dertaler
1439 3438 1551 3498 gingen
1591 3436 1670 3496 nicht
1711 3435 1777 3495 erst
1798 3432 1850 3492 zum
1890 3427 2141 3487 Steinschmied,
2162 3425 2207 3485 son

2262 3467 2311 3527 ein
2350 3466 2604 3526 verschlossener,
2649 3463 2731 3523 jeder
2787 3462 2886 3522 leeren
2942 3460 3035 3520 Geste
3085 3457 3239 3517 abholder

1245 3489 1327 3549 dern
1377 3488 1460 3548 jeder
1505 3483 1620 3543 machte
1665 3483 1714 3543 sich
1749 3480 1825 3540 seine
1853 3478 1969 3538 Messer
2020 3474 2080 3534 und
2113 3471 2218 3531 Meiße

2267 3513 2468 3573 Schweiger,
2486 3512 2607 3572 sachlich
2642 3510 2688 3570 bis
2717 3510 2774 3570 zur
2804 3508 2965 3568 äußersten
3006 3504 3248 3564 Nüchternheit,

235 3519 286 3579 die
315 3518 558 3578 Jungsteinzeit
587 3515 655 3575 eine
684 3510 1087 3570 fortschreitende
1116 3507 1222 3567 Aus¬

1254 3536 1373 3596 selber.
1411 3531 1655 3591 Konsolidierte
1699 3526 1920 3586 Wirtschaften
1975 3522 2088 3582 führen
2143 3519 2224 3579 dann

2268 3561 2443 3621 persönlich
2472 3560 2507 3620 ein
2543 3558 2655 3618 Asket,
2670 3558 2719 3618 den
2748 3558 2846 3618 nichts
2868 3558 3030 3618 berauscht
3052 3556 3101 3616 als
3123 3554 3235 3614 Zahlen

229 3564 436 3624 bildung
470 3564 600 3624 erfuhr.
623 3561 747 3621 Später
775 3558 835 3618 erst
863 3557 1015 3617 erkannte
1049 3555 1141 3615 man,
1169 3555 1223 3615 daf

1255 3584 1365 3644 immer
1398 3582 1450 3642 zur
1477 3579 1740 3639 Arbeitsteilung
1772 3575 1830 3635 und
1862 3573 1888 3633 so
1920 3572 2014 3632 haben
2052 3570 2099 3630 die
2126 3567 2236 3627 Wald¬

240 3615 297 3675 der
319 3612 476 3672 Einbruch
503 3610 556 3670 der
578 3609 815 3669 Neandertaler
836 3606 905 3666 auch
932 3604 1016 3664 einen
1048 3603 1222 3663 Rückschlag

2270 3609 2332 3669 und
2366 3609 2530 3669 Tatsachen

1252 3632 1444 3692 bewohner,
1462 3628 1506 3688 die
1534 3627 1561 3687 in
1589 3627 1638 3687 der
1667 3626 1766 3686 letzten
1794 3620 2065 3680 Zwischeneiszeit
2087 3615 2114 3675 in
2143 3615 2225 3675 West

2303 3658 2473 3718 Vielleicht
2498 3657 2614 3717 erklärt
2639 3654 2754 3714 gerade
2785 3654 2883 3714 dieses
2914 3652 3114 3712 Anderssein
3146 3651 3249 3711 Sala¬

239 3663 266 3723 in
300 3662 355 3722 der
383 3660 516 3720 Technik
538 3660 705 3720 bedeutete
733 3655 793 3715 und
827 3654 871 3714 die
900 3652 1155 3712 Erfahrungen,
1177 3651 1221 3711 die

242 3711 308 3771 man
342 3707 401 3767 mit
429 3707 481 3767 den
515 3704 815 3764 Steinwerkzeugen
869 3702 934 3762 aus
962 3699 1228 3759 außereuropäi¬
1255 3683 1374 3743 europa
1421 3677 1574 3737 hausten,
1615 3674 1701 3734 nicht
1748 3672 1814 3732 nur
1862 3666 2074 3726 gewöhnliche
2122 3661 2214 3721 Stein

2263 3710 2345 3770 zars
2369 3705 2504 3765 Erfolg.
2546 3704 2746 3764 Unsachliche
2794 3701 2923 3761 Politik
2971 3700 3041 3760 bloß
3078 3698 3112 3758 um
3160 3698 3242 3758 ihrer

1255 3727 1402 3787 schmiede
1430 3723 1561 3783 gehabt,
1583 3722 1714 3782 sondern
1747 3719 1778 3779 es
1805 3719 1863 3779 gab
1895 3714 1985 3774 sogar
2012 3712 2091 3772 schon
2128 3710 2228 3770 Kunst

2273 3756 2361 3816 selbst
2389 3754 2488 3814 willen
2538 3752 2632 3812 hatte
2676 3749 2748 3809 man
2787 3749 2808 3809 in
2848 3749 3013 3809 Portugal
3058 3748 3162 3808 genug
3196 3746 3245 3806 ge¬

241 3759 315 3819 schen
353 3756 501 3816 Ländern
539 3755 671 3815 machte,
693 3752 868 3812 bewiesen,
890 3749 948 3809 daß
980 3746 1038 3806 wie
1071 3745 1118 3805 die
1145 3743 1214 3803 Ent

1259 3774 1449 3834 gewerbler,
1475 3771 1520 3831 die
1576 3768 1792 3828 wunderbare
1823 3761 2099 3821 scheibenförmige
2135 3755 2240 3815 Werk¬

2272 3803 2390 3863 trieben
2432 3801 2494 3861 und
2525 3800 2581 3860 den
2624 3800 2726 3860 Staat
2759 3797 2861 3857 damit
2887 3796 2923 3856 an
2965 3795 3016 3855 den
3063 3795 3156 3855 Rand
3193 3794 3244 3854 des

245 3805 392 3865 wicklung
424 3804 471 3864 der
498 3803 619 3863 Kultur
647 3800 825 3860 überhaupt
852 3797 916 3857 auch
943 3797 1016 3857 jene
1043 3794 1090 3854 der
1117 3794 1206 3854 Stein

1255 3826 1350 3886 zeuge
1403 3820 1467 3880 und
1520 3818 1604 3878 wohl
1631 3815 1699 3875 auch
1732 3812 2023 3872 Kultgegenstände
2050 3805 2240 3865 herstellten,

2277 3851 2465 3911 Abgrundes
2498 3848 2659 3908 gebracht;
2687 3847 2773 3907 selbst
2806 3846 2870 3906 nach
2903 3844 2956 3904 dem
3005 3842 3242 3902 Militärputsch

240 3853 602 3913 bearbeitungstechnik
629 3848 731 3908 weder
765 3846 964 3906 gleichartig,
1013 3845 1083 3905 noch
1121 3843 1207 3903 gleich

1255 3872 1321 3932 aus
1353 3869 1440 3929 deren
1482 3866 1723 3926 Proportionen
1760 3862 1853 3922 sogar
1884 3857 2090 3917 hervorgeht,
2116 3854 2167 3914 daß
2203 3851 2239 3911 sie

246 3902 348 3962 mäßig
380 3901 467 3961 war.
509 3899 595 3959 Bald
642 3896 797 3956 erkannte
828 3894 894 3954 man
931 3893 1023 3953 auch,
1065 3893 1121 3953 daß
1158 3889 1234 3949 zwei

1261 3921 1313 3981 die
1343 3917 1443 3977 Regel
1490 3914 1543 3974 des
1596 3912 1748 3972 goldenen
1784 3907 1949 3967 Schnittes
2003 3901 2161 3961 kannten.
2179 3899 2237 3959 Die
2279 3900 2331 3960 vom
2373 3900 2425 3960 28.
2450 3898 2519 3958 Mai
2544 3896 2620 3956 1926
2650 3896 2720 3956 ging
2750 3896 2796 3956 die
2821 3892 3137 3952 Klüngelwirtschaft
3162 3888 3249 3948 fröh¬

2278 3948 2323 4008 lich
2353 3946 2479 4006 weiter,
2503 3944 2548 4004 bis
2578 3943 2629 4003 der
2659 3943 2843 4003 finanzielle
2873 3940 3160 4000 Zusammenbruch
3190 3936 3253 3996 un¬

247 3949 488 4009 grundsätzliche
518 3946 615 4006 Typen
651 3943 702 4003 der
726 3940 1037 4000 Steinbearbeitung
1067 3938 1095 3998 in
1124 3937 1222 3997 vielen

1268 3964 1498 4024 Neandertaler
1528 3961 1643 4021 stellten
1679 3955 1903 4015 ursprünglich
1957 3952 2025 4012 ihre
2055 3949 2239 4009 Werkzeuge

248 4000 434 4060 Industrien
474 3997 704 4057 unterschieden
738 3991 859 4051 werden
898 3992 1041 4052 können.
1085 3987 1151 4047 Bei
1179 3988 1228 4048 der

1265 4014 1326 4074 aus
1352 4013 1483 4073 ziemlich
1508 4009 1783 4069 unregelmäßigen
1815 4000 1996 4060 Abschlägen
2028 3997 2077 4057 her
2103 3995 2165 4055 und
2191 3994 2240 4054 der
2272 3994 2471 4054 abwendbar
2503 3994 2616 4054 schien.
2648 3991 2691 4051 Da
2729 3990 2853 4050 wandte
2892 3988 2953 4048 man
2998 3988 3047 4048 sich
3079 3987 3110 4047 an
3154 3985 3241 4045 einen

2277 4045 2333 4105 fast
2362 4042 2611 4102 unbekannten,
2640 4039 2690 4099 dem
2742 4039 2917 4099 politischen
2964 4036 3111 4096 Getriebe
3145 4034 3252 4094 jeden¬

247 4048 338 4108 einen
371 4047 500 4107 Technik
527 4045 645 4105 nimmt
673 4042 721 4102 der
754 4040 979 4100 Steinschmied
1012 4036 1098 4096 einen
1136 4036 1232 4096 Bach¬

1261 4062 1398 4122 Wiener
1434 4057 1778 4117 Urgeschichtsforscher
1808 4048 1963 4108 Bayer
1998 4045 2055 4105 hat
2084 4045 2141 4105 für
2177 4042 2239 4102 ihre

2273 4094 2350 4154 falls
2381 4093 2477 4153 völlig
2526 4089 2766 4149 fernstehenden
2803 4088 2971 4148 Professor
3026 4084 3073 4144 der
3104 4084 3248 4144 Finanz¬

246 4096 341 4156 kiesel
386 4095 462 4155 oder
513 4092 598 4152 einen
654 4087 876 4147 Steinbrocken
917 4087 977 4147 und
1028 4084 1144 4144 schlägt
1174 4083 1229 4143 von

1262 4112 1449 4172 Werkzeuge
1505 4108 1559 4168 den
1615 4105 1780 4165 Ausdruck
1831 4093 2239 4153 Breitklingen=Industrie

251 4142 350 4202 diesem
398 4140 424 4200 so
452 4138 520 4198 viel
541 4137 599 4197 ab,
615 4134 663 4194 bis
690 4136 747 4196 das
774 4133 943 4193 Kernstück
965 4131 1012 4191 die
1039 4129 1234 4189 gewünschte

2273 4140 2514 4200 wissenschaften
2551 4137 2587 4197 an
2630 4137 2678 4197 der
2715 4134 2914 4194 Universität
2963 4131 3138 4191 Coimbra.
3181 4128 3253 4188 Oli¬

1264 4158 1456 4218 geschaffen.
1502 4155 1609 4215 Lange
1638 4152 1706 4212 Zeit
1751 4149 1813 4209 sind
1847 4144 1881 4204 sie
1910 4143 1983 4203 aber
2012 4140 2085 4200 auch
2114 4137 2164 4197 bei
2188 4136 2238 4196 den

250 4191 450 4251 Geräteform
491 4186 611 4246 erhält.
632 4185 721 4245 Diese
743 4182 867 4242 Technik
893 4179 1064 4239 bezeichnet
1089 4176 1154 4236 man
1185 4176 1234 4236 als

2293 4188 2382 4248 deng
2411 4188 2546 4248 Salazar
2592 4185 2646 4245 lan
2701 4185 2764 4245 und
2801 4185 2809 4245 —
2856 4184 2882 4244 Io
2910 4183 3073 4243 delhnit
3101 4179 3127 4239 er
3146 4177 3209 4237 ald

1951 4191 2031 4251 e
2052 4188 2153 4248 Sle
