<?xml version="1.0" encoding="UTF-8" standalone="yes"?>
<PcGts xmlns="http://schema.primaresearch.org/PAGE/gts/pagecontent/2013-07-15" xmlns:xsi="http://www.w3.org/2001/XMLSchema-instance" xsi:schemaLocation="http://schema.primaresearch.org/PAGE/gts/pagecontent/2013-07-15 http://schema.primaresearch.org/PAGE/gts/pagecontent/2013-07-15/pagecontent.xsd">
    <Metadata>
        <Creator>prov=READ-COOP:name=PyLaia@TranskribusPlatform:version=2.12.1:model_id=39995:lm=none:date=09_04_2024_22:48</Creator>
        <Created>2019-10-07T20:37:25.121+02:00</Created>
        <LastChange>2024-04-09T22:48:51.609+02:00</LastChange>
        <TranskribusMetadata docId="224459" pageId="9580140" pageNr="31" tsid="157629529" status="IN_PROGRESS" userId="64420" imgUrl="https://files.transkribus.eu/Get?id=XYYMJHWZTTBCLGPMGLBWBIDJ&amp;fileType=view" xmlUrl="https://files.transkribus.eu/Get?id=XWPGVWELXWGNYYYGIIBBTNFG" imageId="6208553"/>
    </Metadata>
    <Page imageFilename="224459_0031.jpeg" imageWidth="3344" imageHeight="4320">
        <ReadingOrder>
            <OrderedGroup id="ro_1712938023530" caption="Regions reading order">
                <RegionRefIndexed index="0" regionRef="tr_1"/>
                <RegionRefIndexed index="1" regionRef="tr_2"/>
                <RegionRefIndexed index="2" regionRef="tr_3"/>
            </OrderedGroup>
        </ReadingOrder>
        <TextRegion orientation="0.0" id="tr_1" custom="readingOrder {index:0;}">
            <Coords points="161,265 161,4169 1842,4169 1842,265"/>
            <TextLine id="tr_1_tl_1" custom="readingOrder {index:0;}">
                <Coords points="1415,303 1489,303 1537,330 1607,306 1628,323 1732,329 1780,294 1838,311 1839,231 1804,217 1735,246 1700,226 1654,238 1596,275 1563,249 1417,237"/>
                <Baseline points="1424,295 1450,292 1476,292 1502,293 1528,295 1554,295 1580,295 1606,295 1633,295 1659,295 1685,295 1711,295 1737,295 1763,294 1789,293 1815,291 1842,289"/>
                <Word id="tr_1_tl_1_w1" custom="readingOrder {index:0;}">
                    <Coords points="1420,252 1420,312 1543,312 1543,252"/>
                    <TextEquiv>
                        <Unicode>box</Unicode>
                    </TextEquiv>
                </Word>
                <Word id="tr_1_tl_1_w2" custom="readingOrder {index:1;}">
                    <Coords points="1622,255 1622,315 1800,315 1800,255"/>
                    <TextEquiv>
                        <Unicode>42/6</Unicode>
                    </TextEquiv>
                </Word>
                <TextEquiv>
                    <Unicode>box 42/6</Unicode>
                </TextEquiv>
            </TextLine>
            <TextLine id="tr_1_tl_2" custom="readingOrder {index:1;}">
                <Coords points="152,300 468,341 1245,318 1245,253 1187,235 346,235 272,285 204,235 152,250"/>
                <Baseline points="161,295 215,296 269,304 323,305 378,299 432,298 486,299 541,300 595,300 649,301 704,301 758,298 812,300 866,301 921,298 975,297 1029,294 1084,294 1138,295 1192,298 1247,298"/>
                <Word id="tr_1_tl_2_w1" custom="readingOrder {index:0;}">
                    <Coords points="161,255 161,315 240,315 240,255"/>
                    <TextEquiv>
                        <Unicode>2.</Unicode>
                    </TextEquiv>
                </Word>
                <Word id="tr_1_tl_2_w2" custom="readingOrder {index:1;}">
                    <Coords points="291,260 291,320 902,320 902,260"/>
                    <TextEquiv>
                        <Unicode>Schnitzler's</Unicode>
                    </TextEquiv>
                </Word>
                <Word id="tr_1_tl_2_w3" custom="readingOrder {index:2;}">
                    <Coords points="973,254 973,314 1212,314 1212,254"/>
                    <TextEquiv>
                        <Unicode>Death</Unicode>
                    </TextEquiv>
                </Word>
                <TextEquiv>
                    <Unicode>2. Schnitzler's Death</Unicode>
                </TextEquiv>
            </TextLine>
            <TextLine id="tr_1_tl_3" custom="readingOrder {index:2;}">
                <Coords points="505,922 1607,940 1700,935 1700,887 1539,846 1252,887 925,833 877,866 504,848"/>
                <Baseline points="513,907 572,907 632,905 691,904 751,905 810,907 870,910 929,908 989,910 1048,910 1108,910 1168,910 1227,913 1287,915 1346,915 1406,916 1465,916 1525,918 1584,919 1644,922 1704,925"/>
                <Word id="tr_1_tl_3_w1" custom="readingOrder {index:0;}">
                    <Coords points="507,867 507,927 539,927 539,867"/>
                    <TextEquiv>
                        <Unicode>zu</Unicode>
                    </TextEquiv>
                </Word>
                <Word id="tr_1_tl_3_w2" custom="readingOrder {index:1;}">
                    <Coords points="577,865 577,925 661,925 661,865"/>
                    <TextEquiv>
                        <Unicode>jenen</Unicode>
                    </TextEquiv>
                </Word>
                <Word id="tr_1_tl_3_w3" custom="readingOrder {index:2;}">
                    <Coords points="703,866 703,926 865,926 865,866"/>
                    <TextEquiv>
                        <Unicode>Dichtern,</Unicode>
                    </TextEquiv>
                </Word>
                <Word id="tr_1_tl_3_w4" custom="readingOrder {index:3;}">
                    <Coords points="894,868 894,928 940,928 940,868"/>
                    <TextEquiv>
                        <Unicode>die</Unicode>
                    </TextEquiv>
                </Word>
                <Word id="tr_1_tl_3_w5" custom="readingOrder {index:4;}">
                    <Coords points="973,870 973,930 1024,930 1024,870"/>
                    <TextEquiv>
                        <Unicode>nie</Unicode>
                    </TextEquiv>
                </Word>
                <Word id="tr_1_tl_3_w6" custom="readingOrder {index:5;}">
                    <Coords points="1057,870 1057,930 1131,930 1131,870"/>
                    <TextEquiv>
                        <Unicode>stille</Unicode>
                    </TextEquiv>
                </Word>
                <Word id="tr_1_tl_3_w7" custom="readingOrder {index:6;}">
                    <Coords points="1164,873 1164,933 1308,933 1308,873"/>
                    <TextEquiv>
                        <Unicode>standen,</Unicode>
                    </TextEquiv>
                </Word>
                <Word id="tr_1_tl_3_w8" custom="readingOrder {index:7;}">
                    <Coords points="1332,875 1332,935 1457,935 1457,875"/>
                    <TextEquiv>
                        <Unicode>sonoern</Unicode>
                    </TextEquiv>
                </Word>
                <Word id="tr_1_tl_3_w9" custom="readingOrder {index:8;}">
                    <Coords points="1495,877 1495,937 1541,937 1541,877"/>
                    <TextEquiv>
                        <Unicode>sich</Unicode>
                    </TextEquiv>
                </Word>
                <Word id="tr_1_tl_3_w10" custom="readingOrder {index:9;}">
                    <Coords points="1583,880 1583,940 1643,940 1643,880"/>
                    <TextEquiv>
                        <Unicode>inn</Unicode>
                    </TextEquiv>
                </Word>
                <Word id="tr_1_tl_3_w11" custom="readingOrder {index:10;}">
                    <Coords points="1667,883 1667,943 1694,943 1694,883"/>
                    <TextEquiv>
                        <Unicode>ei</Unicode>
                    </TextEquiv>
                </Word>
                <TextEquiv>
                    <Unicode>zu jenen Dichtern, die nie stille standen, sonoern sich inn ei</Unicode>
                </TextEquiv>
            </TextLine>
            <TextLine id="tr_1_tl_4" custom="readingOrder {index:3;}">
                <Coords points="510,969 1551,987 1693,981 1696,934 508,919"/>
                <Baseline points="516,949 575,951 634,951 693,952 753,954 812,952 871,955 930,957 990,955 1049,958 1108,958 1167,958 1227,961 1286,962 1345,964 1404,964 1464,967 1523,967 1582,965 1641,967 1701,967"/>
                <Word id="tr_1_tl_4_w1" custom="readingOrder {index:0;}">
                    <Coords points="502,910 502,970 608,970 608,910"/>
                    <TextEquiv>
                        <Unicode>weiter</Unicode>
                    </TextEquiv>
                </Word>
                <Word id="tr_1_tl_4_w2" custom="readingOrder {index:1;}">
                    <Coords points="637,913 637,973 858,973 858,913"/>
                    <TextEquiv>
                        <Unicode>entwickelten,</Unicode>
                    </TextEquiv>
                </Word>
                <Word id="tr_1_tl_4_w3" custom="readingOrder {index:2;}">
                    <Coords points="882,916 882,976 940,976 940,916"/>
                    <TextEquiv>
                        <Unicode>und</Unicode>
                    </TextEquiv>
                </Word>
                <Word id="tr_1_tl_4_w4" custom="readingOrder {index:3;}">
                    <Coords points="974,915 974,975 1041,975 1041,915"/>
                    <TextEquiv>
                        <Unicode>man</Unicode>
                    </TextEquiv>
                </Word>
                <Word id="tr_1_tl_4_w5" custom="readingOrder {index:4;}">
                    <Coords points="1080,918 1080,978 1152,978 1152,918"/>
                    <TextEquiv>
                        <Unicode>kann</Unicode>
                    </TextEquiv>
                </Word>
                <Word id="tr_1_tl_4_w6" custom="readingOrder {index:5;}">
                    <Coords points="1186,920 1186,980 1243,980 1243,920"/>
                    <TextEquiv>
                        <Unicode>von</Unicode>
                    </TextEquiv>
                </Word>
                <Word id="tr_1_tl_4_w7" custom="readingOrder {index:6;}">
                    <Coords points="1277,922 1277,982 1325,982 1325,922"/>
                    <TextEquiv>
                        <Unicode>ihm</Unicode>
                    </TextEquiv>
                </Word>
                <Word id="tr_1_tl_4_w8" custom="readingOrder {index:7;}">
                    <Coords points="1369,924 1369,984 1474,984 1474,924"/>
                    <TextEquiv>
                        <Unicode>sagen,</Unicode>
                    </TextEquiv>
                </Word>
                <Word id="tr_1_tl_4_w9" custom="readingOrder {index:8;}">
                    <Coords points="1499,926 1499,986 1551,986 1551,926"/>
                    <TextEquiv>
                        <Unicode>daß</Unicode>
                    </TextEquiv>
                </Word>
                <Word id="tr_1_tl_4_w10" custom="readingOrder {index:9;}">
                    <Coords points="1586,925 1586,985 1619,985 1619,925"/>
                    <TextEquiv>
                        <Unicode>er</Unicode>
                    </TextEquiv>
                </Word>
                <Word id="tr_1_tl_4_w11" custom="readingOrder {index:10;}">
                    <Coords points="1648,927 1648,987 1691,987 1691,927"/>
                    <TextEquiv>
                        <Unicode>bis</Unicode>
                    </TextEquiv>
                </Word>
                <TextEquiv>
                    <Unicode>weiter entwickelten, und man kann von ihm sagen, daß er bis</Unicode>
                </TextEquiv>
            </TextLine>
            <TextLine id="tr_1_tl_5" custom="readingOrder {index:4;}">
                <Coords points="499,1023 1694,1027 1694,979 1631,973 499,966"/>
                <Baseline points="507,1006 566,1000 626,1002 685,1000 745,1003 804,1003 864,1003 923,1006 983,1006 1042,1006 1102,1009 1162,1009 1221,1009 1281,1009 1340,1011 1400,1012 1459,1014 1519,1012 1578,1015 1638,1015 1698,1015"/>
                <Word id="tr_1_tl_5_w1" custom="readingOrder {index:0;}">
                    <Coords points="503,964 503,1024 531,1024 531,964"/>
                    <TextEquiv>
                        <Unicode>zu</Unicode>
                    </TextEquiv>
                </Word>
                <Word id="tr_1_tl_5_w2" custom="readingOrder {index:1;}">
                    <Coords points="570,961 570,1021 665,1021 665,961"/>
                    <TextEquiv>
                        <Unicode>seinen</Unicode>
                    </TextEquiv>
                </Word>
                <Word id="tr_1_tl_5_w3" custom="readingOrder {index:2;}">
                    <Coords points="704,963 704,1023 799,1023 799,963"/>
                    <TextEquiv>
                        <Unicode>letzten</Unicode>
                    </TextEquiv>
                </Word>
                <Word id="tr_1_tl_5_w4" custom="readingOrder {index:3;}">
                    <Coords points="838,964 838,1024 942,1024 942,964"/>
                    <TextEquiv>
                        <Unicode>Tagen</Unicode>
                    </TextEquiv>
                </Word>
                <Word id="tr_1_tl_5_w5" custom="readingOrder {index:4;}">
                    <Coords points="976,966 976,1026 1090,1026 1090,966"/>
                    <TextEquiv>
                        <Unicode>immer</Unicode>
                    </TextEquiv>
                </Word>
                <Word id="tr_1_tl_5_w6" custom="readingOrder {index:5;}">
                    <Coords points="1124,969 1124,1029 1239,1029 1239,969"/>
                    <TextEquiv>
                        <Unicode>wieder</Unicode>
                    </TextEquiv>
                </Word>
                <Word id="tr_1_tl_5_w7" custom="readingOrder {index:6;}">
                    <Coords points="1268,970 1268,1030 1372,1030 1372,970"/>
                    <TextEquiv>
                        <Unicode>Neues</Unicode>
                    </TextEquiv>
                </Word>
                <Word id="tr_1_tl_5_w8" custom="readingOrder {index:7;}">
                    <Coords points="1406,973 1406,1033 1463,1033 1463,973"/>
                    <TextEquiv>
                        <Unicode>und</Unicode>
                    </TextEquiv>
                </Word>
                <Word id="tr_1_tl_5_w9" custom="readingOrder {index:8;}">
                    <Coords points="1502,975 1502,1035 1688,1035 1688,975"/>
                    <TextEquiv>
                        <Unicode>Wertvolles</Unicode>
                    </TextEquiv>
                </Word>
                <TextEquiv>
                    <Unicode>zu seinen letzten Tagen immer wieder Neues und Wertvolles</Unicode>
                </TextEquiv>
            </TextLine>
            <TextLine id="tr_1_tl_6" custom="readingOrder {index:5;}">
                <Coords points="499,1080 522,1082 542,1067 563,1082 581,1073 591,1080 646,1058 769,1077 769,1024 727,1023 706,1008 668,1023 631,1008 590,1021 555,1006 499,1024"/>
                <Baseline points="507,1053 533,1051 560,1049 586,1048 613,1046 640,1044 666,1047 693,1050 719,1050 746,1051 773,1053"/>
                <Word id="tr_1_tl_6_w1" custom="readingOrder {index:0;}">
                    <Coords points="505,1008 505,1068 666,1068 666,1008"/>
                    <TextEquiv>
                        <Unicode>geschaffen</Unicode>
                    </TextEquiv>
                </Word>
                <Word id="tr_1_tl_6_w2" custom="readingOrder {index:1;}">
                    <Coords points="700,1010 700,1070 766,1070 766,1010"/>
                    <TextEquiv>
                        <Unicode>hat.</Unicode>
                    </TextEquiv>
                </Word>
                <TextEquiv>
                    <Unicode>geschaffen hat.</Unicode>
                </TextEquiv>
            </TextLine>
            <TextLine id="tr_1_tl_7" custom="readingOrder {index:6;}">
                <Coords points="608,1124 1699,1141 1697,1071 1491,1055 1320,1088 608,1068"/>
                <Baseline points="617,1107 671,1105 725,1108 779,1108 833,1109 888,1110 942,1110 996,1110 1050,1110 1104,1110 1159,1113 1213,1114 1267,1116 1321,1118 1375,1119 1430,1116 1484,1117 1538,1121 1592,1122 1646,1119 1701,1122"/>
                <Word id="tr_1_tl_7_w1" custom="readingOrder {index:0;}">
                    <Coords points="613,1065 613,1125 679,1125 679,1065"/>
                    <TextEquiv>
                        <Unicode>Mit</Unicode>
                    </TextEquiv>
                </Word>
                <Word id="tr_1_tl_7_w2" custom="readingOrder {index:1;}">
                    <Coords points="701,1067 701,1127 747,1127 747,1067"/>
                    <TextEquiv>
                        <Unicode>dem</Unicode>
                    </TextEquiv>
                </Word>
                <Word id="tr_1_tl_7_w3" custom="readingOrder {index:2;}">
                    <Coords points="789,1069 789,1129 948,1129 948,1069"/>
                    <TextEquiv>
                        <Unicode>Deutschen</Unicode>
                    </TextEquiv>
                </Word>
                <Word id="tr_1_tl_7_w4" custom="readingOrder {index:3;}">
                    <Coords points="980,1070 980,1130 1201,1130 1201,1070"/>
                    <TextEquiv>
                        <Unicode>Volkstheater</Unicode>
                    </TextEquiv>
                </Word>
                <Word id="tr_1_tl_7_w5" custom="readingOrder {index:4;}">
                    <Coords points="1222,1078 1222,1138 1423,1138 1423,1078"/>
                    <TextEquiv>
                        <Unicode>verknüpften</Unicode>
                    </TextEquiv>
                </Word>
                <Word id="tr_1_tl_7_w6" custom="readingOrder {index:5;}">
                    <Coords points="1450,1080 1450,1140 1619,1140 1619,1080"/>
                    <TextEquiv>
                        <Unicode>Schnitzler</Unicode>
                    </TextEquiv>
                </Word>
                <Word id="tr_1_tl_7_w7" custom="readingOrder {index:6;}">
                    <Coords points="1641,1080 1641,1140 1697,1140 1697,1080"/>
                    <TextEquiv>
                        <Unicode>seit</Unicode>
                    </TextEquiv>
                </Word>
                <TextEquiv>
                    <Unicode>Mit dem Deutschen Volkstheater verknüpften Schnitzler seit</Unicode>
                </TextEquiv>
            </TextLine>
            <TextLine id="tr_1_tl_8" custom="readingOrder {index:7;}">
                <Coords points="508,1172 1694,1181 1694,1141 1628,1126 508,1115"/>
                <Baseline points="516,1158 575,1155 634,1155 693,1155 752,1156 811,1158 870,1158 929,1159 988,1161 1047,1161 1107,1162 1166,1164 1225,1166 1284,1167 1343,1167 1402,1169 1461,1167 1520,1170 1579,1170 1638,1170 1698,1170"/>
                <Word id="tr_1_tl_8_w1" custom="readingOrder {index:0;}">
                    <Coords points="503,1116 503,1176 595,1176 595,1116"/>
                    <TextEquiv>
                        <Unicode>seinen</Unicode>
                    </TextEquiv>
                </Word>
                <Word id="tr_1_tl_8_w2" custom="readingOrder {index:1;}">
                    <Coords points="632,1115 632,1175 719,1175 719,1115"/>
                    <TextEquiv>
                        <Unicode>ersten</Unicode>
                    </TextEquiv>
                </Word>
                <Word id="tr_1_tl_8_w3" custom="readingOrder {index:2;}">
                    <Coords points="756,1118 756,1178 921,1178 921,1118"/>
                    <TextEquiv>
                        <Unicode>Anfängen</Unicode>
                    </TextEquiv>
                </Word>
                <Word id="tr_1_tl_8_w4" custom="readingOrder {index:3;}">
                    <Coords points="953,1121 953,1181 1087,1181 1087,1121"/>
                    <TextEquiv>
                        <Unicode>innigste</Unicode>
                    </TextEquiv>
                </Word>
                <Word id="tr_1_tl_8_w5" custom="readingOrder {index:4;}">
                    <Coords points="1113,1126 1113,1186 1350,1186 1350,1126"/>
                    <TextEquiv>
                        <Unicode>Beziehungen.</Unicode>
                    </TextEquiv>
                </Word>
                <Word id="tr_1_tl_8_w6" custom="readingOrder {index:5;}">
                    <Coords points="1377,1128 1377,1188 1418,1188 1418,1128"/>
                    <TextEquiv>
                        <Unicode>An</Unicode>
                    </TextEquiv>
                </Word>
                <Word id="tr_1_tl_8_w7" custom="readingOrder {index:6;}">
                    <Coords points="1455,1129 1455,1189 1548,1189 1548,1129"/>
                    <TextEquiv>
                        <Unicode>dieser</Unicode>
                    </TextEquiv>
                </Word>
                <Word id="tr_1_tl_8_w8" custom="readingOrder {index:7;}">
                    <Coords points="1579,1130 1579,1190 1692,1190 1692,1130"/>
                    <TextEquiv>
                        <Unicode>Bühne</Unicode>
                    </TextEquiv>
                </Word>
                <TextEquiv>
                    <Unicode>seinen ersten Anfängen innigste Beziehungen. An dieser Bühne</Unicode>
                </TextEquiv>
            </TextLine>
            <TextLine id="tr_1_tl_9" custom="readingOrder {index:8;}">
                <Coords points="495,1233 1694,1236 1693,1181 493,1174"/>
                <Baseline points="501,1203 560,1203 620,1203 680,1203 740,1204 800,1206 860,1206 919,1209 979,1209 1039,1212 1099,1212 1159,1214 1219,1215 1279,1215 1338,1215 1398,1215 1458,1218 1518,1218 1578,1218 1638,1219 1698,1215"/>
                <Word id="tr_1_tl_9_w1" custom="readingOrder {index:0;}">
                    <Coords points="498,1163 498,1223 601,1223 601,1163"/>
                    <TextEquiv>
                        <Unicode>wurde</Unicode>
                    </TextEquiv>
                </Word>
                <Word id="tr_1_tl_9_w2" custom="readingOrder {index:1;}">
                    <Coords points="633,1163 633,1223 689,1223 689,1163"/>
                    <TextEquiv>
                        <Unicode>sein</Unicode>
                    </TextEquiv>
                </Word>
                <Word id="tr_1_tl_9_w3" custom="readingOrder {index:2;}">
                    <Coords points="726,1164 726,1224 813,1224 813,1164"/>
                    <TextEquiv>
                        <Unicode>erstes</Unicode>
                    </TextEquiv>
                </Word>
                <Word id="tr_1_tl_9_w4" custom="readingOrder {index:3;}">
                    <Coords points="845,1169 845,1229 1056,1229 1056,1169"/>
                    <TextEquiv>
                        <Unicode>Theaterstück</Unicode>
                    </TextEquiv>
                </Word>
                <Word id="tr_1_tl_9_w5" custom="readingOrder {index:4;}">
                    <Coords points="1088,1173 1088,1233 1175,1233 1175,1173"/>
                    <TextEquiv>
                        <Unicode>„Das</Unicode>
                    </TextEquiv>
                </Word>
                <Word id="tr_1_tl_9_w6" custom="readingOrder {index:5;}">
                    <Coords points="1207,1175 1207,1235 1377,1235 1377,1175"/>
                    <TextEquiv>
                        <Unicode>Märchen“</Unicode>
                    </TextEquiv>
                </Word>
                <Word id="tr_1_tl_9_w7" custom="readingOrder {index:6;}">
                    <Coords points="1414,1178 1414,1238 1599,1238 1599,1178"/>
                    <TextEquiv>
                        <Unicode>aufgeführt</Unicode>
                    </TextEquiv>
                </Word>
                <Word id="tr_1_tl_9_w8" custom="readingOrder {index:7;}">
                    <Coords points="1631,1177 1631,1237 1687,1237 1687,1177"/>
                    <TextEquiv>
                        <Unicode>und</Unicode>
                    </TextEquiv>
                </Word>
                <TextEquiv>
                    <Unicode>wurde sein erstes Theaterstück „Das Märchen“ aufgeführt und</Unicode>
                </TextEquiv>
            </TextLine>
            <TextLine id="tr_1_tl_10" custom="readingOrder {index:9;}">
                <Coords points="493,1266 1694,1279 1694,1237 1608,1225 493,1234"/>
                <Baseline points="501,1250 560,1252 620,1252 680,1250 740,1254 800,1256 860,1256 919,1256 979,1256 1039,1259 1099,1259 1159,1261 1219,1262 1279,1262 1338,1262 1398,1262 1458,1265 1518,1265 1578,1268 1638,1268 1698,1268"/>
                <Word id="tr_1_tl_10_w1" custom="readingOrder {index:0;}">
                    <Coords points="498,1211 498,1271 564,1271 564,1211"/>
                    <TextEquiv>
                        <Unicode>auch</Unicode>
                    </TextEquiv>
                </Word>
                <Word id="tr_1_tl_10_w2" custom="readingOrder {index:1;}">
                    <Coords points="601,1211 601,1271 668,1271 668,1211"/>
                    <TextEquiv>
                        <Unicode>nach</Unicode>
                    </TextEquiv>
                </Word>
                <Word id="tr_1_tl_10_w3" custom="readingOrder {index:2;}">
                    <Coords points="700,1213 700,1273 751,1273 751,1213"/>
                    <TextEquiv>
                        <Unicode>dem</Unicode>
                    </TextEquiv>
                </Word>
                <Word id="tr_1_tl_10_w4" custom="readingOrder {index:3;}">
                    <Coords points="792,1216 792,1276 906,1276 906,1216"/>
                    <TextEquiv>
                        <Unicode>großen</Unicode>
                    </TextEquiv>
                </Word>
                <Word id="tr_1_tl_10_w5" custom="readingOrder {index:4;}">
                    <Coords points="937,1216 937,1276 1046,1276 1046,1216"/>
                    <TextEquiv>
                        <Unicode>Erfolg</Unicode>
                    </TextEquiv>
                </Word>
                <Word id="tr_1_tl_10_w6" custom="readingOrder {index:5;}">
                    <Coords points="1077,1219 1077,1279 1175,1279 1175,1219"/>
                    <TextEquiv>
                        <Unicode>seiner</Unicode>
                    </TextEquiv>
                </Word>
                <Word id="tr_1_tl_10_w7" custom="readingOrder {index:6;}">
                    <Coords points="1207,1222 1207,1282 1377,1282 1377,1222"/>
                    <TextEquiv>
                        <Unicode>„Liebelei“</Unicode>
                    </TextEquiv>
                </Word>
                <Word id="tr_1_tl_10_w8" custom="readingOrder {index:7;}">
                    <Coords points="1408,1223 1408,1283 1434,1283 1434,1223"/>
                    <TextEquiv>
                        <Unicode>im</Unicode>
                    </TextEquiv>
                </Word>
                <Word id="tr_1_tl_10_w9" custom="readingOrder {index:8;}">
                    <Coords points="1475,1228 1475,1288 1692,1288 1692,1228"/>
                    <TextEquiv>
                        <Unicode>Burgtheater</Unicode>
                    </TextEquiv>
                </Word>
                <TextEquiv>
                    <Unicode>auch nach dem großen Erfolg seiner „Liebelei“ im Burgtheater</Unicode>
                </TextEquiv>
            </TextLine>
            <TextLine id="tr_1_tl_11" custom="readingOrder {index:10;}">
                <Coords points="496,1320 1702,1329 1675,1278 1471,1267 496,1267"/>
                <Baseline points="504,1301 564,1301 624,1299 684,1301 744,1301 804,1303 864,1304 924,1306 984,1304 1044,1307 1104,1307 1164,1309 1224,1310 1284,1311 1344,1313 1404,1313 1464,1313 1524,1315 1584,1316 1644,1316 1704,1319"/>
                <Word id="tr_1_tl_11_w1" custom="readingOrder {index:0;}">
                    <Coords points="501,1261 501,1321 596,1321 596,1261"/>
                    <TextEquiv>
                        <Unicode>kehrte</Unicode>
                    </TextEquiv>
                </Word>
                <Word id="tr_1_tl_11_w2" custom="readingOrder {index:1;}">
                    <Coords points="627,1259 627,1319 656,1319 656,1259"/>
                    <TextEquiv>
                        <Unicode>er</Unicode>
                    </TextEquiv>
                </Word>
                <Word id="tr_1_tl_11_w3" custom="readingOrder {index:2;}">
                    <Coords points="682,1261 682,1321 792,1321 792,1261"/>
                    <TextEquiv>
                        <Unicode>wieder</Unicode>
                    </TextEquiv>
                </Word>
                <Word id="tr_1_tl_11_w4" custom="readingOrder {index:3;}">
                    <Coords points="818,1263 818,1323 848,1323 848,1263"/>
                    <TextEquiv>
                        <Unicode>an</Unicode>
                    </TextEquiv>
                </Word>
                <Word id="tr_1_tl_11_w5" custom="readingOrder {index:4;}">
                    <Coords points="884,1265 884,1325 938,1325 938,1265"/>
                    <TextEquiv>
                        <Unicode>das</Unicode>
                    </TextEquiv>
                </Word>
                <Word id="tr_1_tl_11_w6" custom="readingOrder {index:5;}">
                    <Coords points="964,1266 964,1326 1110,1326 1110,1266"/>
                    <TextEquiv>
                        <Unicode>Deutsche</Unicode>
                    </TextEquiv>
                </Word>
                <Word id="tr_1_tl_11_w7" custom="readingOrder {index:6;}">
                    <Coords points="1136,1270 1136,1330 1357,1330 1357,1270"/>
                    <TextEquiv>
                        <Unicode>Volkstheater</Unicode>
                    </TextEquiv>
                </Word>
                <Word id="tr_1_tl_11_w8" custom="readingOrder {index:7;}">
                    <Coords points="1383,1273 1383,1333 1499,1333 1499,1273"/>
                    <TextEquiv>
                        <Unicode>zurück.</Unicode>
                    </TextEquiv>
                </Word>
                <Word id="tr_1_tl_11_w9" custom="readingOrder {index:8;}">
                    <Coords points="1524,1275 1524,1335 1599,1335 1599,1275"/>
                    <TextEquiv>
                        <Unicode>Auch</Unicode>
                    </TextEquiv>
                </Word>
                <Word id="tr_1_tl_11_w10" custom="readingOrder {index:9;}">
                    <Coords points="1630,1276 1630,1336 1685,1336 1685,1276"/>
                    <TextEquiv>
                        <Unicode>sein</Unicode>
                    </TextEquiv>
                </Word>
                <TextEquiv>
                    <Unicode>kehrte er wieder an das Deutsche Volkstheater zurück. Auch sein</Unicode>
                </TextEquiv>
            </TextLine>
            <TextLine id="tr_1_tl_12" custom="readingOrder {index:11;}">
                <Coords points="493,1365 1697,1385 1664,1326 493,1322"/>
                <Baseline points="501,1352 561,1351 621,1347 681,1346 741,1350 801,1352 861,1352 921,1353 981,1357 1041,1358 1101,1356 1161,1358 1221,1361 1281,1361 1341,1363 1401,1364 1461,1364 1521,1362 1581,1364 1641,1365 1701,1370"/>
                <Word id="tr_1_tl_12_w1" custom="readingOrder {index:0;}">
                    <Coords points="498,1306 498,1366 794,1366 794,1306"/>
                    <TextEquiv>
                        <Unicode>„Anatol“-Zyklus</Unicode>
                    </TextEquiv>
                </Word>
                <Word id="tr_1_tl_12_w2" custom="readingOrder {index:1;}">
                    <Coords points="821,1312 821,1372 937,1372 937,1312"/>
                    <TextEquiv>
                        <Unicode>erlebte</Unicode>
                    </TextEquiv>
                </Word>
                <Word id="tr_1_tl_12_w3" custom="readingOrder {index:2;}">
                    <Coords points="959,1316 959,1376 985,1376 985,1316"/>
                    <TextEquiv>
                        <Unicode>ja</Unicode>
                    </TextEquiv>
                </Word>
                <Word id="tr_1_tl_12_w4" custom="readingOrder {index:3;}">
                    <Coords points="1012,1317 1012,1377 1043,1377 1043,1317"/>
                    <TextEquiv>
                        <Unicode>an</Unicode>
                    </TextEquiv>
                </Word>
                <Word id="tr_1_tl_12_w5" custom="readingOrder {index:4;}">
                    <Coords points="1076,1316 1076,1376 1170,1376 1170,1316"/>
                    <TextEquiv>
                        <Unicode>dieser</Unicode>
                    </TextEquiv>
                </Word>
                <Word id="tr_1_tl_12_w6" custom="readingOrder {index:5;}">
                    <Coords points="1197,1321 1197,1381 1308,1381 1308,1321"/>
                    <TextEquiv>
                        <Unicode>Bühne</Unicode>
                    </TextEquiv>
                </Word>
                <Word id="tr_1_tl_12_w7" custom="readingOrder {index:6;}">
                    <Coords points="1335,1323 1335,1383 1409,1383 1409,1323"/>
                    <TextEquiv>
                        <Unicode>seine</Unicode>
                    </TextEquiv>
                </Word>
                <Word id="tr_1_tl_12_w8" custom="readingOrder {index:7;}">
                    <Coords points="1436,1323 1436,1383 1695,1383 1695,1323"/>
                    <TextEquiv>
                        <Unicode>Uraufführung,</Unicode>
                    </TextEquiv>
                </Word>
                <TextEquiv>
                    <Unicode>„Anatol“-Zyklus erlebte ja an dieser Bühne seine Uraufführung,</Unicode>
                </TextEquiv>
            </TextLine>
            <TextLine id="tr_1_tl_13" custom="readingOrder {index:12;}">
                <Coords points="493,1406 1696,1436 1694,1388 1566,1371 493,1368"/>
                <Baseline points="501,1397 560,1397 620,1397 680,1400 740,1401 800,1403 860,1403 919,1404 979,1404 1039,1406 1099,1406 1159,1408 1219,1409 1279,1410 1338,1410 1398,1412 1458,1412 1518,1414 1578,1415 1638,1416 1698,1421"/>
                <Word id="tr_1_tl_13_w1" custom="readingOrder {index:0;}">
                    <Coords points="493,1357 493,1417 529,1417 529,1357"/>
                    <TextEquiv>
                        <Unicode>da</Unicode>
                    </TextEquiv>
                </Word>
                <Word id="tr_1_tl_13_w2" custom="readingOrder {index:1;}">
                    <Coords points="565,1357 565,1417 617,1417 617,1357"/>
                    <TextEquiv>
                        <Unicode>die</Unicode>
                    </TextEquiv>
                </Word>
                <Word id="tr_1_tl_13_w3" custom="readingOrder {index:2;}">
                    <Coords points="648,1360 648,1420 768,1420 768,1360"/>
                    <TextEquiv>
                        <Unicode>strenge</Unicode>
                    </TextEquiv>
                </Word>
                <Word id="tr_1_tl_13_w4" custom="readingOrder {index:3;}">
                    <Coords points="799,1364 799,1424 1101,1424 1101,1364"/>
                    <TextEquiv>
                        <Unicode>Hoftheaterzensur</Unicode>
                    </TextEquiv>
                </Word>
                <Word id="tr_1_tl_13_w5" custom="readingOrder {index:4;}">
                    <Coords points="1133,1369 1133,1429 1330,1429 1330,1369"/>
                    <TextEquiv>
                        <Unicode>Burckhardt</Unicode>
                    </TextEquiv>
                </Word>
                <Word id="tr_1_tl_13_w6" custom="readingOrder {index:5;}">
                    <Coords points="1362,1371 1362,1431 1413,1431 1413,1371"/>
                    <TextEquiv>
                        <Unicode>die</Unicode>
                    </TextEquiv>
                </Word>
                <Word id="tr_1_tl_13_w7" custom="readingOrder {index:6;}">
                    <Coords points="1445,1374 1445,1434 1689,1434 1689,1374"/>
                    <TextEquiv>
                        <Unicode>Uraufführung</Unicode>
                    </TextEquiv>
                </Word>
                <TextEquiv>
                    <Unicode>da die strenge Hoftheaterzensur Burckhardt die Uraufführung</Unicode>
                </TextEquiv>
            </TextLine>
            <TextLine id="tr_1_tl_14" custom="readingOrder {index:13;}">
                <Coords points="493,1467 1246,1468 1245,1418 492,1409"/>
                <Baseline points="501,1444 538,1444 575,1444 613,1444 650,1445 688,1447 725,1447 763,1447 800,1447 838,1449 875,1450 912,1450 950,1450 987,1450 1025,1450 1062,1452 1100,1453 1137,1453 1175,1453 1212,1456 1250,1453"/>
                <Word id="tr_1_tl_14_w1" custom="readingOrder {index:0;}">
                    <Coords points="497,1404 497,1464 587,1464 587,1404"/>
                    <TextEquiv>
                        <Unicode>dieser</Unicode>
                    </TextEquiv>
                </Word>
                <Word id="tr_1_tl_14_w2" custom="readingOrder {index:1;}">
                    <Coords points="614,1407 614,1467 827,1467 827,1407"/>
                    <TextEquiv>
                        <Unicode>Szenenreihe</Unicode>
                    </TextEquiv>
                </Word>
                <Word id="tr_1_tl_14_w3" custom="readingOrder {index:2;}">
                    <Coords points="853,1410 853,1470 929,1470 929,1410"/>
                    <TextEquiv>
                        <Unicode>nicht</Unicode>
                    </TextEquiv>
                </Word>
                <Word id="tr_1_tl_14_w4" custom="readingOrder {index:3;}">
                    <Coords points="955,1410 955,1470 1097,1470 1097,1410"/>
                    <TextEquiv>
                        <Unicode>gestatten</Unicode>
                    </TextEquiv>
                </Word>
                <Word id="tr_1_tl_14_w5" custom="readingOrder {index:4;}">
                    <Coords points="1128,1413 1128,1473 1244,1473 1244,1413"/>
                    <TextEquiv>
                        <Unicode>wollte.</Unicode>
                    </TextEquiv>
                </Word>
                <TextEquiv>
                    <Unicode>dieser Szenenreihe nicht gestatten wollte.</Unicode>
                </TextEquiv>
            </TextLine>
            <TextLine id="tr_1_tl_15" custom="readingOrder {index:14;}">
                <Coords points="604,1515 1639,1537 1691,1531 1690,1482 602,1468"/>
                <Baseline points="612,1504 666,1502 720,1504 774,1504 828,1507 882,1504 936,1507 991,1507 1045,1509 1099,1510 1153,1510 1207,1513 1261,1513 1315,1515 1370,1516 1424,1516 1478,1516 1532,1518 1586,1519 1640,1519 1695,1519"/>
                <Word id="tr_1_tl_15_w1" custom="readingOrder {index:0;}">
                    <Coords points="596,1462 596,1522 715,1522 715,1462"/>
                    <TextEquiv>
                        <Unicode>Gerade</Unicode>
                    </TextEquiv>
                </Word>
                <Word id="tr_1_tl_15_w2" custom="readingOrder {index:1;}">
                    <Coords points="745,1464 745,1524 769,1524 769,1464"/>
                    <TextEquiv>
                        <Unicode>in</Unicode>
                    </TextEquiv>
                </Word>
                <Word id="tr_1_tl_15_w3" custom="readingOrder {index:2;}">
                    <Coords points="804,1466 804,1526 853,1526 853,1466"/>
                    <TextEquiv>
                        <Unicode>den</Unicode>
                    </TextEquiv>
                </Word>
                <Word id="tr_1_tl_15_w4" custom="readingOrder {index:3;}">
                    <Coords points="889,1467 889,1527 987,1527 987,1467"/>
                    <TextEquiv>
                        <Unicode>letzten</Unicode>
                    </TextEquiv>
                </Word>
                <Word id="tr_1_tl_15_w5" custom="readingOrder {index:4;}">
                    <Coords points="1022,1469 1022,1529 1126,1529 1126,1469"/>
                    <TextEquiv>
                        <Unicode>Tagen</Unicode>
                    </TextEquiv>
                </Word>
                <Word id="tr_1_tl_15_w6" custom="readingOrder {index:5;}">
                    <Coords points="1161,1472 1161,1532 1230,1532 1230,1472"/>
                    <TextEquiv>
                        <Unicode>war</Unicode>
                    </TextEquiv>
                </Word>
                <Word id="tr_1_tl_15_w7" custom="readingOrder {index:6;}">
                    <Coords points="1255,1475 1255,1535 1428,1535 1428,1475"/>
                    <TextEquiv>
                        <Unicode>beschlossen</Unicode>
                    </TextEquiv>
                </Word>
                <Word id="tr_1_tl_15_w8" custom="readingOrder {index:7;}">
                    <Coords points="1463,1478 1463,1538 1606,1538 1606,1478"/>
                    <TextEquiv>
                        <Unicode>worden,</Unicode>
                    </TextEquiv>
                </Word>
                <Word id="tr_1_tl_15_w9" custom="readingOrder {index:8;}">
                    <Coords points="1631,1479 1631,1539 1685,1539 1685,1479"/>
                    <TextEquiv>
                        <Unicode>zur</Unicode>
                    </TextEquiv>
                </Word>
                <TextEquiv>
                    <Unicode>Gerade in den letzten Tagen war beschlossen worden, zur</Unicode>
                </TextEquiv>
            </TextLine>
            <TextLine id="tr_1_tl_16" custom="readingOrder {index:15;}">
                <Coords points="490,1568 1690,1583 1688,1534 1537,1525 490,1512"/>
                <Baseline points="498,1558 557,1551 617,1549 677,1555 736,1552 796,1554 856,1555 915,1557 975,1557 1035,1558 1095,1561 1154,1561 1214,1561 1274,1562 1333,1564 1393,1564 1453,1562 1512,1564 1572,1567 1632,1567 1692,1570"/>
                <Word id="tr_1_tl_16_w1" custom="readingOrder {index:0;}">
                    <Coords points="495,1513 495,1573 582,1573 582,1513"/>
                    <TextEquiv>
                        <Unicode>Feier</Unicode>
                    </TextEquiv>
                </Word>
                <Word id="tr_1_tl_16_w2" custom="readingOrder {index:1;}">
                    <Coords points="609,1513 609,1573 706,1573 706,1513"/>
                    <TextEquiv>
                        <Unicode>seines</Unicode>
                    </TextEquiv>
                </Word>
                <Word id="tr_1_tl_16_w3" custom="readingOrder {index:2;}">
                    <Coords points="733,1514 733,1574 902,1574 902,1514"/>
                    <TextEquiv>
                        <Unicode>siebzigsten</Unicode>
                    </TextEquiv>
                </Word>
                <Word id="tr_1_tl_16_w4" custom="readingOrder {index:3;}">
                    <Coords points="934,1518 934,1578 1166,1578 1166,1518"/>
                    <TextEquiv>
                        <Unicode>Geburtstages</Unicode>
                    </TextEquiv>
                </Word>
                <Word id="tr_1_tl_16_w5" custom="readingOrder {index:4;}">
                    <Coords points="1198,1521 1198,1581 1223,1581 1223,1521"/>
                    <TextEquiv>
                        <Unicode>im</Unicode>
                    </TextEquiv>
                </Word>
                <Word id="tr_1_tl_16_w6" custom="readingOrder {index:5;}">
                    <Coords points="1265,1524 1265,1584 1430,1584 1430,1524"/>
                    <TextEquiv>
                        <Unicode>Deutschen</Unicode>
                    </TextEquiv>
                </Word>
                <Word id="tr_1_tl_16_w7" custom="readingOrder {index:6;}">
                    <Coords points="1461,1527 1461,1587 1683,1587 1683,1527"/>
                    <TextEquiv>
                        <Unicode>Volkstheater</Unicode>
                    </TextEquiv>
                </Word>
                <TextEquiv>
                    <Unicode>Feier seines siebzigsten Geburtstages im Deutschen Volkstheater</Unicode>
                </TextEquiv>
            </TextLine>
            <TextLine id="tr_1_tl_17" custom="readingOrder {index:16;}">
                <Coords points="490,1611 1661,1634 1688,1584 489,1575"/>
                <Baseline points="498,1597 557,1600 617,1600 677,1600 736,1603 796,1603 856,1603 915,1604 975,1608 1035,1609 1095,1609 1154,1609 1214,1612 1274,1612 1333,1612 1393,1612 1453,1612 1512,1614 1572,1615 1632,1618 1692,1621"/>
                <Word id="tr_1_tl_17_w1" custom="readingOrder {index:0;}">
                    <Coords points="489,1558 489,1618 551,1618 551,1558"/>
                    <TextEquiv>
                        <Unicode>eine</Unicode>
                    </TextEquiv>
                </Word>
                <Word id="tr_1_tl_17_w2" custom="readingOrder {index:1;}">
                    <Coords points="577,1560 577,1620 779,1620 779,1560"/>
                    <TextEquiv>
                        <Unicode>Aufführung</Unicode>
                    </TextEquiv>
                </Word>
                <Word id="tr_1_tl_17_w3" custom="readingOrder {index:2;}">
                    <Coords points="807,1563 807,1623 853,1623 853,1563"/>
                    <TextEquiv>
                        <Unicode>des</Unicode>
                    </TextEquiv>
                </Word>
                <Word id="tr_1_tl_17_w4" custom="readingOrder {index:3;}">
                    <Coords points="885,1566 885,1626 1024,1626 1024,1566"/>
                    <TextEquiv>
                        <Unicode>Dramas</Unicode>
                    </TextEquiv>
                </Word>
                <Word id="tr_1_tl_17_w5" custom="readingOrder {index:4;}">
                    <Coords points="1056,1569 1056,1629 1139,1629 1139,1569"/>
                    <TextEquiv>
                        <Unicode>„Der</Unicode>
                    </TextEquiv>
                </Word>
                <Word id="tr_1_tl_17_w6" custom="readingOrder {index:5;}">
                    <Coords points="1166,1571 1166,1631 1233,1631 1233,1571"/>
                    <TextEquiv>
                        <Unicode>Ruf</Unicode>
                    </TextEquiv>
                </Word>
                <Word id="tr_1_tl_17_w7" custom="readingOrder {index:6;}">
                    <Coords points="1260,1572 1260,1632 1306,1632 1306,1572"/>
                    <TextEquiv>
                        <Unicode>des</Unicode>
                    </TextEquiv>
                </Word>
                <Word id="tr_1_tl_17_w8" custom="readingOrder {index:7;}">
                    <Coords points="1338,1572 1338,1632 1473,1632 1473,1572"/>
                    <TextEquiv>
                        <Unicode>Lebens"</Unicode>
                    </TextEquiv>
                </Word>
                <Word id="tr_1_tl_17_w9" custom="readingOrder {index:8;}">
                    <Coords points="1505,1574 1505,1634 1561,1634 1561,1574"/>
                    <TextEquiv>
                        <Unicode>mit</Unicode>
                    </TextEquiv>
                </Word>
                <Word id="tr_1_tl_17_w10" custom="readingOrder {index:9;}">
                    <Coords points="1588,1578 1588,1638 1686,1638 1686,1578"/>
                    <TextEquiv>
                        <Unicode>Käthe</Unicode>
                    </TextEquiv>
                </Word>
                <TextEquiv>
                    <Unicode>eine Aufführung des Dramas „Der Ruf des Lebens" mit Käthe</Unicode>
                </TextEquiv>
            </TextLine>
            <TextLine id="tr_1_tl_18" custom="readingOrder {index:17;}">
                <Coords points="489,1664 1629,1690 1691,1673 1690,1626 487,1610"/>
                <Baseline points="495,1647 555,1647 615,1647 675,1650 735,1650 795,1652 855,1653 915,1653 975,1655 1035,1656 1095,1657 1155,1659 1215,1659 1275,1657 1335,1661 1395,1662 1455,1662 1515,1660 1575,1665 1635,1665 1695,1665"/>
                <Word id="tr_1_tl_18_w1" custom="readingOrder {index:0;}">
                    <Coords points="491,1607 491,1667 599,1667 599,1607"/>
                    <TextEquiv>
                        <Unicode>Dorsch</Unicode>
                    </TextEquiv>
                </Word>
                <Word id="tr_1_tl_18_w2" custom="readingOrder {index:1;}">
                    <Coords points="634,1608 634,1668 663,1668 663,1608"/>
                    <TextEquiv>
                        <Unicode>in</Unicode>
                    </TextEquiv>
                </Word>
                <Word id="tr_1_tl_18_w3" custom="readingOrder {index:2;}">
                    <Coords points="698,1610 698,1670 746,1670 746,1610"/>
                    <TextEquiv>
                        <Unicode>der</Unicode>
                    </TextEquiv>
                </Word>
                <Word id="tr_1_tl_18_w4" custom="readingOrder {index:3;}">
                    <Coords points="776,1613 776,1673 948,1673 948,1613"/>
                    <TextEquiv>
                        <Unicode>weiblichen</Unicode>
                    </TextEquiv>
                </Word>
                <Word id="tr_1_tl_18_w5" custom="readingOrder {index:4;}">
                    <Coords points="987,1616 987,1676 1174,1676 1174,1616"/>
                    <TextEquiv>
                        <Unicode>Hauptrolle</Unicode>
                    </TextEquiv>
                </Word>
                <Word id="tr_1_tl_18_w6" custom="readingOrder {index:5;}">
                    <Coords points="1209,1618 1209,1678 1233,1678 1233,1618"/>
                    <TextEquiv>
                        <Unicode>zu</Unicode>
                    </TextEquiv>
                </Word>
                <Word id="tr_1_tl_18_w7" custom="readingOrder {index:6;}">
                    <Coords points="1272,1621 1272,1681 1498,1681 1498,1621"/>
                    <TextEquiv>
                        <Unicode>veranstalten.</Unicode>
                    </TextEquiv>
                </Word>
                <Word id="tr_1_tl_18_w8" custom="readingOrder {index:7;}">
                    <Coords points="1523,1622 1523,1682 1567,1682 1567,1622"/>
                    <TextEquiv>
                        <Unicode>Es</Unicode>
                    </TextEquiv>
                </Word>
                <Word id="tr_1_tl_18_w9" custom="readingOrder {index:8;}">
                    <Coords points="1602,1625 1602,1685 1685,1685 1685,1625"/>
                    <TextEquiv>
                        <Unicode>sollte</Unicode>
                    </TextEquiv>
                </Word>
                <TextEquiv>
                    <Unicode>Dorsch in der weiblichen Hauptrolle zu veranstalten. Es sollte</Unicode>
                </TextEquiv>
            </TextLine>
            <TextLine id="tr_1_tl_19" custom="readingOrder {index:18;}">
                <Coords points="490,1705 1690,1728 1688,1675 490,1666"/>
                <Baseline points="498,1695 557,1697 617,1697 677,1698 736,1698 796,1698 856,1698 915,1702 975,1704 1035,1704 1095,1706 1154,1706 1214,1704 1274,1707 1333,1709 1393,1710 1453,1710 1512,1712 1572,1713 1632,1713 1692,1713"/>
                <Word id="tr_1_tl_19_w1" custom="readingOrder {index:0;}">
                    <Coords points="485,1655 485,1715 546,1715 546,1655"/>
                    <TextEquiv>
                        <Unicode>eine</Unicode>
                    </TextEquiv>
                </Word>
                <Word id="tr_1_tl_19_w2" custom="readingOrder {index:1;}">
                    <Coords points="583,1657 583,1717 724,1717 724,1657"/>
                    <TextEquiv>
                        <Unicode>würdige</Unicode>
                    </TextEquiv>
                </Word>
                <Word id="tr_1_tl_19_w3" custom="readingOrder {index:2;}">
                    <Coords points="755,1660 755,1720 1016,1720 1016,1660"/>
                    <TextEquiv>
                        <Unicode>Festvorstellung</Unicode>
                    </TextEquiv>
                </Word>
                <Word id="tr_1_tl_19_w4" custom="readingOrder {index:3;}">
                    <Coords points="1053,1665 1053,1725 1104,1725 1104,1665"/>
                    <TextEquiv>
                        <Unicode>für</Unicode>
                    </TextEquiv>
                </Word>
                <Word id="tr_1_tl_19_w5" custom="readingOrder {index:4;}">
                    <Coords points="1136,1665 1136,1725 1188,1725 1188,1665"/>
                    <TextEquiv>
                        <Unicode>den</Unicode>
                    </TextEquiv>
                </Word>
                <Word id="tr_1_tl_19_w6" custom="readingOrder {index:5;}">
                    <Coords points="1230,1667 1230,1727 1355,1727 1355,1667"/>
                    <TextEquiv>
                        <Unicode>Dichter</Unicode>
                    </TextEquiv>
                </Word>
                <Word id="tr_1_tl_19_w7" custom="readingOrder {index:6;}">
                    <Coords points="1387,1670 1387,1730 1464,1730 1464,1670"/>
                    <TextEquiv>
                        <Unicode>sein,</Unicode>
                    </TextEquiv>
                </Word>
                <Word id="tr_1_tl_19_w8" custom="readingOrder {index:7;}">
                    <Coords points="1490,1672 1490,1732 1542,1732 1542,1672"/>
                    <TextEquiv>
                        <Unicode>der</Unicode>
                    </TextEquiv>
                </Word>
                <Word id="tr_1_tl_19_w9" custom="readingOrder {index:8;}">
                    <Coords points="1579,1673 1579,1733 1605,1733 1605,1673"/>
                    <TextEquiv>
                        <Unicode>so</Unicode>
                    </TextEquiv>
                </Word>
                <Word id="tr_1_tl_19_w10" custom="readingOrder {index:9;}">
                    <Coords points="1642,1673 1642,1733 1688,1733 1688,1673"/>
                    <TextEquiv>
                        <Unicode>oft</Unicode>
                    </TextEquiv>
                </Word>
                <TextEquiv>
                    <Unicode>eine würdige Festvorstellung für den Dichter sein, der so oft</Unicode>
                </TextEquiv>
            </TextLine>
            <TextLine id="tr_1_tl_20" custom="readingOrder {index:19;}">
                <Coords points="487,1749 1687,1780 1685,1728 1629,1712 487,1708"/>
                <Baseline points="495,1746 554,1743 614,1745 674,1749 733,1749 793,1747 853,1746 912,1749 972,1751 1032,1752 1092,1753 1151,1755 1211,1755 1271,1756 1330,1758 1390,1758 1450,1759 1509,1761 1569,1761 1629,1764 1689,1767"/>
                <Word id="tr_1_tl_20_w1" custom="readingOrder {index:0;}">
                    <Coords points="492,1703 492,1763 584,1763 584,1703"/>
                    <TextEquiv>
                        <Unicode>dieser</Unicode>
                    </TextEquiv>
                </Word>
                <Word id="tr_1_tl_20_w2" custom="readingOrder {index:1;}">
                    <Coords points="611,1708 611,1768 724,1768 724,1708"/>
                    <TextEquiv>
                        <Unicode>Bühne</Unicode>
                    </TextEquiv>
                </Word>
                <Word id="tr_1_tl_20_w3" custom="readingOrder {index:2;}">
                    <Coords points="756,1706 756,1766 833,1766 833,1706"/>
                    <TextEquiv>
                        <Unicode>seine</Unicode>
                    </TextEquiv>
                </Word>
                <Word id="tr_1_tl_20_w4" custom="readingOrder {index:3;}">
                    <Coords points="859,1708 859,1768 962,1768 962,1708"/>
                    <TextEquiv>
                        <Unicode>Werke</Unicode>
                    </TextEquiv>
                </Word>
                <Word id="tr_1_tl_20_w5" custom="readingOrder {index:4;}">
                    <Coords points="988,1712 988,1772 1143,1772 1143,1712"/>
                    <TextEquiv>
                        <Unicode>geschenkt</Unicode>
                    </TextEquiv>
                </Word>
                <Word id="tr_1_tl_20_w6" custom="readingOrder {index:5;}">
                    <Coords points="1169,1715 1169,1775 1267,1775 1267,1715"/>
                    <TextEquiv>
                        <Unicode>hatte.</Unicode>
                    </TextEquiv>
                </Word>
                <Word id="tr_1_tl_20_w7" custom="readingOrder {index:6;}">
                    <Coords points="1293,1717 1293,1777 1360,1777 1360,1717"/>
                    <TextEquiv>
                        <Unicode>Nun</Unicode>
                    </TextEquiv>
                </Word>
                <Word id="tr_1_tl_20_w8" custom="readingOrder {index:7;}">
                    <Coords points="1392,1718 1392,1778 1468,1778 1468,1718"/>
                    <TextEquiv>
                        <Unicode>wird</Unicode>
                    </TextEquiv>
                </Word>
                <Word id="tr_1_tl_20_w9" custom="readingOrder {index:8;}">
                    <Coords points="1500,1721 1500,1781 1577,1781 1577,1721"/>
                    <TextEquiv>
                        <Unicode>diese</Unicode>
                    </TextEquiv>
                </Word>
                <Word id="tr_1_tl_20_w10" custom="readingOrder {index:9;}">
                    <Coords points="1603,1724 1603,1784 1686,1784 1686,1724"/>
                    <TextEquiv>
                        <Unicode>Auf¬</Unicode>
                    </TextEquiv>
                </Word>
                <TextEquiv>
                    <Unicode>dieser Bühne seine Werke geschenkt hatte. Nun wird diese Auf¬</Unicode>
                </TextEquiv>
            </TextLine>
            <TextLine id="tr_1_tl_21" custom="readingOrder {index:20;}">
                <Coords points="496,1814 1522,1841 1521,1786 1390,1762 496,1755"/>
                <Baseline points="504,1800 555,1797 606,1797 657,1797 708,1799 759,1800 810,1798 861,1800 912,1800 963,1801 1014,1803 1065,1803 1116,1803 1167,1805 1218,1806 1269,1806 1320,1806 1371,1806 1422,1808 1473,1811 1525,1812"/>
                <Word id="tr_1_tl_21_w1" custom="readingOrder {index:0;}">
                    <Coords points="491,1757 491,1817 623,1817 623,1757"/>
                    <TextEquiv>
                        <Unicode>führung</Unicode>
                    </TextEquiv>
                </Word>
                <Word id="tr_1_tl_21_w2" custom="readingOrder {index:1;}">
                    <Coords points="655,1757 655,1817 707,1817 707,1757"/>
                    <TextEquiv>
                        <Unicode>von</Unicode>
                    </TextEquiv>
                </Word>
                <Word id="tr_1_tl_21_w3" custom="readingOrder {index:2;}">
                    <Coords points="740,1759 740,1819 824,1819 824,1759"/>
                    <TextEquiv>
                        <Unicode>„Ruf</Unicode>
                    </TextEquiv>
                </Word>
                <Word id="tr_1_tl_21_w4" custom="readingOrder {index:3;}">
                    <Coords points="846,1760 846,1820 899,1820 899,1760"/>
                    <TextEquiv>
                        <Unicode>des</Unicode>
                    </TextEquiv>
                </Word>
                <Word id="tr_1_tl_21_w5" custom="readingOrder {index:4;}">
                    <Coords points="926,1762 926,1822 1063,1822 1063,1762"/>
                    <TextEquiv>
                        <Unicode>Lebens"</Unicode>
                    </TextEquiv>
                </Word>
                <Word id="tr_1_tl_21_w6" custom="readingOrder {index:5;}">
                    <Coords points="1091,1763 1091,1823 1159,1823 1159,1763"/>
                    <TextEquiv>
                        <Unicode>eine</Unicode>
                    </TextEquiv>
                </Word>
                <Word id="tr_1_tl_21_w7" custom="readingOrder {index:6;}">
                    <Coords points="1186,1766 1186,1826 1366,1826 1366,1766"/>
                    <TextEquiv>
                        <Unicode>Totenfeier</Unicode>
                    </TextEquiv>
                </Word>
                <Word id="tr_1_tl_21_w8" custom="readingOrder {index:7;}">
                    <Coords points="1388,1769 1388,1829 1520,1829 1520,1769"/>
                    <TextEquiv>
                        <Unicode>sein...</Unicode>
                    </TextEquiv>
                </Word>
                <TextEquiv>
                    <Unicode>führung von „Ruf des Lebens" eine Totenfeier sein...</Unicode>
                </TextEquiv>
            </TextLine>
            <TextLine id="tr_1_tl_22" custom="readingOrder {index:21;}">
                <Coords points="518,2041 1622,2046 1651,1930 1012,1925 899,1995 700,1931 626,1993 516,1989"/>
                <Baseline points="525,2006 581,2010 638,2012 694,2012 751,2009 807,2012 864,2012 920,2007 977,2009 1033,2012 1090,2014 1147,2015 1203,2015 1260,2018 1316,2016 1373,2018 1429,2019 1486,2021 1542,2021 1599,2021 1656,2027"/>
                <Word id="tr_1_tl_22_w1" custom="readingOrder {index:0;}">
                    <Coords points="534,1970 534,2030 630,2030 630,1970"/>
                    <TextEquiv>
                        <Unicode>Ne</Unicode>
                    </TextEquiv>
                </Word>
                <Word id="tr_1_tl_22_w2" custom="readingOrder {index:1;}">
                    <Coords points="674,1971 674,2031 912,2031 912,1971"/>
                    <TextEquiv>
                        <Unicode>Hauser</Unicode>
                    </TextEquiv>
                </Word>
                <Word id="tr_1_tl_22_w3" custom="readingOrder {index:2;}">
                    <Coords points="956,1970 956,2030 1053,2030 1053,1970"/>
                    <TextEquiv>
                        <Unicode>des</Unicode>
                    </TextEquiv>
                </Word>
                <Word id="tr_1_tl_22_w4" custom="readingOrder {index:3;}">
                    <Coords points="1111,1977 1111,2037 1405,2037 1405,1977"/>
                    <TextEquiv>
                        <Unicode>Bankiers</Unicode>
                    </TextEquiv>
                </Word>
                <Word id="tr_1_tl_22_w5" custom="readingOrder {index:4;}">
                    <Coords points="1463,1981 1463,2041 1616,2041 1616,1981"/>
                    <TextEquiv>
                        <Unicode>Kola</Unicode>
                    </TextEquiv>
                </Word>
                <TextEquiv>
                    <Unicode>Ne Hauser des Bankiers Kola</Unicode>
                </TextEquiv>
            </TextLine>
            <TextLine id="tr_1_tl_23" custom="readingOrder {index:22;}">
                <Coords points="727,2170 908,2167 932,2142 1058,2171 1436,2177 1435,2064 1204,2062 1112,2093 955,2065 860,2121 803,2094 726,2114"/>
                <Baseline points="734,2146 769,2144 804,2143 839,2143 875,2143 910,2146 945,2144 980,2144 1016,2146 1051,2146 1086,2149 1121,2149 1157,2149 1192,2149 1227,2149 1262,2149 1298,2149 1333,2150 1368,2152 1403,2152 1439,2155"/>
                <Word id="tr_1_tl_23_w1" custom="readingOrder {index:0;}">
                    <Coords points="742,2103 742,2163 889,2163 889,2103"/>
                    <TextEquiv>
                        <Unicode>unter</Unicode>
                    </TextEquiv>
                </Word>
                <Word id="tr_1_tl_23_w2" custom="readingOrder {index:1;}">
                    <Coords points="945,2104 945,2164 1038,2164 1038,2104"/>
                    <TextEquiv>
                        <Unicode>dem</Unicode>
                    </TextEquiv>
                </Word>
                <Word id="tr_1_tl_23_w3" custom="readingOrder {index:2;}">
                    <Coords points="1120,2109 1120,2169 1429,2169 1429,2109"/>
                    <TextEquiv>
                        <Unicode>Hammer.</Unicode>
                    </TextEquiv>
                </Word>
                <TextEquiv>
                    <Unicode>unter dem Hammer.</Unicode>
                </TextEquiv>
            </TextLine>
            <TextLine id="tr_1_tl_24" custom="readingOrder {index:23;}">
                <Coords points="729,2240 1260,2221 1393,2247 1421,2233 1421,2186 1254,2206 1126,2180 910,2191 877,2168 727,2183"/>
                <Baseline points="737,2215 771,2213 805,2214 840,2215 874,2215 908,2217 943,2218 977,2218 1011,2218 1046,2218 1080,2218 1114,2218 1149,2219 1183,2221 1217,2221 1252,2221 1286,2221 1320,2221 1355,2221 1389,2221 1424,2221"/>
                <Word id="tr_1_tl_24_w1" custom="readingOrder {index:0;}">
                    <Coords points="728,2174 728,2234 934,2234 934,2174"/>
                    <TextEquiv>
                        <Unicode>Originalbericht</Unicode>
                    </TextEquiv>
                </Word>
                <Word id="tr_1_tl_24_w2" custom="readingOrder {index:1;}">
                    <Coords points="961,2178 961,2238 995,2238 995,2178"/>
                    <TextEquiv>
                        <Unicode>des</Unicode>
                    </TextEquiv>
                </Word>
                <Word id="tr_1_tl_24_w3" custom="readingOrder {index:2;}">
                    <Coords points="1026,2178 1026,2238 1121,2238 1121,2178"/>
                    <TextEquiv>
                        <Unicode>„Neuen</Unicode>
                    </TextEquiv>
                </Word>
                <Word id="tr_1_tl_24_w4" custom="readingOrder {index:3;}">
                    <Coords points="1152,2181 1152,2241 1247,2241 1247,2181"/>
                    <TextEquiv>
                        <Unicode>Wiener</Unicode>
                    </TextEquiv>
                </Word>
                <Word id="tr_1_tl_24_w5" custom="readingOrder {index:4;}">
                    <Coords points="1274,2181 1274,2241 1422,2241 1422,2181"/>
                    <TextEquiv>
                        <Unicode>Journals“.</Unicode>
                    </TextEquiv>
                </Word>
                <TextEquiv>
                    <Unicode>Originalbericht des „Neuen Wiener Journals“.</Unicode>
                </TextEquiv>
            </TextLine>
            <TextLine id="tr_1_tl_25" custom="readingOrder {index:24;}">
                <Coords points="576,2284 1667,2310 1676,2251 575,2236"/>
                <Baseline points="585,2274 639,2274 694,2275 749,2279 804,2277 858,2277 913,2280 968,2280 1023,2280 1077,2283 1132,2286 1187,2286 1242,2286 1296,2289 1351,2286 1406,2287 1461,2289 1515,2289 1570,2289 1625,2292 1680,2292"/>
                <Word id="tr_1_tl_25_w1" custom="readingOrder {index:0;}">
                    <Coords points="580,2234 580,2294 637,2294 637,2234"/>
                    <TextEquiv>
                        <Unicode>Die</Unicode>
                    </TextEquiv>
                </Word>
                <Word id="tr_1_tl_25_w2" custom="readingOrder {index:1;}">
                    <Coords points="679,2237 679,2297 906,2297 906,2237"/>
                    <TextEquiv>
                        <Unicode>Liquidierung</Unicode>
                    </TextEquiv>
                </Word>
                <Word id="tr_1_tl_25_w3" custom="readingOrder {index:2;}">
                    <Coords points="943,2240 943,2300 995,2300 995,2240"/>
                    <TextEquiv>
                        <Unicode>des</Unicode>
                    </TextEquiv>
                </Word>
                <Word id="tr_1_tl_25_w4" custom="readingOrder {index:3;}">
                    <Coords points="1032,2246 1032,2306 1233,2306 1233,2246"/>
                    <TextEquiv>
                        <Unicode>Vermögens</Unicode>
                    </TextEquiv>
                </Word>
                <Word id="tr_1_tl_25_w5" custom="readingOrder {index:4;}">
                    <Coords points="1296,2247 1296,2307 1348,2307 1348,2247"/>
                    <TextEquiv>
                        <Unicode>der</Unicode>
                    </TextEquiv>
                </Word>
                <Word id="tr_1_tl_25_w6" custom="readingOrder {index:5;}">
                    <Coords points="1384,2248 1384,2308 1508,2308 1508,2248"/>
                    <TextEquiv>
                        <Unicode>Brüder</Unicode>
                    </TextEquiv>
                </Word>
                <Word id="tr_1_tl_25_w7" custom="readingOrder {index:6;}">
                    <Coords points="1545,2251 1545,2311 1674,2311 1674,2251"/>
                    <TextEquiv>
                        <Unicode>Kola,</Unicode>
                    </TextEquiv>
                </Word>
                <TextEquiv>
                    <Unicode>Die Liquidierung des Vermögens der Brüder Kola,</Unicode>
                </TextEquiv>
            </TextLine>
            <TextLine id="tr_1_tl_26" custom="readingOrder {index:25;}">
                <Coords points="469,2336 1675,2360 1675,2310 1533,2293 469,2302"/>
                <Baseline points="477,2325 537,2328 597,2328 657,2325 717,2327 777,2327 837,2328 897,2331 957,2331 1017,2334 1077,2334 1137,2336 1197,2337 1257,2335 1317,2337 1377,2337 1437,2338 1497,2340 1557,2340 1617,2340 1677,2340"/>
                <Word id="tr_1_tl_26_w1" custom="readingOrder {index:0;}">
                    <Coords points="474,2285 474,2345 519,2345 519,2285"/>
                    <TextEquiv>
                        <Unicode>die</Unicode>
                    </TextEquiv>
                </Word>
                <Word id="tr_1_tl_26_w2" custom="readingOrder {index:1;}">
                    <Coords points="544,2288 544,2348 650,2348 650,2288"/>
                    <TextEquiv>
                        <Unicode>früher</Unicode>
                    </TextEquiv>
                </Word>
                <Word id="tr_1_tl_26_w3" custom="readingOrder {index:2;}">
                    <Coords points="676,2285 676,2345 695,2345 695,2285"/>
                    <TextEquiv>
                        <Unicode>in</Unicode>
                    </TextEquiv>
                </Word>
                <Word id="tr_1_tl_26_w4" custom="readingOrder {index:3;}">
                    <Coords points="726,2287 726,2347 812,2347 812,2287"/>
                    <TextEquiv>
                        <Unicode>Wien</Unicode>
                    </TextEquiv>
                </Word>
                <Word id="tr_1_tl_26_w5" custom="readingOrder {index:4;}">
                    <Coords points="838,2290 838,2350 919,2350 919,2290"/>
                    <TextEquiv>
                        <Unicode>zirka</Unicode>
                    </TextEquiv>
                </Word>
                <Word id="tr_1_tl_26_w6" custom="readingOrder {index:5;}">
                    <Coords points="944,2293 944,2353 1060,2353 1060,2293"/>
                    <TextEquiv>
                        <Unicode>dreißig</Unicode>
                    </TextEquiv>
                </Word>
                <Word id="tr_1_tl_26_w7" custom="readingOrder {index:6;}">
                    <Coords points="1087,2296 1087,2356 1207,2356 1207,2296"/>
                    <TextEquiv>
                        <Unicode>Häuser</Unicode>
                    </TextEquiv>
                </Word>
                <Word id="tr_1_tl_26_w8" custom="readingOrder {index:7;}">
                    <Coords points="1233,2295 1233,2355 1258,2355 1258,2295"/>
                    <TextEquiv>
                        <Unicode>in</Unicode>
                    </TextEquiv>
                </Word>
                <Word id="tr_1_tl_26_w9" custom="readingOrder {index:8;}">
                    <Coords points="1289,2296 1289,2356 1339,2356 1339,2296"/>
                    <TextEquiv>
                        <Unicode>den</Unicode>
                    </TextEquiv>
                </Word>
                <Word id="tr_1_tl_26_w10" custom="readingOrder {index:9;}">
                    <Coords points="1365,2297 1365,2357 1491,2357 1491,2297"/>
                    <TextEquiv>
                        <Unicode>inneren</Unicode>
                    </TextEquiv>
                </Word>
                <Word id="tr_1_tl_26_w11" custom="readingOrder {index:10;}">
                    <Coords points="1522,2300 1522,2360 1663,2360 1663,2300"/>
                    <TextEquiv>
                        <Unicode>Bezirken</Unicode>
                    </TextEquiv>
                </Word>
                <TextEquiv>
                    <Unicode>die früher in Wien zirka dreißig Häuser in den inneren Bezirken</Unicode>
                </TextEquiv>
            </TextLine>
            <TextLine id="tr_1_tl_27" custom="readingOrder {index:26;}">
                <Coords points="478,2385 1670,2400 1670,2358 1608,2349 478,2343"/>
                <Baseline points="486,2373 545,2375 604,2375 664,2376 723,2377 783,2379 842,2379 901,2380 961,2380 1020,2382 1080,2383 1139,2385 1198,2385 1258,2385 1317,2385 1377,2385 1436,2386 1495,2390 1555,2391 1614,2391 1674,2388"/>
                <Word id="tr_1_tl_27_w1" custom="readingOrder {index:0;}">
                    <Coords points="472,2334 472,2394 615,2394 615,2334"/>
                    <TextEquiv>
                        <Unicode>belaßen,</Unicode>
                    </TextEquiv>
                </Word>
                <Word id="tr_1_tl_27_w2" custom="readingOrder {index:1;}">
                    <Coords points="645,2335 645,2395 679,2395 679,2335"/>
                    <TextEquiv>
                        <Unicode>ist</Unicode>
                    </TextEquiv>
                </Word>
                <Word id="tr_1_tl_27_w3" custom="readingOrder {index:2;}">
                    <Coords points="710,2339 710,2399 867,2399 867,2339"/>
                    <TextEquiv>
                        <Unicode>nunmehr</Unicode>
                    </TextEquiv>
                </Word>
                <Word id="tr_1_tl_27_w4" custom="readingOrder {index:3;}">
                    <Coords points="903,2340 903,2400 927,2400 927,2340"/>
                    <TextEquiv>
                        <Unicode>in</Unicode>
                    </TextEquiv>
                </Word>
                <Word id="tr_1_tl_27_w5" custom="readingOrder {index:4;}">
                    <Coords points="967,2341 967,2401 1036,2401 1036,2341"/>
                    <TextEquiv>
                        <Unicode>ihre</Unicode>
                    </TextEquiv>
                </Word>
                <Word id="tr_1_tl_27_w6" custom="readingOrder {index:5;}">
                    <Coords points="1066,2345 1066,2405 1233,2405 1233,2345"/>
                    <TextEquiv>
                        <Unicode>Endphase</Unicode>
                    </TextEquiv>
                </Word>
                <Word id="tr_1_tl_27_w7" custom="readingOrder {index:6;}">
                    <Coords points="1263,2345 1263,2405 1421,2405 1421,2345"/>
                    <TextEquiv>
                        <Unicode>getreten.</Unicode>
                    </TextEquiv>
                </Word>
                <Word id="tr_1_tl_27_w8" custom="readingOrder {index:7;}">
                    <Coords points="1452,2349 1452,2409 1515,2409 1515,2349"/>
                    <TextEquiv>
                        <Unicode>Für</Unicode>
                    </TextEquiv>
                </Word>
                <Word id="tr_1_tl_27_w9" custom="readingOrder {index:8;}">
                    <Coords points="1550,2351 1550,2411 1663,2411 1663,2351"/>
                    <TextEquiv>
                        <Unicode>gestern</Unicode>
                    </TextEquiv>
                </Word>
                <TextEquiv>
                    <Unicode>belaßen, ist nunmehr in ihre Endphase getreten. Für gestern</Unicode>
                </TextEquiv>
            </TextLine>
            <TextLine id="tr_1_tl_28" custom="readingOrder {index:27;}">
                <Coords points="475,2434 1676,2453 1666,2397 475,2391"/>
                <Baseline points="483,2427 542,2424 602,2424 662,2424 722,2425 782,2427 842,2427 901,2428 961,2428 1021,2427 1081,2430 1141,2432 1201,2433 1261,2433 1320,2433 1380,2433 1440,2436 1500,2438 1560,2439 1620,2439 1680,2442"/>
                <Word id="tr_1_tl_28_w1" custom="readingOrder {index:0;}">
                    <Coords points="479,2385 479,2445 545,2445 545,2385"/>
                    <TextEquiv>
                        <Unicode>war</Unicode>
                    </TextEquiv>
                </Word>
                <Word id="tr_1_tl_28_w2" custom="readingOrder {index:1;}">
                    <Coords points="574,2384 574,2444 636,2444 636,2384"/>
                    <TextEquiv>
                        <Unicode>deim</Unicode>
                    </TextEquiv>
                </Word>
                <Word id="tr_1_tl_28_w3" custom="readingOrder {index:2;}">
                    <Coords points="680,2387 680,2447 942,2447 942,2387"/>
                    <TextEquiv>
                        <Unicode>Handelsgericht</Unicode>
                    </TextEquiv>
                </Word>
                <Word id="tr_1_tl_28_w4" custom="readingOrder {index:3;}">
                    <Coords points="972,2387 972,2447 1019,2447 1019,2387"/>
                    <TextEquiv>
                        <Unicode>die</Unicode>
                    </TextEquiv>
                </Word>
                <Word id="tr_1_tl_28_w5" custom="readingOrder {index:4;}">
                    <Coords points="1048,2392 1048,2452 1287,2452 1287,2392"/>
                    <TextEquiv>
                        <Unicode>Versteigerung</Unicode>
                    </TextEquiv>
                </Word>
                <Word id="tr_1_tl_28_w6" custom="readingOrder {index:5;}">
                    <Coords points="1321,2393 1321,2453 1373,2453 1373,2393"/>
                    <TextEquiv>
                        <Unicode>der</Unicode>
                    </TextEquiv>
                </Word>
                <Word id="tr_1_tl_28_w7" custom="readingOrder {index:6;}">
                    <Coords points="1403,2396 1403,2456 1503,2456 1503,2396"/>
                    <TextEquiv>
                        <Unicode>beiden</Unicode>
                    </TextEquiv>
                </Word>
                <Word id="tr_1_tl_28_w8" custom="readingOrder {index:7;}">
                    <Coords points="1542,2399 1542,2459 1675,2459 1675,2399"/>
                    <TextEquiv>
                        <Unicode>Häuser,</Unicode>
                    </TextEquiv>
                </Word>
                <TextEquiv>
                    <Unicode>war deim Handelsgericht die Versteigerung der beiden Häuser,</Unicode>
                </TextEquiv>
            </TextLine>
            <TextLine id="tr_1_tl_29" custom="readingOrder {index:28;}">
                <Coords points="481,2486 1672,2495 1654,2449 481,2438"/>
                <Baseline points="489,2474 548,2471 607,2471 666,2471 726,2472 785,2474 844,2477 903,2477 963,2477 1022,2477 1081,2480 1140,2480 1200,2483 1259,2482 1318,2482 1377,2483 1437,2483 1496,2483 1555,2485 1614,2486 1674,2483"/>
                <Word id="tr_1_tl_29_w1" custom="readingOrder {index:0;}">
                    <Coords points="481,2434 481,2494 485,2494 485,2434"/>
                    <TextEquiv>
                        <Unicode>1</Unicode>
                    </TextEquiv>
                </Word>
                <Word id="tr_1_tl_29_w2" custom="readingOrder {index:1;}">
                    <Coords points="527,2431 527,2491 662,2491 662,2431"/>
                    <TextEquiv>
                        <Unicode>Bezirk,</Unicode>
                    </TextEquiv>
                </Word>
                <Word id="tr_1_tl_29_w3" custom="readingOrder {index:2;}">
                    <Coords points="683,2435 683,2495 927,2495 927,2435"/>
                    <TextEquiv>
                        <Unicode>Bauernmarkt</Unicode>
                    </TextEquiv>
                </Word>
                <Word id="tr_1_tl_29_w4" custom="readingOrder {index:3;}">
                    <Coords points="953,2437 953,2497 990,2497 990,2437"/>
                    <TextEquiv>
                        <Unicode>8,</Unicode>
                    </TextEquiv>
                </Word>
                <Word id="tr_1_tl_29_w5" custom="readingOrder {index:4;}">
                    <Coords points="1021,2438 1021,2498 1078,2498 1078,2438"/>
                    <TextEquiv>
                        <Unicode>und</Unicode>
                    </TextEquiv>
                </Word>
                <Word id="tr_1_tl_29_w6" custom="readingOrder {index:5;}">
                    <Coords points="1109,2440 1109,2500 1145,2500 1145,2440"/>
                    <TextEquiv>
                        <Unicode>9.</Unicode>
                    </TextEquiv>
                </Word>
                <Word id="tr_1_tl_29_w7" custom="readingOrder {index:6;}">
                    <Coords points="1172,2442 1172,2502 1301,2502 1301,2442"/>
                    <TextEquiv>
                        <Unicode>Bezirk,</Unicode>
                    </TextEquiv>
                </Word>
                <Word id="tr_1_tl_29_w8" custom="readingOrder {index:7;}">
                    <Coords points="1327,2443 1327,2503 1498,2503 1498,2443"/>
                    <TextEquiv>
                        <Unicode>Wasagasse</Unicode>
                    </TextEquiv>
                </Word>
                <Word id="tr_1_tl_29_w9" custom="readingOrder {index:8;}">
                    <Coords points="1531,2445 1531,2505 1587,2505 1587,2445"/>
                    <TextEquiv>
                        <Unicode>31,</Unicode>
                    </TextEquiv>
                </Word>
                <Word id="tr_1_tl_29_w10" custom="readingOrder {index:9;}">
                    <Coords points="1614,2444 1614,2504 1670,2504 1670,2444"/>
                    <TextEquiv>
                        <Unicode>an¬</Unicode>
                    </TextEquiv>
                </Word>
                <TextEquiv>
                    <Unicode>1 Bezirk, Bauernmarkt 8, und 9. Bezirk, Wasagasse 31, an¬</Unicode>
                </TextEquiv>
            </TextLine>
            <TextLine id="tr_1_tl_30" custom="readingOrder {index:29;}">
                <Coords points="475,2535 1673,2545 1673,2506 1599,2491 475,2485"/>
                <Baseline points="483,2525 542,2521 602,2519 662,2522 721,2522 781,2522 841,2525 900,2525 960,2525 1020,2528 1080,2525 1139,2527 1199,2528 1259,2531 1318,2529 1378,2531 1438,2532 1497,2534 1557,2531 1617,2534 1677,2534"/>
                <Word id="tr_1_tl_30_w1" custom="readingOrder {index:0;}">
                    <Coords points="469,2482 469,2542 580,2542 580,2482"/>
                    <TextEquiv>
                        <Unicode>gesetzt.</Unicode>
                    </TextEquiv>
                </Word>
                <Word id="tr_1_tl_30_w2" custom="readingOrder {index:1;}">
                    <Coords points="609,2482 609,2542 744,2542 744,2482"/>
                    <TextEquiv>
                        <Unicode>Sowohl</Unicode>
                    </TextEquiv>
                </Word>
                <Word id="tr_1_tl_30_w3" custom="readingOrder {index:2;}">
                    <Coords points="778,2483 778,2543 831,2543 831,2483"/>
                    <TextEquiv>
                        <Unicode>das</Unicode>
                    </TextEquiv>
                </Word>
                <Word id="tr_1_tl_30_w4" custom="readingOrder {index:3;}">
                    <Coords points="865,2485 865,2545 957,2545 957,2485"/>
                    <TextEquiv>
                        <Unicode>Haus</Unicode>
                    </TextEquiv>
                </Word>
                <Word id="tr_1_tl_30_w5" custom="readingOrder {index:4;}">
                    <Coords points="991,2487 991,2547 1024,2547 1024,2487"/>
                    <TextEquiv>
                        <Unicode>am</Unicode>
                    </TextEquiv>
                </Word>
                <Word id="tr_1_tl_30_w6" custom="readingOrder {index:5;}">
                    <Coords points="1073,2488 1073,2548 1334,2548 1334,2488"/>
                    <TextEquiv>
                        <Unicode>Bauernmarkt,</Unicode>
                    </TextEquiv>
                </Word>
                <Word id="tr_1_tl_30_w7" custom="readingOrder {index:6;}">
                    <Coords points="1359,2491 1359,2551 1406,2551 1406,2491"/>
                    <TextEquiv>
                        <Unicode>als</Unicode>
                    </TextEquiv>
                </Word>
                <Word id="tr_1_tl_30_w8" custom="readingOrder {index:7;}">
                    <Coords points="1441,2493 1441,2553 1508,2553 1508,2493"/>
                    <TextEquiv>
                        <Unicode>auch</Unicode>
                    </TextEquiv>
                </Word>
                <Word id="tr_1_tl_30_w9" custom="readingOrder {index:8;}">
                    <Coords points="1547,2491 1547,2551 1604,2551 1604,2491"/>
                    <TextEquiv>
                        <Unicode>das</Unicode>
                    </TextEquiv>
                </Word>
                <Word id="tr_1_tl_30_w10" custom="readingOrder {index:9;}">
                    <Coords points="1638,2494 1638,2554 1662,2554 1662,2494"/>
                    <TextEquiv>
                        <Unicode>in</Unicode>
                    </TextEquiv>
                </Word>
                <TextEquiv>
                    <Unicode>gesetzt. Sowohl das Haus am Bauernmarkt, als auch das in</Unicode>
                </TextEquiv>
            </TextLine>
            <TextLine id="tr_1_tl_31" custom="readingOrder {index:30;}">
                <Coords points="478,2580 1673,2594 1673,2547 478,2538"/>
                <Baseline points="486,2570 545,2570 605,2570 664,2570 724,2573 783,2573 843,2573 902,2573 962,2573 1021,2573 1081,2574 1141,2576 1200,2579 1260,2579 1319,2579 1379,2576 1438,2579 1498,2579 1557,2579 1617,2580 1677,2582"/>
                <Word id="tr_1_tl_31_w1" custom="readingOrder {index:0;}">
                    <Coords points="473,2530 473,2590 523,2590 523,2530"/>
                    <TextEquiv>
                        <Unicode>der</Unicode>
                    </TextEquiv>
                </Word>
                <Word id="tr_1_tl_31_w2" custom="readingOrder {index:1;}">
                    <Coords points="559,2530 559,2590 735,2590 735,2530"/>
                    <TextEquiv>
                        <Unicode>Wasagasse</Unicode>
                    </TextEquiv>
                </Word>
                <Word id="tr_1_tl_31_w3" custom="readingOrder {index:2;}">
                    <Coords points="766,2533 766,2593 826,2593 826,2533"/>
                    <TextEquiv>
                        <Unicode>sind</Unicode>
                    </TextEquiv>
                </Word>
                <Word id="tr_1_tl_31_w4" custom="readingOrder {index:3;}">
                    <Coords points="867,2533 867,2593 922,2593 922,2533"/>
                    <TextEquiv>
                        <Unicode>zur</Unicode>
                    </TextEquiv>
                </Word>
                <Word id="tr_1_tl_31_w5" custom="readingOrder {index:4;}">
                    <Coords points="953,2533 953,2593 1064,2593 1064,2533"/>
                    <TextEquiv>
                        <Unicode>Hälfte</Unicode>
                    </TextEquiv>
                </Word>
                <Word id="tr_1_tl_31_w6" custom="readingOrder {index:5;}">
                    <Coords points="1095,2537 1095,2597 1256,2597 1256,2537"/>
                    <TextEquiv>
                        <Unicode>Eigentum</Unicode>
                    </TextEquiv>
                </Word>
                <Word id="tr_1_tl_31_w7" custom="readingOrder {index:6;}">
                    <Coords points="1307,2538 1307,2598 1357,2598 1357,2538"/>
                    <TextEquiv>
                        <Unicode>der</Unicode>
                    </TextEquiv>
                </Word>
                <Word id="tr_1_tl_31_w8" custom="readingOrder {index:7;}">
                    <Coords points="1393,2539 1393,2599 1661,2599 1661,2539"/>
                    <TextEquiv>
                        <Unicode>minderjährigen</Unicode>
                    </TextEquiv>
                </Word>
                <TextEquiv>
                    <Unicode>der Wasagasse sind zur Hälfte Eigentum der minderjährigen</Unicode>
                </TextEquiv>
            </TextLine>
            <TextLine id="tr_1_tl_32" custom="readingOrder {index:31;}">
                <Coords points="475,2631 1673,2646 1673,2595 474,2574"/>
                <Baseline points="483,2618 542,2618 602,2618 662,2621 721,2621 781,2621 841,2621 900,2621 960,2623 1020,2624 1080,2624 1139,2626 1199,2627 1259,2627 1318,2627 1378,2627 1438,2627 1497,2629 1557,2633 1617,2631 1677,2633"/>
                <Word id="tr_1_tl_32_w1" custom="readingOrder {index:0;}">
                    <Coords points="468,2578 468,2638 596,2638 596,2578"/>
                    <TextEquiv>
                        <Unicode>Tochter</Unicode>
                    </TextEquiv>
                </Word>
                <Word id="tr_1_tl_32_w2" custom="readingOrder {index:1;}">
                    <Coords points="627,2581 627,2641 760,2641 760,2581"/>
                    <TextEquiv>
                        <Unicode>Richard</Unicode>
                    </TextEquiv>
                </Word>
                <Word id="tr_1_tl_32_w3" custom="readingOrder {index:2;}">
                    <Coords points="790,2581 790,2641 889,2641 889,2581"/>
                    <TextEquiv>
                        <Unicode>Kolas</Unicode>
                    </TextEquiv>
                </Word>
                <Word id="tr_1_tl_32_w4" custom="readingOrder {index:3;}">
                    <Coords points="929,2582 929,2642 983,2642 983,2582"/>
                    <TextEquiv>
                        <Unicode>und</Unicode>
                    </TextEquiv>
                </Word>
                <Word id="tr_1_tl_32_w5" custom="readingOrder {index:4;}">
                    <Coords points="1018,2584 1018,2644 1072,2644 1072,2584"/>
                    <TextEquiv>
                        <Unicode>zur</Unicode>
                    </TextEquiv>
                </Word>
                <Word id="tr_1_tl_32_w6" custom="readingOrder {index:5;}">
                    <Coords points="1102,2586 1102,2646 1236,2646 1236,2586"/>
                    <TextEquiv>
                        <Unicode>anderen</Unicode>
                    </TextEquiv>
                </Word>
                <Word id="tr_1_tl_32_w7" custom="readingOrder {index:6;}">
                    <Coords points="1271,2587 1271,2647 1379,2647 1379,2587"/>
                    <TextEquiv>
                        <Unicode>Hälfte</Unicode>
                    </TextEquiv>
                </Word>
                <Word id="tr_1_tl_32_w8" custom="readingOrder {index:7;}">
                    <Coords points="1409,2588 1409,2648 1568,2648 1568,2588"/>
                    <TextEquiv>
                        <Unicode>Eigentum</Unicode>
                    </TextEquiv>
                </Word>
                <Word id="tr_1_tl_32_w9" custom="readingOrder {index:8;}">
                    <Coords points="1618,2591 1618,2651 1666,2651 1666,2591"/>
                    <TextEquiv>
                        <Unicode>der</Unicode>
                    </TextEquiv>
                </Word>
                <TextEquiv>
                    <Unicode>Tochter Richard Kolas und zur anderen Hälfte Eigentum der</Unicode>
                </TextEquiv>
            </TextLine>
            <TextLine id="tr_1_tl_33" custom="readingOrder {index:32;}">
                <Coords points="472,2678 1666,2699 1666,2642 471,2628"/>
                <Baseline points="480,2663 539,2666 599,2666 658,2666 718,2669 777,2669 837,2672 896,2672 956,2672 1015,2672 1075,2672 1135,2673 1194,2674 1254,2674 1313,2676 1373,2674 1432,2676 1492,2676 1551,2677 1611,2677 1671,2677"/>
                <Word id="tr_1_tl_33_w1" custom="readingOrder {index:0;}">
                    <Coords points="470,2626 470,2686 609,2686 609,2626"/>
                    <TextEquiv>
                        <Unicode>Brüder.</Unicode>
                    </TextEquiv>
                </Word>
                <Word id="tr_1_tl_33_w2" custom="readingOrder {index:1;}">
                    <Coords points="634,2626 634,2686 695,2686 695,2626"/>
                    <TextEquiv>
                        <Unicode>Bei</Unicode>
                    </TextEquiv>
                </Word>
                <Word id="tr_1_tl_33_w3" custom="readingOrder {index:2;}">
                    <Coords points="725,2629 725,2689 825,2689 825,2629"/>
                    <TextEquiv>
                        <Unicode>beiden</Unicode>
                    </TextEquiv>
                </Word>
                <Word id="tr_1_tl_33_w4" custom="readingOrder {index:3;}">
                    <Coords points="864,2632 864,2692 998,2692 998,2632"/>
                    <TextEquiv>
                        <Unicode>Häusern</Unicode>
                    </TextEquiv>
                </Word>
                <Word id="tr_1_tl_33_w5" custom="readingOrder {index:4;}">
                    <Coords points="1037,2632 1037,2692 1104,2692 1104,2632"/>
                    <TextEquiv>
                        <Unicode>war</Unicode>
                    </TextEquiv>
                </Word>
                <Word id="tr_1_tl_33_w6" custom="readingOrder {index:5;}">
                    <Coords points="1138,2633 1138,2693 1200,2693 1200,2633"/>
                    <TextEquiv>
                        <Unicode>nur</Unicode>
                    </TextEquiv>
                </Word>
                <Word id="tr_1_tl_33_w7" custom="readingOrder {index:6;}">
                    <Coords points="1230,2634 1230,2694 1282,2694 1282,2634"/>
                    <TextEquiv>
                        <Unicode>der</Unicode>
                    </TextEquiv>
                </Word>
                <Word id="tr_1_tl_33_w8" custom="readingOrder {index:7;}">
                    <Coords points="1311,2634 1311,2694 1421,2694 1421,2634"/>
                    <TextEquiv>
                        <Unicode>Anteil</Unicode>
                    </TextEquiv>
                </Word>
                <Word id="tr_1_tl_33_w9" custom="readingOrder {index:8;}">
                    <Coords points="1451,2636 1451,2696 1503,2696 1503,2636"/>
                    <TextEquiv>
                        <Unicode>der</Unicode>
                    </TextEquiv>
                </Word>
                <Word id="tr_1_tl_33_w10" custom="readingOrder {index:9;}">
                    <Coords points="1532,2637 1532,2697 1661,2697 1661,2637"/>
                    <TextEquiv>
                        <Unicode>Brüder</Unicode>
                    </TextEquiv>
                </Word>
                <TextEquiv>
                    <Unicode>Brüder. Bei beiden Häusern war nur der Anteil der Brüder</Unicode>
                </TextEquiv>
            </TextLine>
            <TextLine id="tr_1_tl_34" custom="readingOrder {index:33;}">
                <Coords points="469,2740 688,2717 772,2741 1234,2743 1234,2705 1171,2683 469,2680"/>
                <Baseline points="477,2713 515,2716 553,2716 591,2716 629,2716 667,2716 705,2716 743,2716 781,2716 819,2716 857,2717 895,2719 933,2720 971,2722 1009,2719 1047,2719 1085,2721 1123,2722 1161,2721 1199,2719 1238,2722"/>
                <Word id="tr_1_tl_34_w1" custom="readingOrder {index:0;}">
                    <Coords points="473,2675 473,2735 547,2735 547,2675"/>
                    <TextEquiv>
                        <Unicode>Kola</Unicode>
                    </TextEquiv>
                </Word>
                <Word id="tr_1_tl_34_w2" custom="readingOrder {index:1;}">
                    <Coords points="588,2676 588,2736 643,2736 643,2676"/>
                    <TextEquiv>
                        <Unicode>zur</Unicode>
                    </TextEquiv>
                </Word>
                <Word id="tr_1_tl_34_w3" custom="readingOrder {index:2;}">
                    <Coords points="678,2676 678,2736 923,2736 923,2676"/>
                    <TextEquiv>
                        <Unicode>Versteigerung</Unicode>
                    </TextEquiv>
                </Word>
                <Word id="tr_1_tl_34_w4" custom="readingOrder {index:3;}">
                    <Coords points="963,2681 963,2741 1237,2741 1237,2681"/>
                    <TextEquiv>
                        <Unicode>ausgeschrieben.</Unicode>
                    </TextEquiv>
                </Word>
                <TextEquiv>
                    <Unicode>Kola zur Versteigerung ausgeschrieben.</Unicode>
                </TextEquiv>
            </TextLine>
            <TextLine id="tr_1_tl_35" custom="readingOrder {index:34;}">
                <Coords points="570,2767 1673,2781 1673,2723 1613,2716 570,2731"/>
                <Baseline points="579,2764 633,2764 688,2764 743,2766 798,2764 853,2767 908,2766 963,2766 1018,2767 1073,2767 1128,2770 1182,2771 1237,2773 1292,2770 1347,2770 1402,2771 1457,2773 1512,2773 1567,2773 1622,2775 1677,2773"/>
                <Word id="tr_1_tl_35_w1" custom="readingOrder {index:0;}">
                    <Coords points="569,2724 569,2784 673,2784 673,2724"/>
                    <TextEquiv>
                        <Unicode>Knapp</Unicode>
                    </TextEquiv>
                </Word>
                <Word id="tr_1_tl_35_w2" custom="readingOrder {index:1;}">
                    <Coords points="708,2725 708,2785 762,2785 762,2725"/>
                    <TextEquiv>
                        <Unicode>vor</Unicode>
                    </TextEquiv>
                </Word>
                <Word id="tr_1_tl_35_w3" custom="readingOrder {index:2;}">
                    <Coords points="798,2725 798,2785 847,2785 847,2725"/>
                    <TextEquiv>
                        <Unicode>der</Unicode>
                    </TextEquiv>
                </Word>
                <Word id="tr_1_tl_35_w4" custom="readingOrder {index:3;}">
                    <Coords points="877,2726 877,2786 1120,2786 1120,2726"/>
                    <TextEquiv>
                        <Unicode>Versteigerung</Unicode>
                    </TextEquiv>
                </Word>
                <Word id="tr_1_tl_35_w5" custom="readingOrder {index:4;}">
                    <Coords points="1155,2732 1155,2792 1264,2792 1264,2732"/>
                    <TextEquiv>
                        <Unicode>wurde</Unicode>
                    </TextEquiv>
                </Word>
                <Word id="tr_1_tl_35_w6" custom="readingOrder {index:5;}">
                    <Coords points="1295,2730 1295,2790 1339,2790 1339,2730"/>
                    <TextEquiv>
                        <Unicode>die</Unicode>
                    </TextEquiv>
                </Word>
                <Word id="tr_1_tl_35_w7" custom="readingOrder {index:6;}">
                    <Coords points="1369,2733 1369,2793 1547,2793 1547,2733"/>
                    <TextEquiv>
                        <Unicode>öffentliche</Unicode>
                    </TextEquiv>
                </Word>
                <Word id="tr_1_tl_35_w8" custom="readingOrder {index:7;}">
                    <Coords points="1578,2735 1578,2795 1666,2795 1666,2735"/>
                    <TextEquiv>
                        <Unicode>Feil¬</Unicode>
                    </TextEquiv>
                </Word>
                <TextEquiv>
                    <Unicode>Knapp vor der Versteigerung wurde die öffentliche Feil¬</Unicode>
                </TextEquiv>
            </TextLine>
            <TextLine id="tr_1_tl_36" custom="readingOrder {index:35;}">
                <Coords points="463,2814 1669,2839 1658,2787 462,2781"/>
                <Baseline points="471,2812 531,2810 591,2812 651,2812 711,2815 771,2815 831,2815 891,2815 951,2817 1011,2815 1071,2818 1131,2820 1191,2821 1251,2820 1311,2820 1371,2821 1431,2821 1491,2821 1551,2824 1611,2824 1671,2824"/>
                <Word id="tr_1_tl_36_w1" custom="readingOrder {index:0;}">
                    <Coords points="461,2770 461,2830 584,2830 584,2770"/>
                    <TextEquiv>
                        <Unicode>bietung</Unicode>
                    </TextEquiv>
                </Word>
                <Word id="tr_1_tl_36_w2" custom="readingOrder {index:1;}">
                    <Coords points="620,2772 620,2832 674,2832 674,2772"/>
                    <TextEquiv>
                        <Unicode>der</Unicode>
                    </TextEquiv>
                </Word>
                <Word id="tr_1_tl_36_w3" custom="readingOrder {index:2;}">
                    <Coords points="699,2775 699,2835 896,2835 896,2775"/>
                    <TextEquiv>
                        <Unicode>Haushälfte</Unicode>
                    </TextEquiv>
                </Word>
                <Word id="tr_1_tl_36_w4" custom="readingOrder {index:3;}">
                    <Coords points="926,2776 926,2836 960,2836 960,2776"/>
                    <TextEquiv>
                        <Unicode>am</Unicode>
                    </TextEquiv>
                </Word>
                <Word id="tr_1_tl_36_w5" custom="readingOrder {index:4;}">
                    <Coords points="1011,2780 1011,2840 1252,2840 1252,2780"/>
                    <TextEquiv>
                        <Unicode>Bauernmarkt</Unicode>
                    </TextEquiv>
                </Word>
                <Word id="tr_1_tl_36_w6" custom="readingOrder {index:5;}">
                    <Coords points="1278,2780 1278,2840 1401,2840 1401,2780"/>
                    <TextEquiv>
                        <Unicode>sistiert,</Unicode>
                    </TextEquiv>
                </Word>
                <Word id="tr_1_tl_36_w7" custom="readingOrder {index:6;}">
                    <Coords points="1426,2781 1426,2841 1455,2841 1455,2781"/>
                    <TextEquiv>
                        <Unicode>da</Unicode>
                    </TextEquiv>
                </Word>
                <Word id="tr_1_tl_36_w8" custom="readingOrder {index:7;}">
                    <Coords points="1490,2784 1490,2844 1668,2844 1668,2784"/>
                    <TextEquiv>
                        <Unicode>dennächst</Unicode>
                    </TextEquiv>
                </Word>
                <TextEquiv>
                    <Unicode>bietung der Haushälfte am Bauernmarkt sistiert, da dennächst</Unicode>
                </TextEquiv>
            </TextLine>
            <TextLine id="tr_1_tl_37" custom="readingOrder {index:36;}">
                <Coords points="463,2867 1673,2891 1655,2839 1485,2829 463,2838"/>
                <Baseline points="471,2860 531,2862 591,2862 651,2860 712,2863 772,2863 832,2866 893,2866 953,2864 1013,2866 1074,2867 1134,2869 1194,2869 1254,2870 1315,2869 1375,2871 1435,2869 1496,2869 1556,2872 1616,2874 1677,2872"/>
                <Word id="tr_1_tl_37_w1" custom="readingOrder {index:0;}">
                    <Coords points="463,2821 463,2881 543,2881 543,2821"/>
                    <TextEquiv>
                        <Unicode>nicht</Unicode>
                    </TextEquiv>
                </Word>
                <Word id="tr_1_tl_37_w2" custom="readingOrder {index:1;}">
                    <Coords points="569,2821 569,2881 624,2881 624,2821"/>
                    <TextEquiv>
                        <Unicode>nur</Unicode>
                    </TextEquiv>
                </Word>
                <Word id="tr_1_tl_37_w3" custom="readingOrder {index:2;}">
                    <Coords points="650,2821 650,2881 696,2881 696,2821"/>
                    <TextEquiv>
                        <Unicode>die</Unicode>
                    </TextEquiv>
                </Word>
                <Word id="tr_1_tl_37_w4" custom="readingOrder {index:3;}">
                    <Coords points="722,2823 722,2883 848,2883 848,2823"/>
                    <TextEquiv>
                        <Unicode>Hälfte,</Unicode>
                    </TextEquiv>
                </Word>
                <Word id="tr_1_tl_37_w5" custom="readingOrder {index:4;}">
                    <Coords points="869,2824 869,2884 990,2884 990,2824"/>
                    <TextEquiv>
                        <Unicode>sondern</Unicode>
                    </TextEquiv>
                </Word>
                <Word id="tr_1_tl_37_w6" custom="readingOrder {index:5;}">
                    <Coords points="1026,2826 1026,2886 1077,2886 1077,2826"/>
                    <TextEquiv>
                        <Unicode>das</Unicode>
                    </TextEquiv>
                </Word>
                <Word id="tr_1_tl_37_w7" custom="readingOrder {index:6;}">
                    <Coords points="1103,2829 1103,2889 1204,2889 1204,2829"/>
                    <TextEquiv>
                        <Unicode>ganze</Unicode>
                    </TextEquiv>
                </Word>
                <Word id="tr_1_tl_37_w8" custom="readingOrder {index:7;}">
                    <Coords points="1225,2829 1225,2889 1316,2889 1316,2829"/>
                    <TextEquiv>
                        <Unicode>Haus</Unicode>
                    </TextEquiv>
                </Word>
                <Word id="tr_1_tl_37_w9" custom="readingOrder {index:8;}">
                    <Coords points="1342,2830 1342,2890 1397,2890 1397,2830"/>
                    <TextEquiv>
                        <Unicode>zur</Unicode>
                    </TextEquiv>
                </Word>
                <Word id="tr_1_tl_37_w10" custom="readingOrder {index:9;}">
                    <Coords points="1423,2831 1423,2891 1661,2891 1661,2831"/>
                    <TextEquiv>
                        <Unicode>Versteigerung</Unicode>
                    </TextEquiv>
                </Word>
                <TextEquiv>
                    <Unicode>nicht nur die Hälfte, sondern das ganze Haus zur Versteigerung</Unicode>
                </TextEquiv>
            </TextLine>
            <TextLine id="tr_1_tl_38" custom="readingOrder {index:37;}">
                <Coords points="469,2924 1631,2941 1670,2891 468,2874"/>
                <Baseline points="477,2913 536,2910 596,2910 656,2907 716,2910 776,2910 836,2910 895,2913 955,2915 1015,2913 1075,2916 1135,2916 1195,2916 1255,2916 1314,2918 1374,2916 1434,2917 1494,2919 1554,2922 1614,2919 1674,2919"/>
                <Word id="tr_1_tl_38_w1" custom="readingOrder {index:0;}">
                    <Coords points="467,2870 467,2930 619,2930 619,2870"/>
                    <TextEquiv>
                        <Unicode>gelangen</Unicode>
                    </TextEquiv>
                </Word>
                <Word id="tr_1_tl_38_w2" custom="readingOrder {index:1;}">
                    <Coords points="655,2869 655,2929 747,2929 747,2869"/>
                    <TextEquiv>
                        <Unicode>wird.</Unicode>
                    </TextEquiv>
                </Word>
                <Word id="tr_1_tl_38_w3" custom="readingOrder {index:2;}">
                    <Coords points="772,2870 772,2930 817,2930 817,2870"/>
                    <TextEquiv>
                        <Unicode>Es</Unicode>
                    </TextEquiv>
                </Word>
                <Word id="tr_1_tl_38_w4" custom="readingOrder {index:3;}">
                    <Coords points="847,2872 847,2932 920,2932 920,2872"/>
                    <TextEquiv>
                        <Unicode>fand</Unicode>
                    </TextEquiv>
                </Word>
                <Word id="tr_1_tl_38_w5" custom="readingOrder {index:4;}">
                    <Coords points="950,2873 950,2933 1087,2933 1087,2873"/>
                    <TextEquiv>
                        <Unicode>lediglich</Unicode>
                    </TextEquiv>
                </Word>
                <Word id="tr_1_tl_38_w6" custom="readingOrder {index:5;}">
                    <Coords points="1117,2876 1117,2936 1166,2936 1166,2876"/>
                    <TextEquiv>
                        <Unicode>die</Unicode>
                    </TextEquiv>
                </Word>
                <Word id="tr_1_tl_38_w7" custom="readingOrder {index:6;}">
                    <Coords points="1196,2876 1196,2936 1359,2936 1359,2876"/>
                    <TextEquiv>
                        <Unicode>Exekution</Unicode>
                    </TextEquiv>
                </Word>
                <Word id="tr_1_tl_38_w8" custom="readingOrder {index:7;}">
                    <Coords points="1398,2876 1398,2936 1447,2936 1447,2876"/>
                    <TextEquiv>
                        <Unicode>der</Unicode>
                    </TextEquiv>
                </Word>
                <Word id="tr_1_tl_38_w9" custom="readingOrder {index:8;}">
                    <Coords points="1477,2881 1477,2941 1668,2941 1668,2881"/>
                    <TextEquiv>
                        <Unicode>Haushälfte</Unicode>
                    </TextEquiv>
                </Word>
                <TextEquiv>
                    <Unicode>gelangen wird. Es fand lediglich die Exekution der Haushälfte</Unicode>
                </TextEquiv>
            </TextLine>
            <TextLine id="tr_1_tl_39" custom="readingOrder {index:38;}">
                <Coords points="478,2969 1672,2984 1652,2930 478,2925"/>
                <Baseline points="486,2958 545,2956 604,2958 664,2958 723,2961 783,2959 842,2958 901,2961 961,2961 1020,2964 1080,2965 1139,2965 1198,2967 1258,2967 1317,2967 1377,2967 1436,2968 1495,2968 1555,2970 1614,2970 1674,2970"/>
                <Word id="tr_1_tl_39_w1" custom="readingOrder {index:0;}">
                    <Coords points="472,2918 472,2978 496,2978 496,2918"/>
                    <TextEquiv>
                        <Unicode>in</Unicode>
                    </TextEquiv>
                </Word>
                <Word id="tr_1_tl_39_w2" custom="readingOrder {index:1;}">
                    <Coords points="536,2916 536,2976 585,2976 585,2916"/>
                    <TextEquiv>
                        <Unicode>der</Unicode>
                    </TextEquiv>
                </Word>
                <Word id="tr_1_tl_39_w3" custom="readingOrder {index:2;}">
                    <Coords points="625,2920 625,2980 796,2980 796,2920"/>
                    <TextEquiv>
                        <Unicode>Wasagasse</Unicode>
                    </TextEquiv>
                </Word>
                <Word id="tr_1_tl_39_w4" custom="readingOrder {index:3;}">
                    <Coords points="831,2919 831,2979 919,2979 919,2919"/>
                    <TextEquiv>
                        <Unicode>statt.</Unicode>
                    </TextEquiv>
                </Word>
                <Word id="tr_1_tl_39_w5" custom="readingOrder {index:4;}">
                    <Coords points="949,2923 949,2983 1056,2983 1056,2923"/>
                    <TextEquiv>
                        <Unicode>Dafür</Unicode>
                    </TextEquiv>
                </Word>
                <Word id="tr_1_tl_39_w6" custom="readingOrder {index:5;}">
                    <Coords points="1087,2925 1087,2985 1199,2985 1199,2925"/>
                    <TextEquiv>
                        <Unicode>fanden</Unicode>
                    </TextEquiv>
                </Word>
                <Word id="tr_1_tl_39_w7" custom="readingOrder {index:6;}">
                    <Coords points="1239,2927 1239,2987 1287,2987 1287,2927"/>
                    <TextEquiv>
                        <Unicode>sich</Unicode>
                    </TextEquiv>
                </Word>
                <Word id="tr_1_tl_39_w8" custom="readingOrder {index:7;}">
                    <Coords points="1327,2927 1327,2987 1400,2987 1400,2927"/>
                    <TextEquiv>
                        <Unicode>etwa</Unicode>
                    </TextEquiv>
                </Word>
                <Word id="tr_1_tl_39_w9" custom="readingOrder {index:8;}">
                    <Coords points="1440,2928 1440,2988 1484,2988 1484,2928"/>
                    <TextEquiv>
                        <Unicode>ein</Unicode>
                    </TextEquiv>
                </Word>
                <Word id="tr_1_tl_39_w10" custom="readingOrder {index:9;}">
                    <Coords points="1529,2930 1529,2990 1661,2990 1661,2930"/>
                    <TextEquiv>
                        <Unicode>Dutzend</Unicode>
                    </TextEquiv>
                </Word>
                <TextEquiv>
                    <Unicode>in der Wasagasse statt. Dafür fanden sich etwa ein Dutzend</Unicode>
                </TextEquiv>
            </TextLine>
            <TextLine id="tr_1_tl_40" custom="readingOrder {index:39;}">
                <Coords points="472,3022 1670,3027 1654,2981 472,2971"/>
                <Baseline points="480,3012 539,3006 599,3006 659,3009 718,3011 778,3011 838,3009 897,3011 957,3011 1017,3012 1077,3014 1136,3014 1196,3015 1256,3015 1315,3015 1375,3015 1435,3016 1494,3018 1554,3018 1614,3019 1674,3018"/>
                <Word id="tr_1_tl_40_w1" custom="readingOrder {index:0;}">
                    <Coords points="466,2966 466,3026 717,3026 717,2966"/>
                    <TextEquiv>
                        <Unicode>Interessenten,</Unicode>
                    </TextEquiv>
                </Word>
                <Word id="tr_1_tl_40_w2" custom="readingOrder {index:1;}">
                    <Coords points="767,2970 767,3030 816,3030 816,2970"/>
                    <TextEquiv>
                        <Unicode>die</Unicode>
                    </TextEquiv>
                </Word>
                <Word id="tr_1_tl_40_w3" custom="readingOrder {index:2;}">
                    <Coords points="851,2970 851,3030 905,3030 905,2970"/>
                    <TextEquiv>
                        <Unicode>das</Unicode>
                    </TextEquiv>
                </Word>
                <Word id="tr_1_tl_40_w4" custom="readingOrder {index:3;}">
                    <Coords points="945,2971 945,3031 1072,3031 1072,2971"/>
                    <TextEquiv>
                        <Unicode>Vadium</Unicode>
                    </TextEquiv>
                </Word>
                <Word id="tr_1_tl_40_w5" custom="readingOrder {index:4;}">
                    <Coords points="1122,2975 1122,3035 1275,3035 1275,2975"/>
                    <TextEquiv>
                        <Unicode>erlegten.</Unicode>
                    </TextEquiv>
                </Word>
                <Word id="tr_1_tl_40_w6" custom="readingOrder {index:5;}">
                    <Coords points="1324,2975 1324,3035 1393,3035 1393,2975"/>
                    <TextEquiv>
                        <Unicode>Der</Unicode>
                    </TextEquiv>
                </Word>
                <Word id="tr_1_tl_40_w7" custom="readingOrder {index:6;}">
                    <Coords points="1448,2978 1448,3038 1664,3038 1664,2978"/>
                    <TextEquiv>
                        <Unicode>Ausruspreis</Unicode>
                    </TextEquiv>
                </Word>
                <TextEquiv>
                    <Unicode>Interessenten, die das Vadium erlegten. Der Ausruspreis</Unicode>
                </TextEquiv>
            </TextLine>
            <TextLine id="tr_1_tl_41" custom="readingOrder {index:40;}">
                <Coords points="463,3064 1670,3079 1670,3027 463,3021"/>
                <Baseline points="471,3057 531,3057 591,3057 651,3057 711,3057 771,3057 831,3057 892,3060 952,3060 1012,3063 1072,3063 1132,3063 1192,3066 1252,3065 1313,3063 1373,3063 1433,3063 1493,3065 1553,3066 1613,3066 1674,3063"/>
                <Word id="tr_1_tl_41_w1" custom="readingOrder {index:0;}">
                    <Coords points="463,3017 463,3077 573,3077 573,3017"/>
                    <TextEquiv>
                        <Unicode>betrug</Unicode>
                    </TextEquiv>
                </Word>
                <Word id="tr_1_tl_41_w2" custom="readingOrder {index:1;}">
                    <Coords points="609,3017 609,3077 720,3077 720,3017"/>
                    <TextEquiv>
                        <Unicode>47.000</Unicode>
                    </TextEquiv>
                </Word>
                <Word id="tr_1_tl_41_w3" custom="readingOrder {index:2;}">
                    <Coords points="756,3017 756,3077 913,3077 913,3017"/>
                    <TextEquiv>
                        <Unicode>Schilling</Unicode>
                    </TextEquiv>
                </Word>
                <Word id="tr_1_tl_41_w4" custom="readingOrder {index:3;}">
                    <Coords points="954,3021 954,3081 1009,3081 1009,3021"/>
                    <TextEquiv>
                        <Unicode>und</Unicode>
                    </TextEquiv>
                </Word>
                <Word id="tr_1_tl_41_w5" custom="readingOrder {index:4;}">
                    <Coords points="1050,3023 1050,3083 1106,3083 1106,3023"/>
                    <TextEquiv>
                        <Unicode>das</Unicode>
                    </TextEquiv>
                </Word>
                <Word id="tr_1_tl_41_w6" custom="readingOrder {index:5;}">
                    <Coords points="1142,3025 1142,3085 1247,3085 1247,3025"/>
                    <TextEquiv>
                        <Unicode>Gebot</Unicode>
                    </TextEquiv>
                </Word>
                <Word id="tr_1_tl_41_w7" custom="readingOrder {index:6;}">
                    <Coords points="1279,3023 1279,3083 1344,3083 1344,3023"/>
                    <TextEquiv>
                        <Unicode>stieg</Unicode>
                    </TextEquiv>
                </Word>
                <Word id="tr_1_tl_41_w8" custom="readingOrder {index:7;}">
                    <Coords points="1385,3023 1385,3083 1430,3083 1430,3023"/>
                    <TextEquiv>
                        <Unicode>bis</Unicode>
                    </TextEquiv>
                </Word>
                <Word id="tr_1_tl_41_w9" custom="readingOrder {index:8;}">
                    <Coords points="1466,3025 1466,3085 1522,3085 1522,3025"/>
                    <TextEquiv>
                        <Unicode>auf</Unicode>
                    </TextEquiv>
                </Word>
                <Word id="tr_1_tl_41_w10" custom="readingOrder {index:9;}">
                    <Coords points="1553,3026 1553,3086 1663,3086 1663,3026"/>
                    <TextEquiv>
                        <Unicode>75.500</Unicode>
                    </TextEquiv>
                </Word>
                <TextEquiv>
                    <Unicode>betrug 47.000 Schilling und das Gebot stieg bis auf 75.500</Unicode>
                </TextEquiv>
            </TextLine>
            <TextLine id="tr_1_tl_42" custom="readingOrder {index:41;}">
                <Coords points="466,3111 1664,3128 1664,3078 466,3064"/>
                <Baseline points="474,3104 533,3106 593,3106 653,3104 712,3105 772,3105 832,3107 891,3106 951,3110 1011,3110 1071,3110 1130,3112 1190,3110 1250,3112 1309,3112 1369,3113 1429,3113 1488,3113 1548,3113 1608,3116 1668,3113"/>
                <Word id="tr_1_tl_42_w1" custom="readingOrder {index:0;}">
                    <Coords points="460,3066 460,3126 627,3126 627,3066"/>
                    <TextEquiv>
                        <Unicode>Schilling.</Unicode>
                    </TextEquiv>
                </Word>
                <Word id="tr_1_tl_42_w2" custom="readingOrder {index:1;}">
                    <Coords points="657,3064 657,3124 696,3124 696,3064"/>
                    <TextEquiv>
                        <Unicode>Um</Unicode>
                    </TextEquiv>
                </Word>
                <Word id="tr_1_tl_42_w3" custom="readingOrder {index:2;}">
                    <Coords points="751,3065 751,3125 844,3125 844,3065"/>
                    <TextEquiv>
                        <Unicode>diesen</Unicode>
                    </TextEquiv>
                </Word>
                <Word id="tr_1_tl_42_w4" custom="readingOrder {index:3;}">
                    <Coords points="884,3069 884,3129 1002,3129 1002,3069"/>
                    <TextEquiv>
                        <Unicode>Betrag</Unicode>
                    </TextEquiv>
                </Word>
                <Word id="tr_1_tl_42_w5" custom="readingOrder {index:4;}">
                    <Coords points="1042,3071 1042,3131 1164,3131 1164,3071"/>
                    <TextEquiv>
                        <Unicode>wurden</Unicode>
                    </TextEquiv>
                </Word>
                <Word id="tr_1_tl_42_w6" custom="readingOrder {index:5;}">
                    <Coords points="1205,3071 1205,3131 1254,3131 1254,3071"/>
                    <TextEquiv>
                        <Unicode>die</Unicode>
                    </TextEquiv>
                </Word>
                <Word id="tr_1_tl_42_w7" custom="readingOrder {index:6;}">
                    <Coords points="1289,3072 1289,3132 1416,3132 1416,3072"/>
                    <TextEquiv>
                        <Unicode>Brüder</Unicode>
                    </TextEquiv>
                </Word>
                <Word id="tr_1_tl_42_w8" custom="readingOrder {index:7;}">
                    <Coords points="1452,3073 1452,3133 1554,3133 1554,3073"/>
                    <TextEquiv>
                        <Unicode>David</Unicode>
                    </TextEquiv>
                </Word>
                <Word id="tr_1_tl_42_w9" custom="readingOrder {index:8;}">
                    <Coords points="1594,3075 1594,3135 1653,3135 1653,3075"/>
                    <TextEquiv>
                        <Unicode>und</Unicode>
                    </TextEquiv>
                </Word>
                <TextEquiv>
                    <Unicode>Schilling. Um diesen Betrag wurden die Brüder David und</Unicode>
                </TextEquiv>
            </TextLine>
            <TextLine id="tr_1_tl_43" custom="readingOrder {index:42;}">
                <Coords points="466,3174 1664,3173 1664,3126 1586,3117 466,3111"/>
                <Baseline points="474,3158 533,3155 593,3153 653,3152 712,3155 772,3155 832,3155 891,3158 951,3158 1011,3161 1071,3158 1130,3160 1190,3161 1250,3161 1309,3163 1369,3164 1429,3164 1488,3164 1548,3164 1608,3164 1668,3164"/>
                <Word id="tr_1_tl_43_w1" custom="readingOrder {index:0;}">
                    <Coords points="466,3115 466,3175 561,3175 561,3115"/>
                    <TextEquiv>
                        <Unicode>Jakob</Unicode>
                    </TextEquiv>
                </Word>
                <Word id="tr_1_tl_43_w2" custom="readingOrder {index:1;}">
                    <Coords points="588,3112 588,3172 747,3172 747,3112"/>
                    <TextEquiv>
                        <Unicode>Finzi,</Unicode>
                    </TextEquiv>
                </Word>
                <Word id="tr_1_tl_43_w3" custom="readingOrder {index:2;}">
                    <Coords points="769,3115 769,3175 811,3175 811,3115"/>
                    <TextEquiv>
                        <Unicode>die</Unicode>
                    </TextEquiv>
                </Word>
                <Word id="tr_1_tl_43_w4" custom="readingOrder {index:3;}">
                    <Coords points="838,3116 838,3176 869,3176 869,3116"/>
                    <TextEquiv>
                        <Unicode>im</Unicode>
                    </TextEquiv>
                </Word>
                <Word id="tr_1_tl_43_w5" custom="readingOrder {index:4;}">
                    <Coords points="918,3118 918,3178 949,3178 949,3118"/>
                    <TextEquiv>
                        <Unicode>1.</Unicode>
                    </TextEquiv>
                </Word>
                <Word id="tr_1_tl_43_w6" custom="readingOrder {index:5;}">
                    <Coords points="971,3120 971,3180 1082,3180 1082,3120"/>
                    <TextEquiv>
                        <Unicode>Bezirk</Unicode>
                    </TextEquiv>
                </Word>
                <Word id="tr_1_tl_43_w7" custom="readingOrder {index:6;}">
                    <Coords points="1109,3119 1109,3179 1135,3179 1135,3119"/>
                    <TextEquiv>
                        <Unicode>in</Unicode>
                    </TextEquiv>
                </Word>
                <Word id="tr_1_tl_43_w8" custom="readingOrder {index:7;}">
                    <Coords points="1168,3121 1168,3181 1220,3181 1220,3121"/>
                    <TextEquiv>
                        <Unicode>der</Unicode>
                    </TextEquiv>
                </Word>
                <Word id="tr_1_tl_43_w9" custom="readingOrder {index:8;}">
                    <Coords points="1248,3123 1248,3183 1460,3183 1460,3123"/>
                    <TextEquiv>
                        <Unicode>Bäckerstraße</Unicode>
                    </TextEquiv>
                </Word>
                <Word id="tr_1_tl_43_w10" custom="readingOrder {index:9;}">
                    <Coords points="1492,3124 1492,3184 1539,3184 1539,3124"/>
                    <TextEquiv>
                        <Unicode>als</Unicode>
                    </TextEquiv>
                </Word>
                <Word id="tr_1_tl_43_w11" custom="readingOrder {index:10;}">
                    <Coords points="1572,3124 1572,3184 1662,3184 1662,3124"/>
                    <TextEquiv>
                        <Unicode>Eier¬</Unicode>
                    </TextEquiv>
                </Word>
                <TextEquiv>
                    <Unicode>Jakob Finzi, die im 1. Bezirk in der Bäckerstraße als Eier¬</Unicode>
                </TextEquiv>
            </TextLine>
            <TextLine id="tr_1_tl_44" custom="readingOrder {index:43;}">
                <Coords points="466,3211 1332,3218 1332,3176 1240,3162 466,3170"/>
                <Baseline points="474,3206 517,3203 560,3200 603,3203 646,3200 689,3202 732,3203 775,3203 818,3203 861,3205 904,3206 947,3206 990,3206 1033,3206 1076,3207 1119,3209 1162,3209 1205,3210 1248,3211 1291,3210 1334,3212"/>
                <Word id="tr_1_tl_44_w1" custom="readingOrder {index:0;}">
                    <Coords points="465,3160 465,3220 644,3220 644,3160"/>
                    <TextEquiv>
                        <Unicode>exporteure</Unicode>
                    </TextEquiv>
                </Word>
                <Word id="tr_1_tl_44_w2" custom="readingOrder {index:1;}">
                    <Coords points="679,3163 679,3223 829,3223 829,3163"/>
                    <TextEquiv>
                        <Unicode>etabliert</Unicode>
                    </TextEquiv>
                </Word>
                <Word id="tr_1_tl_44_w3" custom="readingOrder {index:2;}">
                    <Coords points="859,3165 859,3225 946,3225 946,3165"/>
                    <TextEquiv>
                        <Unicode>sind,</Unicode>
                    </TextEquiv>
                </Word>
                <Word id="tr_1_tl_44_w4" custom="readingOrder {index:3;}">
                    <Coords points="971,3166 971,3226 1019,3226 1019,3166"/>
                    <TextEquiv>
                        <Unicode>die</Unicode>
                    </TextEquiv>
                </Word>
                <Word id="tr_1_tl_44_w5" custom="readingOrder {index:4;}">
                    <Coords points="1054,3168 1054,3228 1151,3228 1151,3168"/>
                    <TextEquiv>
                        <Unicode>neuen</Unicode>
                    </TextEquiv>
                </Word>
                <Word id="tr_1_tl_44_w6" custom="readingOrder {index:5;}">
                    <Coords points="1190,3170 1190,3230 1335,3230 1335,3170"/>
                    <TextEquiv>
                        <Unicode>Besitzer.</Unicode>
                    </TextEquiv>
                </Word>
                <TextEquiv>
                    <Unicode>exporteure etabliert sind, die neuen Besitzer.</Unicode>
                </TextEquiv>
            </TextLine>
            <TextLine id="tr_1_tl_45" custom="readingOrder {index:44;}">
                <Coords points="564,3254 1661,3277 1640,3217 564,3214"/>
                <Baseline points="573,3248 627,3249 682,3251 736,3251 791,3251 846,3254 900,3256 955,3256 1009,3255 1064,3257 1119,3257 1173,3257 1228,3259 1282,3260 1337,3260 1392,3260 1446,3260 1501,3260 1555,3263 1610,3263 1665,3263"/>
                <Word id="tr_1_tl_45_w1" custom="readingOrder {index:0;}">
                    <Coords points="563,3208 563,3268 669,3268 669,3208"/>
                    <TextEquiv>
                        <Unicode>Außer</Unicode>
                    </TextEquiv>
                </Word>
                <Word id="tr_1_tl_45_w2" custom="readingOrder {index:1;}">
                    <Coords points="703,3211 703,3271 756,3271 756,3211"/>
                    <TextEquiv>
                        <Unicode>dem</Unicode>
                    </TextEquiv>
                </Word>
                <Word id="tr_1_tl_45_w3" custom="readingOrder {index:2;}">
                    <Coords points="805,3214 805,3274 896,3274 896,3214"/>
                    <TextEquiv>
                        <Unicode>Haus</Unicode>
                    </TextEquiv>
                </Word>
                <Word id="tr_1_tl_45_w4" custom="readingOrder {index:3;}">
                    <Coords points="931,3216 931,3276 969,3276 969,3216"/>
                    <TextEquiv>
                        <Unicode>am</Unicode>
                    </TextEquiv>
                </Word>
                <Word id="tr_1_tl_45_w5" custom="readingOrder {index:4;}">
                    <Coords points="1017,3217 1017,3277 1263,3277 1263,3217"/>
                    <TextEquiv>
                        <Unicode>Bauernmarkt</Unicode>
                    </TextEquiv>
                </Word>
                <Word id="tr_1_tl_45_w6" custom="readingOrder {index:5;}">
                    <Coords points="1293,3220 1293,3280 1351,3280 1351,3220"/>
                    <TextEquiv>
                        <Unicode>soll</Unicode>
                    </TextEquiv>
                </Word>
                <Word id="tr_1_tl_45_w7" custom="readingOrder {index:6;}">
                    <Coords points="1380,3220 1380,3280 1554,3280 1554,3220"/>
                    <TextEquiv>
                        <Unicode>demnächst</Unicode>
                    </TextEquiv>
                </Word>
                <Word id="tr_1_tl_45_w8" custom="readingOrder {index:7;}">
                    <Coords points="1588,3223 1588,3283 1655,3283 1655,3223"/>
                    <TextEquiv>
                        <Unicode>auch</Unicode>
                    </TextEquiv>
                </Word>
                <TextEquiv>
                    <Unicode>Außer dem Haus am Bauernmarkt soll demnächst auch</Unicode>
                </TextEquiv>
            </TextLine>
            <TextLine id="tr_1_tl_46" custom="readingOrder {index:45;}">
                <Coords points="456,3306 1601,3327 1661,3321 1660,3277 454,3254"/>
                <Baseline points="462,3298 522,3298 582,3300 642,3298 702,3301 762,3301 822,3301 883,3299 943,3305 1003,3307 1063,3304 1123,3304 1183,3307 1243,3307 1304,3309 1364,3310 1424,3309 1484,3307 1544,3312 1604,3308 1665,3310"/>
                <Word id="tr_1_tl_46_w1" custom="readingOrder {index:0;}">
                    <Coords points="458,3258 458,3318 515,3318 515,3258"/>
                    <TextEquiv>
                        <Unicode>das</Unicode>
                    </TextEquiv>
                </Word>
                <Word id="tr_1_tl_46_w2" custom="readingOrder {index:1;}">
                    <Coords points="549,3260 549,3320 837,3320 837,3260"/>
                    <TextEquiv>
                        <Unicode>Nachbargebäude</Unicode>
                    </TextEquiv>
                </Word>
                <Word id="tr_1_tl_46_w3" custom="readingOrder {index:2;}">
                    <Coords points="876,3260 876,3320 929,3320 929,3260"/>
                    <TextEquiv>
                        <Unicode>des</Unicode>
                    </TextEquiv>
                </Word>
                <Word id="tr_1_tl_46_w4" custom="readingOrder {index:3;}">
                    <Coords points="992,3264 992,3324 1102,3324 1102,3264"/>
                    <TextEquiv>
                        <Unicode>gestern</Unicode>
                    </TextEquiv>
                </Word>
                <Word id="tr_1_tl_46_w5" custom="readingOrder {index:4;}">
                    <Coords points="1151,3267 1151,3327 1367,3327 1367,3267"/>
                    <TextEquiv>
                        <Unicode>versteigerten</Unicode>
                    </TextEquiv>
                </Word>
                <Word id="tr_1_tl_46_w6" custom="readingOrder {index:5;}">
                    <Coords points="1406,3267 1406,3327 1544,3327 1544,3267"/>
                    <TextEquiv>
                        <Unicode>Hauses,</Unicode>
                    </TextEquiv>
                </Word>
                <Word id="tr_1_tl_46_w7" custom="readingOrder {index:6;}">
                    <Coords points="1598,3268 1598,3328 1655,3328 1655,3268"/>
                    <TextEquiv>
                        <Unicode>das</Unicode>
                    </TextEquiv>
                </Word>
                <TextEquiv>
                    <Unicode>das Nachbargebäude des gestern versteigerten Hauses, das</Unicode>
                </TextEquiv>
            </TextLine>
            <TextLine id="tr_1_tl_47" custom="readingOrder {index:46;}">
                <Coords points="463,3366 1397,3361 1655,3405 1663,3321 462,3304"/>
                <Baseline points="471,3349 530,3349 590,3347 650,3349 710,3351 770,3351 830,3349 889,3352 949,3352 1009,3352 1069,3353 1129,3355 1189,3355 1249,3358 1308,3360 1368,3358 1428,3358 1488,3360 1548,3361 1608,3362 1668,3370"/>
                <Word id="tr_1_tl_47_w1" custom="readingOrder {index:0;}">
                    <Coords points="462,3309 462,3369 572,3369 572,3309"/>
                    <TextEquiv>
                        <Unicode>Objekt</Unicode>
                    </TextEquiv>
                </Word>
                <Word id="tr_1_tl_47_w2" custom="readingOrder {index:1;}">
                    <Coords points="593,3307 593,3367 643,3367 643,3307"/>
                    <TextEquiv>
                        <Unicode>der</Unicode>
                    </TextEquiv>
                </Word>
                <Word id="tr_1_tl_47_w3" custom="readingOrder {index:2;}">
                    <Coords points="668,3311 668,3371 859,3371 859,3311"/>
                    <TextEquiv>
                        <Unicode>ehemaligen</Unicode>
                    </TextEquiv>
                </Word>
                <Word id="tr_1_tl_47_w4" custom="readingOrder {index:3;}">
                    <Coords points="895,3312 895,3372 996,3372 996,3312"/>
                    <TextEquiv>
                        <Unicode>Neuen</Unicode>
                    </TextEquiv>
                </Word>
                <Word id="tr_1_tl_47_w5" custom="readingOrder {index:4;}">
                    <Coords points="1027,3313 1027,3373 1153,3373 1153,3313"/>
                    <TextEquiv>
                        <Unicode>Wiener</Unicode>
                    </TextEquiv>
                </Word>
                <Word id="tr_1_tl_47_w6" custom="readingOrder {index:5;}">
                    <Coords points="1184,3318 1184,3378 1314,3378 1314,3318"/>
                    <TextEquiv>
                        <Unicode>Bühne,</Unicode>
                    </TextEquiv>
                </Word>
                <Word id="tr_1_tl_47_w7" custom="readingOrder {index:6;}">
                    <Coords points="1335,3318 1335,3378 1385,3378 1385,3318"/>
                    <TextEquiv>
                        <Unicode>zur</Unicode>
                    </TextEquiv>
                </Word>
                <Word id="tr_1_tl_47_w8" custom="readingOrder {index:7;}">
                    <Coords points="1411,3320 1411,3380 1652,3380 1652,3320"/>
                    <TextEquiv>
                        <Unicode>Versteigerung</Unicode>
                    </TextEquiv>
                </Word>
                <TextEquiv>
                    <Unicode>Objekt der ehemaligen Neuen Wiener Bühne, zur Versteigerung</Unicode>
                </TextEquiv>
            </TextLine>
            <TextLine id="tr_1_tl_48" custom="readingOrder {index:47;}">
                <Coords points="466,3429 1521,3428 1521,3380 1462,3365 466,3378"/>
                <Baseline points="474,3406 526,3403 579,3400 631,3398 684,3399 736,3400 789,3400 841,3403 894,3403 946,3403 999,3403 1052,3403 1104,3406 1157,3406 1209,3407 1262,3409 1314,3409 1367,3406 1419,3406 1472,3409 1525,3412"/>
                <Word id="tr_1_tl_48_w1" custom="readingOrder {index:0;}">
                    <Coords points="461,3361 461,3421 633,3421 633,3361"/>
                    <TextEquiv>
                        <Unicode>gelangen.</Unicode>
                    </TextEquiv>
                </Word>
                <Word id="tr_1_tl_48_w2" custom="readingOrder {index:1;}">
                    <Coords points="660,3359 660,3419 725,3419 725,3359"/>
                    <TextEquiv>
                        <Unicode>Der</Unicode>
                    </TextEquiv>
                </Word>
                <Word id="tr_1_tl_48_w3" custom="readingOrder {index:2;}">
                    <Coords points="758,3362 758,3422 892,3422 892,3362"/>
                    <TextEquiv>
                        <Unicode>Termin</Unicode>
                    </TextEquiv>
                </Word>
                <Word id="tr_1_tl_48_w4" custom="readingOrder {index:3;}">
                    <Coords points="931,3363 931,3423 1032,3423 1032,3363"/>
                    <TextEquiv>
                        <Unicode>hiefür</Unicode>
                    </TextEquiv>
                </Word>
                <Word id="tr_1_tl_48_w5" custom="readingOrder {index:4;}">
                    <Coords points="1065,3364 1065,3424 1103,3424 1103,3364"/>
                    <TextEquiv>
                        <Unicode>ist</Unicode>
                    </TextEquiv>
                </Word>
                <Word id="tr_1_tl_48_w6" custom="readingOrder {index:5;}">
                    <Coords points="1131,3366 1131,3426 1205,3426 1205,3366"/>
                    <TextEquiv>
                        <Unicode>noch</Unicode>
                    </TextEquiv>
                </Word>
                <Word id="tr_1_tl_48_w7" custom="readingOrder {index:6;}">
                    <Coords points="1238,3369 1238,3429 1325,3429 1325,3369"/>
                    <TextEquiv>
                        <Unicode>nicht</Unicode>
                    </TextEquiv>
                </Word>
                <Word id="tr_1_tl_48_w8" custom="readingOrder {index:7;}">
                    <Coords points="1352,3367 1352,3427 1524,3427 1524,3367"/>
                    <TextEquiv>
                        <Unicode>bestimmt.</Unicode>
                    </TextEquiv>
                </Word>
                <TextEquiv>
                    <Unicode>gelangen. Der Termin hiefür ist noch nicht bestimmt.</Unicode>
                </TextEquiv>
            </TextLine>
            <TextLine id="tr_1_tl_49" custom="readingOrder {index:48;}">
                <Coords points="460,3677 1623,3671 1623,3606 1109,3635 922,3576 775,3635 649,3594 460,3615"/>
                <Baseline points="468,3651 529,3647 590,3649 651,3657 712,3654 773,3654 834,3657 895,3657 956,3660 1017,3657 1078,3657 1139,3657 1200,3656 1261,3656 1322,3657 1383,3657 1444,3657 1505,3658 1566,3663 1627,3663"/>
                <Word id="tr_1_tl_49_w1" custom="readingOrder {index:0;}">
                    <Coords points="469,3607 469,3667 596,3667 596,3607"/>
                    <TextEquiv>
                        <Unicode>Der</Unicode>
                    </TextEquiv>
                </Word>
                <Word id="tr_1_tl_49_w2" custom="readingOrder {index:1;}">
                    <Coords points="626,3614 626,3674 931,3674 931,3614"/>
                    <TextEquiv>
                        <Unicode>Inschaf</Unicode>
                    </TextEquiv>
                </Word>
                <Word id="tr_1_tl_49_w3" custom="readingOrder {index:2;}">
                    <Coords points="981,3617 981,3677 1088,3677 1088,3617"/>
                    <TextEquiv>
                        <Unicode>far</Unicode>
                    </TextEquiv>
                </Word>
                <Word id="tr_1_tl_49_w4" custom="readingOrder {index:3;}">
                    <Coords points="1119,3616 1119,3676 1226,3676 1226,3616"/>
                    <TextEquiv>
                        <Unicode>die</Unicode>
                    </TextEquiv>
                </Word>
                <Word id="tr_1_tl_49_w5" custom="readingOrder {index:4;}">
                    <Coords points="1277,3617 1277,3677 1610,3677 1610,3617"/>
                    <TextEquiv>
                        <Unicode>Jandes-</Unicode>
                    </TextEquiv>
                </Word>
                <TextEquiv>
                    <Unicode>Der Inschaf far die Jandes-</Unicode>
                </TextEquiv>
            </TextLine>
            <TextLine id="tr_1_tl_50" custom="readingOrder {index:49;}">
                <Coords points="489,3838 548,3852 569,3834 600,3844 620,3831 652,3852 711,3837 750,3855 818,3826 818,3785 804,3779 747,3796 634,3764 596,3798 561,3766 490,3770"/>
                <Baseline points="498,3818 524,3816 551,3818 578,3820 605,3821 632,3821 659,3820 686,3818 713,3816 740,3815 767,3815 794,3815 821,3815"/>
                <Word id="tr_1_tl_50_w1" custom="readingOrder {index:0;}">
                    <Coords points="488,3780 488,3840 788,3840 788,3780"/>
                    <TextEquiv>
                        <Unicode>henlei</Unicode>
                    </TextEquiv>
                </Word>
                <TextEquiv>
                    <Unicode>henlei</Unicode>
                </TextEquiv>
            </TextLine>
            <TextLine id="tr_1_tl_51" custom="readingOrder {index:50;}">
                <Coords points="985,3850 1141,3808 1230,3855 1557,3835 1634,3855 1631,3760 1589,3749 1539,3795 1423,3752 1258,3778 1222,3807 1052,3755 984,3776"/>
                <Baseline points="994,3818 1026,3818 1058,3812 1090,3820 1122,3817 1154,3818 1186,3824 1218,3826 1250,3825 1282,3824 1315,3824 1347,3826 1379,3827 1411,3827 1443,3827 1475,3827 1507,3828 1539,3830 1571,3830 1603,3832 1636,3833"/>
                <Word id="tr_1_tl_51_w1" custom="readingOrder {index:0;}">
                    <Coords points="996,3775 996,3835 1085,3835 1085,3775"/>
                    <TextEquiv>
                        <Unicode>10</Unicode>
                    </TextEquiv>
                </Word>
                <Word id="tr_1_tl_51_w2" custom="readingOrder {index:1;}">
                    <Coords points="1167,3787 1167,3847 1630,3847 1630,3787"/>
                    <TextEquiv>
                        <Unicode>Mimonen.</Unicode>
                    </TextEquiv>
                </Word>
                <TextEquiv>
                    <Unicode>10 Mimonen.</Unicode>
                </TextEquiv>
            </TextLine>
            <TextLine id="tr_1_tl_52" custom="readingOrder {index:51;}">
                <Coords points="508,3902 1540,3927 1601,3915 1601,3852 507,3844"/>
                <Baseline points="516,3887 570,3884 624,3885 679,3887 733,3887 787,3887 842,3887 896,3888 950,3890 1005,3890 1059,3890 1113,3891 1168,3893 1222,3893 1276,3896 1331,3894 1385,3897 1439,3897 1494,3899 1548,3899 1603,3899"/>
                <Word id="tr_1_tl_52_w1" custom="readingOrder {index:0;}">
                    <Coords points="512,3845 512,3905 736,3905 736,3845"/>
                    <TextEquiv>
                        <Unicode>Mitteilungen</Unicode>
                    </TextEquiv>
                </Word>
                <Word id="tr_1_tl_52_w2" custom="readingOrder {index:1;}">
                    <Coords points="772,3847 772,3907 823,3907 823,3847"/>
                    <TextEquiv>
                        <Unicode>des</Unicode>
                    </TextEquiv>
                </Word>
                <Word id="tr_1_tl_52_w3" custom="readingOrder {index:2;}">
                    <Coords points="854,3850 854,3910 1201,3910 1201,3850"/>
                    <TextEquiv>
                        <Unicode>Generalkommissärs</Unicode>
                    </TextEquiv>
                </Word>
                <Word id="tr_1_tl_52_w4" custom="readingOrder {index:3;}">
                    <Coords points="1232,3855 1232,3915 1298,3915 1298,3855"/>
                    <TextEquiv>
                        <Unicode>Dr.</Unicode>
                    </TextEquiv>
                </Word>
                <Word id="tr_1_tl_52_w5" custom="readingOrder {index:4;}">
                    <Coords points="1324,3856 1324,3916 1441,3916 1441,3856"/>
                    <TextEquiv>
                        <Unicode>Löbells</Unicode>
                    </TextEquiv>
                </Word>
                <Word id="tr_1_tl_52_w6" custom="readingOrder {index:5;}">
                    <Coords points="1472,3858 1472,3918 1507,3918 1507,3858"/>
                    <TextEquiv>
                        <Unicode>an</Unicode>
                    </TextEquiv>
                </Word>
                <Word id="tr_1_tl_52_w7" custom="readingOrder {index:6;}">
                    <Coords points="1544,3859 1544,3919 1589,3919 1589,3859"/>
                    <TextEquiv>
                        <Unicode>die</Unicode>
                    </TextEquiv>
                </Word>
                <TextEquiv>
                    <Unicode>Mitteilungen des Generalkommissärs Dr. Löbells an die</Unicode>
                </TextEquiv>
            </TextLine>
            <TextLine id="tr_1_tl_53" custom="readingOrder {index:52;}">
                <Coords points="762,3951 1014,3970 1133,3948 1307,3971 1352,3957 1352,3929 1234,3902 1053,3902 1033,3921 976,3902 760,3906"/>
                <Baseline points="770,3934 799,3936 828,3937 857,3937 887,3939 916,3940 945,3940 974,3942 1004,3942 1033,3940 1062,3942 1091,3942 1121,3940 1150,3940 1179,3940 1208,3940 1238,3940 1267,3940 1296,3940 1325,3940 1355,3940"/>
                <Word id="tr_1_tl_53_w1" custom="readingOrder {index:0;}">
                    <Coords points="764,3897 764,3957 931,3957 931,3897"/>
                    <TextEquiv>
                        <Unicode>Vertreter</Unicode>
                    </TextEquiv>
                </Word>
                <Word id="tr_1_tl_53_w2" custom="readingOrder {index:1;}">
                    <Coords points="966,3902 966,3962 1015,3962 1015,3902"/>
                    <TextEquiv>
                        <Unicode>der</Unicode>
                    </TextEquiv>
                </Word>
                <Word id="tr_1_tl_53_w3" custom="readingOrder {index:2;}">
                    <Coords points="1045,3900 1045,3960 1346,3960 1346,3900"/>
                    <TextEquiv>
                        <Unicode>Organisationen.</Unicode>
                    </TextEquiv>
                </Word>
                <TextEquiv>
                    <Unicode>Vertreter der Organisationen.</Unicode>
                </TextEquiv>
            </TextLine>
            <TextLine id="tr_1_tl_54" custom="readingOrder {index:53;}">
                <Coords points="554,4007 1553,4033 1646,4025 1645,3982 552,3957"/>
                <Baseline points="561,4000 615,4000 669,4000 724,4002 778,4003 833,4003 887,4003 942,4005 996,4006 1051,4009 1105,4009 1159,4009 1214,4009 1268,4007 1323,4006 1377,4010 1432,4012 1486,4012 1541,4012 1595,4015 1650,4015"/>
                <Word id="tr_1_tl_54_w1" custom="readingOrder {index:0;}">
                    <Coords points="556,3960 556,4020 679,4020 679,3960"/>
                    <TextEquiv>
                        <Unicode>Gestern</Unicode>
                    </TextEquiv>
                </Word>
                <Word id="tr_1_tl_54_w2" custom="readingOrder {index:1;}">
                    <Coords points="719,3962 719,4022 787,4022 787,3962"/>
                    <TextEquiv>
                        <Unicode>fand</Unicode>
                    </TextEquiv>
                </Word>
                <Word id="tr_1_tl_54_w3" custom="readingOrder {index:2;}">
                    <Coords points="827,3963 827,4023 851,4023 851,3963"/>
                    <TextEquiv>
                        <Unicode>im</Unicode>
                    </TextEquiv>
                </Word>
                <Word id="tr_1_tl_54_w4" custom="readingOrder {index:3;}">
                    <Coords points="901,3969 901,4029 1236,4029 1236,3969"/>
                    <TextEquiv>
                        <Unicode>Bundesministerium</Unicode>
                    </TextEquiv>
                </Word>
                <Word id="tr_1_tl_54_w5" custom="readingOrder {index:4;}">
                    <Coords points="1285,3966 1285,4026 1339,4026 1339,3966"/>
                    <TextEquiv>
                        <Unicode>für</Unicode>
                    </TextEquiv>
                </Word>
                <Word id="tr_1_tl_54_w6" custom="readingOrder {index:5;}">
                    <Coords points="1369,3972 1369,4032 1561,4032 1561,3972"/>
                    <TextEquiv>
                        <Unicode>Unterricht,</Unicode>
                    </TextEquiv>
                </Word>
                <Word id="tr_1_tl_54_w7" custom="readingOrder {index:6;}">
                    <Coords points="1591,3975 1591,4035 1644,4035 1644,3975"/>
                    <TextEquiv>
                        <Unicode>wie</Unicode>
                    </TextEquiv>
                </Word>
                <TextEquiv>
                    <Unicode>Gestern fand im Bundesministerium für Unterricht, wie</Unicode>
                </TextEquiv>
            </TextLine>
            <TextLine id="tr_1_tl_55" custom="readingOrder {index:54;}">
                <Coords points="439,4060 1646,4083 1645,4024 439,4009"/>
                <Baseline points="447,4045 507,4049 567,4049 627,4051 687,4049 747,4051 807,4051 867,4051 927,4053 987,4054 1047,4057 1107,4057 1167,4057 1227,4055 1287,4057 1347,4057 1407,4060 1467,4060 1527,4060 1587,4063 1647,4066"/>
                <Word id="tr_1_tl_55_w1" custom="readingOrder {index:0;}">
                    <Coords points="443,4008 443,4068 553,4068 553,4008"/>
                    <TextEquiv>
                        <Unicode>bereits</Unicode>
                    </TextEquiv>
                </Word>
                <Word id="tr_1_tl_55_w2" custom="readingOrder {index:1;}">
                    <Coords points="587,4009 587,4069 817,4069 817,4009"/>
                    <TextEquiv>
                        <Unicode>angekündigt,</Unicode>
                    </TextEquiv>
                </Word>
                <Word id="tr_1_tl_55_w3" custom="readingOrder {index:2;}">
                    <Coords points="837,4011 837,4071 933,4071 933,4011"/>
                    <TextEquiv>
                        <Unicode>unter</Unicode>
                    </TextEquiv>
                </Word>
                <Word id="tr_1_tl_55_w4" custom="readingOrder {index:3;}">
                    <Coords points="962,4014 962,4074 1015,4074 1015,4014"/>
                    <TextEquiv>
                        <Unicode>dem</Unicode>
                    </TextEquiv>
                </Word>
                <Word id="tr_1_tl_55_w5" custom="readingOrder {index:4;}">
                    <Coords points="1059,4017 1059,4077 1178,4077 1178,4017"/>
                    <TextEquiv>
                        <Unicode>Vorsitz</Unicode>
                    </TextEquiv>
                </Word>
                <Word id="tr_1_tl_55_w6" custom="readingOrder {index:5;}">
                    <Coords points="1203,4015 1203,4075 1250,4075 1250,4015"/>
                    <TextEquiv>
                        <Unicode>des</Unicode>
                    </TextEquiv>
                </Word>
                <Word id="tr_1_tl_55_w7" custom="readingOrder {index:6;}">
                    <Coords points="1285,4020 1285,4080 1635,4080 1635,4020"/>
                    <TextEquiv>
                        <Unicode>Generalintendanten</Unicode>
                    </TextEquiv>
                </Word>
                <TextEquiv>
                    <Unicode>bereits angekündigt, unter dem Vorsitz des Generalintendanten</Unicode>
                </TextEquiv>
            </TextLine>
            <TextLine id="tr_1_tl_56" custom="readingOrder {index:55;}">
                <Coords points="454,4105 1645,4125 1645,4083 1539,4068 454,4059"/>
                <Baseline points="462,4099 521,4096 580,4098 639,4099 699,4099 758,4099 817,4099 876,4099 936,4101 995,4102 1054,4102 1113,4102 1173,4105 1232,4103 1291,4105 1350,4105 1410,4108 1469,4108 1528,4110 1587,4111 1647,4111"/>
                <Word id="tr_1_tl_56_w1" custom="readingOrder {index:0;}">
                    <Coords points="453,4057 453,4117 683,4117 683,4057"/>
                    <TextEquiv>
                        <Unicode>Schneiderhan</Unicode>
                    </TextEquiv>
                </Word>
                <Word id="tr_1_tl_56_w2" custom="readingOrder {index:1;}">
                    <Coords points="728,4059 728,4119 786,4119 786,4059"/>
                    <TextEquiv>
                        <Unicode>und</Unicode>
                    </TextEquiv>
                </Word>
                <Word id="tr_1_tl_56_w3" custom="readingOrder {index:2;}">
                    <Coords points="821,4059 821,4119 849,4119 849,4059"/>
                    <TextEquiv>
                        <Unicode>im</Unicode>
                    </TextEquiv>
                </Word>
                <Word id="tr_1_tl_56_w4" custom="readingOrder {index:3;}">
                    <Coords points="899,4061 899,4121 1021,4121 1021,4061"/>
                    <TextEquiv>
                        <Unicode>Belsein</Unicode>
                    </TextEquiv>
                </Word>
                <Word id="tr_1_tl_56_w5" custom="readingOrder {index:4;}">
                    <Coords points="1061,4062 1061,4122 1110,4122 1110,4062"/>
                    <TextEquiv>
                        <Unicode>des</Unicode>
                    </TextEquiv>
                </Word>
                <Word id="tr_1_tl_56_w6" custom="readingOrder {index:5;}">
                    <Coords points="1145,4065 1145,4125 1487,4125 1487,4065"/>
                    <TextEquiv>
                        <Unicode>Generalkommissärs</Unicode>
                    </TextEquiv>
                </Word>
                <Word id="tr_1_tl_56_w7" custom="readingOrder {index:6;}">
                    <Coords points="1522,4070 1522,4130 1639,4130 1639,4070"/>
                    <TextEquiv>
                        <Unicode>Doktor</Unicode>
                    </TextEquiv>
                </Word>
                <TextEquiv>
                    <Unicode>Schneiderhan und im Belsein des Generalkommissärs Doktor</Unicode>
                </TextEquiv>
            </TextLine>
            <TextLine id="tr_1_tl_57" custom="readingOrder {index:56;}">
                <Coords points="448,4149 1596,4170 1639,4129 447,4105"/>
                <Baseline points="456,4143 515,4143 574,4145 633,4143 693,4146 752,4146 811,4149 871,4150 930,4152 989,4152 1049,4152 1108,4152 1167,4152 1226,4152 1286,4154 1345,4155 1404,4158 1464,4155 1523,4157 1582,4158 1642,4158"/>
                <Word id="tr_1_tl_57_w1" custom="readingOrder {index:0;}">
                    <Coords points="451,4103 451,4163 553,4163 553,4103"/>
                    <TextEquiv>
                        <Unicode>Löbell</Unicode>
                    </TextEquiv>
                </Word>
                <Word id="tr_1_tl_57_w2" custom="readingOrder {index:1;}">
                    <Coords points="618,4104 618,4164 710,4164 710,4104"/>
                    <TextEquiv>
                        <Unicode>sowie</Unicode>
                    </TextEquiv>
                </Word>
                <Word id="tr_1_tl_57_w3" custom="readingOrder {index:2;}">
                    <Coords points="755,4107 755,4167 808,4167 808,4107"/>
                    <TextEquiv>
                        <Unicode>der</Unicode>
                    </TextEquiv>
                </Word>
                <Word id="tr_1_tl_57_w4" custom="readingOrder {index:3;}">
                    <Coords points="854,4112 854,4172 1020,4172 1020,4112"/>
                    <TextEquiv>
                        <Unicode>Vertreter</Unicode>
                    </TextEquiv>
                </Word>
                <Word id="tr_1_tl_57_w5" custom="readingOrder {index:4;}">
                    <Coords points="1069,4112 1069,4172 1118,4172 1118,4112"/>
                    <TextEquiv>
                        <Unicode>des</Unicode>
                    </TextEquiv>
                </Word>
                <Word id="tr_1_tl_57_w6" custom="readingOrder {index:5;}">
                    <Coords points="1172,4115 1172,4175 1535,4175 1535,4115"/>
                    <TextEquiv>
                        <Unicode>Bundesministeriums</Unicode>
                    </TextEquiv>
                </Word>
                <Word id="tr_1_tl_57_w7" custom="readingOrder {index:6;}">
                    <Coords points="1584,4118 1584,4178 1637,4178 1637,4118"/>
                    <TextEquiv>
                        <Unicode>für</Unicode>
                    </TextEquiv>
                </Word>
                <TextEquiv>
                    <Unicode>Löbell sowie der Vertreter des Bundesministeriums für</Unicode>
                </TextEquiv>
            </TextLine>
            <TextEquiv>
                <Unicode></Unicode>
            </TextEquiv>
        </TextRegion>
        <TextRegion orientation="0.0" id="tr_2" custom="readingOrder {index:1;}">
            <Coords points="1683,3706 1683,4180 2863,4180 2863,3706"/>
            <TextLine id="tr_2_tl_1" custom="readingOrder {index:0;}">
                <Coords points="2491,3742 2548,3737 2591,3752 2607,3740 2631,3751 2747,3736 2773,3757 2808,3739 2850,3754 2861,3751 2859,3684 2814,3677 2747,3701 2670,3666 2624,3681 2597,3660 2489,3696"/>
                <Baseline points="2498,3728 2524,3728 2550,3728 2576,3728 2602,3729 2628,3731 2654,3731 2680,3731 2706,3731 2732,3731 2758,3731 2784,3731 2810,3731 2836,3731 2863,3731"/>
                <Word id="tr_2_tl_1_w1" custom="readingOrder {index:0;}">
                    <Coords points="2505,3688 2505,3748 2621,3748 2621,3688"/>
                    <TextEquiv>
                        <Unicode>langem</Unicode>
                    </TextEquiv>
                </Word>
                <Word id="tr_2_tl_1_w2" custom="readingOrder {index:1;}">
                    <Coords points="2674,3691 2674,3751 2726,3751 2726,3691"/>
                    <TextEquiv>
                        <Unicode>für</Unicode>
                    </TextEquiv>
                </Word>
                <Word id="tr_2_tl_1_w3" custom="readingOrder {index:2;}">
                    <Coords points="2764,3691 2764,3751 2853,3751 2853,3691"/>
                    <TextEquiv>
                        <Unicode>heute</Unicode>
                    </TextEquiv>
                </Word>
                <TextEquiv>
                    <Unicode>langem für heute</Unicode>
                </TextEquiv>
            </TextLine>
            <TextLine id="tr_2_tl_2" custom="readingOrder {index:1;}">
                <Coords points="1702,3795 1934,3825 2007,3787 2855,3791 2809,3740 2474,3725 2346,3766 2274,3724 2026,3773 1702,3755"/>
                <Baseline points="1710,3785 1767,3782 1824,3785 1882,3788 1939,3788 1996,3786 2054,3788 2111,3789 2168,3789 2226,3785 2283,3781 2340,3778 2398,3776 2455,3776 2512,3779 2570,3779 2627,3779 2684,3779 2742,3777 2799,3781 2857,3782"/>
                <Word id="tr_2_tl_2_w1" custom="readingOrder {index:0;}">
                    <Coords points="2461,3739 2461,3799 2757,3799 2757,3739"/>
                    <TextEquiv>
                        <Unicode>Demonstrationen</Unicode>
                    </TextEquiv>
                </Word>
                <Word id="tr_2_tl_2_w2" custom="readingOrder {index:1;}">
                    <Coords points="2793,3741 2793,3801 2856,3801 2856,3741"/>
                    <TextEquiv>
                        <Unicode>an-</Unicode>
                    </TextEquiv>
                </Word>
                <TextEquiv>
                    <Unicode>Demonstrationen an-</Unicode>
                </TextEquiv>
            </TextLine>
            <TextLine id="tr_2_tl_3" custom="readingOrder {index:2;}">
                <Coords points="2391,3832 2520,3846 2637,3835 2658,3849 2696,3832 2726,3850 2844,3837 2844,3791 2609,3802 2584,3784 2529,3804 2505,3787 2391,3778"/>
                <Baseline points="2400,3824 2426,3824 2452,3824 2479,3826 2505,3827 2531,3827 2558,3827 2584,3827 2610,3827 2637,3827 2663,3827 2689,3827 2716,3827 2742,3827 2768,3828 2795,3829 2821,3828 2848,3824"/>
                <Word id="tr_2_tl_3_w1" custom="readingOrder {index:0;}">
                    <Coords points="2391,3784 2391,3844 2491,3844 2491,3784"/>
                    <TextEquiv>
                        <Unicode>Volkes</Unicode>
                    </TextEquiv>
                </Word>
                <Word id="tr_2_tl_3_w2" custom="readingOrder {index:1;}">
                    <Coords points="2526,3787 2526,3847 2586,3847 2586,3787"/>
                    <TextEquiv>
                        <Unicode>und</Unicode>
                    </TextEquiv>
                </Word>
                <Word id="tr_2_tl_3_w3" custom="readingOrder {index:2;}">
                    <Coords points="2622,3787 2622,3847 2672,3847 2672,3787"/>
                    <TextEquiv>
                        <Unicode>der</Unicode>
                    </TextEquiv>
                </Word>
                <Word id="tr_2_tl_3_w4" custom="readingOrder {index:3;}">
                    <Coords points="2703,3788 2703,3848 2833,3848 2833,3788"/>
                    <TextEquiv>
                        <Unicode>Arbeits</Unicode>
                    </TextEquiv>
                </Word>
                <TextEquiv>
                    <Unicode>Volkes und der Arbeits</Unicode>
                </TextEquiv>
            </TextLine>
            <TextLine id="tr_2_tl_4" custom="readingOrder {index:3;}">
                <Coords points="1675,3876 2853,3896 2853,3832 1675,3829"/>
                <Baseline points="1683,3869 1741,3873 1800,3877 1859,3881 1917,3880 1976,3880 2035,3878 2093,3878 2152,3874 2211,3872 2270,3872 2328,3873 2387,3875 2446,3875 2504,3875 2563,3875 2622,3875 2680,3875 2739,3875 2798,3878 2857,3878"/>
                <Word id="tr_2_tl_4_w1" custom="readingOrder {index:0;}">
                    <Coords points="1675,3831 1675,3891 1759,3891 1759,3831"/>
                    <TextEquiv>
                        <Unicode>losen</Unicode>
                    </TextEquiv>
                </Word>
                <Word id="tr_2_tl_4_w2" custom="readingOrder {index:1;}">
                    <Coords points="1791,3840 1791,3900 1996,3900 1996,3840"/>
                    <TextEquiv>
                        <Unicode>hingewiesen</Unicode>
                    </TextEquiv>
                </Word>
                <Word id="tr_2_tl_4_w3" custom="readingOrder {index:2;}">
                    <Coords points="2034,3838 2034,3898 2144,3898 2144,3838"/>
                    <TextEquiv>
                        <Unicode>werden</Unicode>
                    </TextEquiv>
                </Word>
                <Word id="tr_2_tl_4_w4" custom="readingOrder {index:3;}">
                    <Coords points="2181,3832 2181,3892 2260,3892 2260,3832"/>
                    <TextEquiv>
                        <Unicode>sollte</Unicode>
                    </TextEquiv>
                </Word>
                <Word id="tr_2_tl_4_w5" custom="readingOrder {index:4;}">
                    <Coords points="2324,3833 2324,3893 2371,3893 2371,3833"/>
                    <TextEquiv>
                        <Unicode>In</Unicode>
                    </TextEquiv>
                </Word>
                <Word id="tr_2_tl_4_w6" custom="readingOrder {index:5;}">
                    <Coords points="2408,3835 2408,3895 2492,3895 2492,3835"/>
                    <TextEquiv>
                        <Unicode>Wien</Unicode>
                    </TextEquiv>
                </Word>
                <Word id="tr_2_tl_4_w7" custom="readingOrder {index:6;}">
                    <Coords points="2535,3835 2535,3895 2634,3895 2634,3835"/>
                    <TextEquiv>
                        <Unicode>sollten</Unicode>
                    </TextEquiv>
                </Word>
                <Word id="tr_2_tl_4_w8" custom="readingOrder {index:7;}">
                    <Coords points="2672,3835 2672,3895 2698,3895 2698,3835"/>
                    <TextEquiv>
                        <Unicode>im</Unicode>
                    </TextEquiv>
                </Word>
                <Word id="tr_2_tl_4_w9" custom="readingOrder {index:8;}">
                    <Coords points="2751,3838 2751,3898 2851,3898 2851,3838"/>
                    <TextEquiv>
                        <Unicode>Laufe</Unicode>
                    </TextEquiv>
                </Word>
                <TextEquiv>
                    <Unicode>losen hingewiesen werden sollte In Wien sollten im Laufe</Unicode>
                </TextEquiv>
            </TextLine>
            <TextLine id="tr_2_tl_5" custom="readingOrder {index:4;}">
                <Coords points="1675,3933 2850,3948 2850,3894 2805,3887 1675,3882"/>
                <Baseline points="1683,3916 1741,3922 1800,3924 1858,3928 1917,3930 1975,3928 2034,3928 2092,3925 2151,3924 2209,3922 2268,3922 2327,3922 2385,3922 2444,3922 2502,3922 2561,3922 2619,3925 2678,3923 2736,3923 2795,3924 2854,3928"/>
                <Word id="tr_2_tl_5_w1" custom="readingOrder {index:0;}">
                    <Coords points="1675,3878 1675,3938 1731,3938 1731,3878"/>
                    <TextEquiv>
                        <Unicode>des</Unicode>
                    </TextEquiv>
                </Word>
                <Word id="tr_2_tl_5_w2" custom="readingOrder {index:1;}">
                    <Coords points="1768,3886 1768,3946 1906,3946 1906,3886"/>
                    <TextEquiv>
                        <Unicode>heutigen</Unicode>
                    </TextEquiv>
                </Word>
                <Word id="tr_2_tl_5_w3" custom="readingOrder {index:2;}">
                    <Coords points="1953,3888 1953,3948 2050,3948 2050,3888"/>
                    <TextEquiv>
                        <Unicode>Tages</Unicode>
                    </TextEquiv>
                </Word>
                <Word id="tr_2_tl_5_w4" custom="readingOrder {index:3;}">
                    <Coords points="2087,3882 2087,3942 2375,3942 2375,3882"/>
                    <TextEquiv>
                        <Unicode>Straßenumzüge,</Unicode>
                    </TextEquiv>
                </Word>
                <Word id="tr_2_tl_5_w5" custom="readingOrder {index:4;}">
                    <Coords points="2427,3882 2427,3942 2709,3942 2709,3882"/>
                    <TextEquiv>
                        <Unicode>Versammlungen</Unicode>
                    </TextEquiv>
                </Word>
                <Word id="tr_2_tl_5_w6" custom="readingOrder {index:5;}">
                    <Coords points="2756,3884 2756,3944 2843,3944 2843,3884"/>
                    <TextEquiv>
                        <Unicode>unter</Unicode>
                    </TextEquiv>
                </Word>
                <TextEquiv>
                    <Unicode>des heutigen Tages Straßenumzüge, Versammlungen unter</Unicode>
                </TextEquiv>
            </TextLine>
            <TextLine id="tr_2_tl_6" custom="readingOrder {index:5;}">
                <Coords points="1681,3982 2844,3985 2814,3936 1681,3929"/>
                <Baseline points="1689,3967 1750,3971 1811,3975 1872,3976 1933,3976 1994,3978 2055,3976 2116,3973 2177,3973 2238,3970 2299,3970 2360,3970 2421,3970 2482,3972 2543,3973 2604,3973 2665,3973 2726,3973 2787,3973 2848,3970"/>
                <Word id="tr_2_tl_6_w1" custom="readingOrder {index:0;}">
                    <Coords points="1680,3929 1680,3989 1763,3989 1763,3929"/>
                    <TextEquiv>
                        <Unicode>freiem</Unicode>
                    </TextEquiv>
                </Word>
                <Word id="tr_2_tl_6_w2" custom="readingOrder {index:1;}">
                    <Coords points="1803,3936 1803,3996 1946,3996 1946,3936"/>
                    <TextEquiv>
                        <Unicode>Himmel</Unicode>
                    </TextEquiv>
                </Word>
                <Word id="tr_2_tl_6_w3" custom="readingOrder {index:2;}">
                    <Coords points="1966,3937 1966,3997 2024,3997 2024,3937"/>
                    <TextEquiv>
                        <Unicode>und</Unicode>
                    </TextEquiv>
                </Word>
                <Word id="tr_2_tl_6_w4" custom="readingOrder {index:3;}">
                    <Coords points="2050,3935 2050,3995 2074,3995 2074,3935"/>
                    <TextEquiv>
                        <Unicode>in</Unicode>
                    </TextEquiv>
                </Word>
                <Word id="tr_2_tl_6_w5" custom="readingOrder {index:4;}">
                    <Coords points="2104,3931 2104,3991 2316,3991 2316,3931"/>
                    <TextEquiv>
                        <Unicode>verschiedenen</Unicode>
                    </TextEquiv>
                </Word>
                <Word id="tr_2_tl_6_w6" custom="readingOrder {index:5;}">
                    <Coords points="2351,3930 2351,3990 2473,3990 2473,3930"/>
                    <TextEquiv>
                        <Unicode>Lokalen</Unicode>
                    </TextEquiv>
                </Word>
                <Word id="tr_2_tl_6_w7" custom="readingOrder {index:6;}">
                    <Coords points="2498,3933 2498,3993 2680,3993 2680,3933"/>
                    <TextEquiv>
                        <Unicode>abgehalten</Unicode>
                    </TextEquiv>
                </Word>
                <Word id="tr_2_tl_6_w8" custom="readingOrder {index:7;}">
                    <Coords points="2710,3933 2710,3993 2847,3993 2847,3933"/>
                    <TextEquiv>
                        <Unicode>werden.</Unicode>
                    </TextEquiv>
                </Word>
                <TextEquiv>
                    <Unicode>freiem Himmel und in verschiedenen Lokalen abgehalten werden.</Unicode>
                </TextEquiv>
            </TextLine>
            <TextLine id="tr_2_tl_7" custom="readingOrder {index:6;}">
                <Coords points="1681,4022 2841,4030 2842,3983 2764,3979 1682,3980"/>
                <Baseline points="1689,4015 1746,4019 1804,4023 1862,4024 1920,4027 1978,4027 2035,4027 2093,4021 2151,4021 2209,4021 2267,4018 2324,4018 2382,4018 2440,4020 2498,4021 2556,4021 2613,4021 2671,4024 2729,4022 2787,4022 2845,4021"/>
                <Word id="tr_2_tl_7_w1" custom="readingOrder {index:0;}">
                    <Coords points="1682,3976 1682,4036 1742,4036 1742,3976"/>
                    <TextEquiv>
                        <Unicode>Mit</Unicode>
                    </TextEquiv>
                </Word>
                <Word id="tr_2_tl_7_w2" custom="readingOrder {index:1;}">
                    <Coords points="1770,3983 1770,4043 1914,4043 1914,3983"/>
                    <TextEquiv>
                        <Unicode>Rücksicht</Unicode>
                    </TextEquiv>
                </Word>
                <Word id="tr_2_tl_7_w3" custom="readingOrder {index:2;}">
                    <Coords points="1948,3987 1948,4047 2002,4047 2002,3987"/>
                    <TextEquiv>
                        <Unicode>auf</Unicode>
                    </TextEquiv>
                </Word>
                <Word id="tr_2_tl_7_w4" custom="readingOrder {index:3;}">
                    <Coords points="2031,3985 2031,4045 2075,4045 2075,3985"/>
                    <TextEquiv>
                        <Unicode>die</Unicode>
                    </TextEquiv>
                </Word>
                <Word id="tr_2_tl_7_w5" custom="readingOrder {index:4;}">
                    <Coords points="2103,3981 2103,4041 2269,4041 2269,3981"/>
                    <TextEquiv>
                        <Unicode>öffentliche</Unicode>
                    </TextEquiv>
                </Word>
                <Word id="tr_2_tl_7_w6" custom="readingOrder {index:5;}">
                    <Coords points="2297,3978 2297,4038 2391,4038 2391,3978"/>
                    <TextEquiv>
                        <Unicode>Ruhe</Unicode>
                    </TextEquiv>
                </Word>
                <Word id="tr_2_tl_7_w7" custom="readingOrder {index:6;}">
                    <Coords points="2441,3980 2441,4040 2496,4040 2496,3980"/>
                    <TextEquiv>
                        <Unicode>hat</Unicode>
                    </TextEquiv>
                </Word>
                <Word id="tr_2_tl_7_w8" custom="readingOrder {index:7;}">
                    <Coords points="2530,3981 2530,4041 2590,4041 2590,3981"/>
                    <TextEquiv>
                        <Unicode>nun</Unicode>
                    </TextEquiv>
                </Word>
                <Word id="tr_2_tl_7_w9" custom="readingOrder {index:8;}">
                    <Coords points="2630,3982 2630,4042 2673,4042 2673,3982"/>
                    <TextEquiv>
                        <Unicode>die</Unicode>
                    </TextEquiv>
                </Word>
                <Word id="tr_2_tl_7_w10" custom="readingOrder {index:9;}">
                    <Coords points="2707,3982 2707,4042 2845,4042 2845,3982"/>
                    <TextEquiv>
                        <Unicode>Polizei¬</Unicode>
                    </TextEquiv>
                </Word>
                <TextEquiv>
                    <Unicode>Mit Rücksicht auf die öffentliche Ruhe hat nun die Polizei¬</Unicode>
                </TextEquiv>
            </TextLine>
            <TextLine id="tr_2_tl_8" custom="readingOrder {index:7;}">
                <Coords points="1675,4080 2853,4090 2844,4028 1844,4056 1675,4022"/>
                <Baseline points="1683,4066 1741,4069 1800,4073 1859,4075 1917,4076 1976,4076 2035,4075 2093,4074 2152,4069 2211,4069 2270,4066 2328,4066 2387,4066 2446,4069 2504,4069 2563,4069 2622,4069 2680,4071 2739,4069 2798,4072 2857,4072"/>
                <Word id="tr_2_tl_8_w1" custom="readingOrder {index:0;}">
                    <Coords points="1675,4029 1675,4089 1818,4089 1818,4029"/>
                    <TextEquiv>
                        <Unicode>direktion</Unicode>
                    </TextEquiv>
                </Word>
                <Word id="tr_2_tl_8_w2" custom="readingOrder {index:1;}">
                    <Coords points="1876,4036 1876,4096 1999,4096 1999,4036"/>
                    <TextEquiv>
                        <Unicode>sowohl</Unicode>
                    </TextEquiv>
                </Word>
                <Word id="tr_2_tl_8_w3" custom="readingOrder {index:2;}">
                    <Coords points="2052,4034 2052,4094 2097,4094 2097,4034"/>
                    <TextEquiv>
                        <Unicode>die</Unicode>
                    </TextEquiv>
                </Word>
                <Word id="tr_2_tl_8_w4" custom="readingOrder {index:3;}">
                    <Coords points="2129,4027 2129,4087 2366,4087 2366,4027"/>
                    <TextEquiv>
                        <Unicode>angekündigten</Unicode>
                    </TextEquiv>
                </Word>
                <Word id="tr_2_tl_8_w5" custom="readingOrder {index:4;}">
                    <Coords points="2408,4029 2408,4089 2835,4089 2835,4029"/>
                    <TextEquiv>
                        <Unicode>Straßendemonstrationen</Unicode>
                    </TextEquiv>
                </Word>
                <TextEquiv>
                    <Unicode>direktion sowohl die angekündigten Straßendemonstrationen</Unicode>
                </TextEquiv>
            </TextLine>
            <TextLine id="tr_2_tl_9" custom="readingOrder {index:8;}">
                <Coords points="1675,4125 2842,4134 2842,4086 2747,4075 1675,4084"/>
                <Baseline points="1683,4114 1741,4117 1799,4121 1857,4122 1915,4122 1973,4122 2031,4122 2089,4119 2147,4118 2205,4116 2264,4116 2322,4115 2380,4116 2438,4116 2496,4116 2554,4119 2612,4117 2670,4116 2728,4118 2786,4118 2845,4119"/>
                <Word id="tr_2_tl_9_w1" custom="readingOrder {index:0;}">
                    <Coords points="1674,4074 1674,4134 1723,4134 1723,4074"/>
                    <TextEquiv>
                        <Unicode>als</Unicode>
                    </TextEquiv>
                </Word>
                <Word id="tr_2_tl_9_w2" custom="readingOrder {index:1;}">
                    <Coords points="1758,4080 1758,4140 1821,4140 1821,4080"/>
                    <TextEquiv>
                        <Unicode>auch</Unicode>
                    </TextEquiv>
                </Word>
                <Word id="tr_2_tl_9_w3" custom="readingOrder {index:2;}">
                    <Coords points="1861,4082 1861,4142 1904,4142 1904,4082"/>
                    <TextEquiv>
                        <Unicode>die</Unicode>
                    </TextEquiv>
                </Word>
                <Word id="tr_2_tl_9_w4" custom="readingOrder {index:3;}">
                    <Coords points="1939,4079 1939,4139 2208,4139 2208,4079"/>
                    <TextEquiv>
                        <Unicode>Versammlungen</Unicode>
                    </TextEquiv>
                </Word>
                <Word id="tr_2_tl_9_w5" custom="readingOrder {index:4;}">
                    <Coords points="2248,4075 2248,4135 2336,4135 2336,4075"/>
                    <TextEquiv>
                        <Unicode>unter</Unicode>
                    </TextEquiv>
                </Word>
                <Word id="tr_2_tl_9_w6" custom="readingOrder {index:5;}">
                    <Coords points="2370,4076 2370,4136 2458,4136 2458,4076"/>
                    <TextEquiv>
                        <Unicode>freiem</Unicode>
                    </TextEquiv>
                </Word>
                <Word id="tr_2_tl_9_w7" custom="readingOrder {index:6;}">
                    <Coords points="2508,4078 2508,4138 2649,4138 2649,4078"/>
                    <TextEquiv>
                        <Unicode>Himmel</Unicode>
                    </TextEquiv>
                </Word>
                <Word id="tr_2_tl_9_w8" custom="readingOrder {index:7;}">
                    <Coords points="2679,4078 2679,4138 2845,4138 2845,4078"/>
                    <TextEquiv>
                        <Unicode>verboten.</Unicode>
                    </TextEquiv>
                </Word>
                <TextEquiv>
                    <Unicode>als auch die Versammlungen unter freiem Himmel verboten.</Unicode>
                </TextEquiv>
            </TextLine>
            <TextLine id="tr_2_tl_10" custom="readingOrder {index:9;}">
                <Coords points="1675,4163 2847,4175 2829,4126 1675,4125"/>
                <Baseline points="1683,4161 1741,4164 1799,4167 1858,4170 1916,4166 1975,4164 2033,4169 2091,4167 2150,4166 2208,4164 2267,4164 2325,4164 2383,4166 2442,4164 2500,4167 2559,4167 2617,4167 2675,4167 2734,4167 2792,4167 2851,4167"/>
                <Word id="tr_2_tl_10_w1" custom="readingOrder {index:0;}">
                    <Coords points="1675,4122 1675,4182 1731,4182 1731,4122"/>
                    <TextEquiv>
                        <Unicode>Die</Unicode>
                    </TextEquiv>
                </Word>
                <Word id="tr_2_tl_10_w2" custom="readingOrder {index:1;}">
                    <Coords points="1768,4126 1768,4186 1793,4186 1793,4126"/>
                    <TextEquiv>
                        <Unicode>in</Unicode>
                    </TextEquiv>
                </Word>
                <Word id="tr_2_tl_10_w3" custom="readingOrder {index:2;}">
                    <Coords points="1835,4125 1835,4185 2046,4185 2046,4125"/>
                    <TextEquiv>
                        <Unicode>geschlossenen</Unicode>
                    </TextEquiv>
                </Word>
                <Word id="tr_2_tl_10_w4" custom="readingOrder {index:3;}">
                    <Coords points="2088,4126 2088,4186 2206,4186 2206,4126"/>
                    <TextEquiv>
                        <Unicode>Lokalen</Unicode>
                    </TextEquiv>
                </Word>
                <Word id="tr_2_tl_10_w5" custom="readingOrder {index:4;}">
                    <Coords points="2263,4125 2263,4185 2510,4185 2510,4125"/>
                    <TextEquiv>
                        <Unicode>angekündigten</Unicode>
                    </TextEquiv>
                </Word>
                <Word id="tr_2_tl_10_w6" custom="readingOrder {index:5;}">
                    <Coords points="2552,4127 2552,4187 2835,4187 2835,4127"/>
                    <TextEquiv>
                        <Unicode>Versammlungen</Unicode>
                    </TextEquiv>
                </Word>
                <TextEquiv>
                    <Unicode>Die in geschlossenen Lokalen angekündigten Versammlungen</Unicode>
                </TextEquiv>
            </TextLine>
            <TextEquiv>
                <Unicode></Unicode>
            </TextEquiv>
        </TextRegion>
        <TextRegion orientation="0.0" id="tr_3" custom="readingOrder {index:2;}">
            <Coords points="2878,3644 2878,4217 3272,4217 3272,3644"/>
            <TextLine id="tr_3_tl_1" custom="readingOrder {index:0;}">
                <Coords points="2883,3668 2968,3686 2992,3671 3002,3681 3025,3675 3049,3690 3093,3678 3150,3689 3191,3681 3189,3598 3179,3595 3110,3586 3005,3623 2882,3597"/>
                <Baseline points="2892,3666 2917,3666 2942,3666 2967,3666 2992,3667 3017,3668 3043,3670 3068,3672 3093,3672 3118,3672 3143,3672 3168,3673 3194,3675"/>
                <TextEquiv>
                    <Unicode></Unicode>
                </TextEquiv>
            </TextLine>
            <TextLine id="tr_3_tl_2" custom="readingOrder {index:1;}">
                <Coords points="2889,3731 3040,3722 3049,3731 3122,3727 3135,3736 3156,3719 3179,3724 3177,3683 3125,3681 3087,3693 3025,3677 2968,3686 2888,3672"/>
                <Baseline points="2898,3716 2923,3714 2949,3713 2975,3713 3001,3713 3027,3713 3052,3714 3078,3716 3104,3718 3130,3719 3156,3719 3182,3719"/>
                <Word id="tr_3_tl_2_w1" custom="readingOrder {index:0;}">
                    <Coords points="2888,3673 2888,3733 3024,3733 3024,3673"/>
                    <TextEquiv>
                        <Unicode>Festetics</Unicode>
                    </TextEquiv>
                </Word>
                <Word id="tr_3_tl_2_w2" custom="readingOrder {index:1;}">
                    <Coords points="3067,3677 3067,3737 3135,3737 3135,3677"/>
                    <TextEquiv>
                        <Unicode>auch</Unicode>
                    </TextEquiv>
                </Word>
                <TextEquiv>
                    <Unicode>Festetics auch</Unicode>
                </TextEquiv>
            </TextLine>
            <TextLine id="tr_3_tl_3" custom="readingOrder {index:2;}">
                <Coords points="2885,3779 2925,3770 2960,3784 3002,3770 3031,3785 3070,3770 3094,3790 3141,3787 3174,3776 3173,3737 3069,3725 3043,3734 2883,3727"/>
                <Baseline points="2892,3761 2917,3761 2943,3761 2969,3763 2995,3764 3021,3764 3046,3765 3072,3767 3098,3767 3124,3767 3150,3767 3176,3767"/>
                <Word id="tr_3_tl_3_w1" custom="readingOrder {index:0;}">
                    <Coords points="2878,3721 2878,3781 2925,3781 2925,3721"/>
                    <TextEquiv>
                        <Unicode>des</Unicode>
                    </TextEquiv>
                </Word>
                <Word id="tr_3_tl_3_w2" custom="readingOrder {index:1;}">
                    <Coords points="2964,3726 2964,3786 3166,3786 3166,3726"/>
                    <TextEquiv>
                        <Unicode>ungarischen</Unicode>
                    </TextEquiv>
                </Word>
                <TextEquiv>
                    <Unicode>des ungarischen</Unicode>
                </TextEquiv>
            </TextLine>
            <TextLine id="tr_3_tl_4" custom="readingOrder {index:3;}">
                <Coords points="2986,3825 3018,3834 3063,3823 3091,3841 3120,3820 3146,3825 3159,3837 3180,3832 3180,3778 3159,3776 3138,3791 3126,3781 3088,3787 3073,3773 3048,3790 3019,3784 3005,3772 2986,3775"/>
                <Baseline points="2994,3812 3020,3812 3047,3812 3074,3812 3101,3812 3128,3812 3155,3814 3182,3815"/>
                <Word id="tr_3_tl_4_w1" custom="readingOrder {index:0;}">
                    <Coords points="2987,3772 2987,3832 3022,3832 3022,3772"/>
                    <TextEquiv>
                        <Unicode>In</Unicode>
                    </TextEquiv>
                </Word>
                <Word id="tr_3_tl_4_w2" custom="readingOrder {index:1;}">
                    <Coords points="3064,3772 3064,3832 3117,3832 3117,3772"/>
                    <TextEquiv>
                        <Unicode>der</Unicode>
                    </TextEquiv>
                </Word>
                <Word id="tr_3_tl_4_w3" custom="readingOrder {index:2;}">
                    <Coords points="3147,3774 3147,3834 3164,3834 3164,3774"/>
                    <TextEquiv>
                        <Unicode>V</Unicode>
                    </TextEquiv>
                </Word>
                <TextEquiv>
                    <Unicode>In der V</Unicode>
                </TextEquiv>
            </TextLine>
            <TextLine id="tr_3_tl_5" custom="readingOrder {index:4;}">
                <Coords points="2879,3868 2938,3877 2987,3868 3055,3884 3072,3870 3194,3877 3193,3823 3159,3837 3122,3820 3093,3841 3064,3822 3019,3835 2942,3808 2901,3828 2877,3823"/>
                <Baseline points="2886,3860 2911,3858 2937,3857 2963,3859 2989,3860 3015,3860 3041,3861 3067,3863 3093,3863 3119,3863 3145,3863 3171,3864 3197,3866"/>
                <Word id="tr_3_tl_5_w1" custom="readingOrder {index:0;}">
                    <Coords points="2877,3817 2877,3877 3010,3877 3010,3817"/>
                    <TextEquiv>
                        <Unicode>wesens,</Unicode>
                    </TextEquiv>
                </Word>
                <Word id="tr_3_tl_5_w2" custom="readingOrder {index:1;}">
                    <Coords points="3032,3821 3032,3881 3069,3881 3069,3821"/>
                    <TextEquiv>
                        <Unicode>am</Unicode>
                    </TextEquiv>
                </Word>
                <Word id="tr_3_tl_5_w3" custom="readingOrder {index:2;}">
                    <Coords points="3118,3823 3118,3883 3186,3883 3186,3823"/>
                    <TextEquiv>
                        <Unicode>Anf</Unicode>
                    </TextEquiv>
                </Word>
                <TextEquiv>
                    <Unicode>wesens, am Anf</Unicode>
                </TextEquiv>
            </TextLine>
            <TextLine id="tr_3_tl_6" custom="readingOrder {index:5;}">
                <Coords points="2879,3914 2987,3927 3010,3914 3036,3923 3097,3915 3129,3932 3159,3929 3194,3920 3193,3877 3111,3884 3072,3870 3055,3885 2986,3868 2877,3868"/>
                <Baseline points="2886,3905 2911,3907 2937,3908 2963,3908 2989,3908 3015,3908 3041,3908 3067,3908 3093,3909 3119,3910 3145,3910 3171,3911 3197,3913"/>
                <Word id="tr_3_tl_6_w1" custom="readingOrder {index:0;}">
                    <Coords points="2876,3868 2876,3928 3039,3928 3039,3868"/>
                    <TextEquiv>
                        <Unicode>alternden</Unicode>
                    </TextEquiv>
                </Word>
                <Word id="tr_3_tl_6_w2" custom="readingOrder {index:1;}">
                    <Coords points="3069,3870 3069,3930 3183,3930 3183,3870"/>
                    <TextEquiv>
                        <Unicode>Grafen</Unicode>
                    </TextEquiv>
                </Word>
                <TextEquiv>
                    <Unicode>alternden Grafen</Unicode>
                </TextEquiv>
            </TextLine>
            <TextLine id="tr_3_tl_7" custom="readingOrder {index:6;}">
                <Coords points="2877,3962 3001,3963 3040,3980 3173,3970 3171,3924 3128,3932 3096,3915 3055,3932 3027,3920 2987,3929 2919,3914 2900,3927 2876,3914"/>
                <Baseline points="2886,3955 2912,3955 2938,3955 2965,3955 2991,3956 3017,3958 3044,3958 3070,3958 3096,3958 3123,3959 3149,3961 3176,3961"/>
                <Word id="tr_3_tl_7_w1" custom="readingOrder {index:0;}">
                    <Coords points="2871,3915 2871,3975 2921,3975 2921,3915"/>
                    <TextEquiv>
                        <Unicode>des</Unicode>
                    </TextEquiv>
                </Word>
                <Word id="tr_3_tl_7_w2" custom="readingOrder {index:1;}">
                    <Coords points="2957,3918 2957,3978 3161,3978 3161,3918"/>
                    <TextEquiv>
                        <Unicode>ungarischen</Unicode>
                    </TextEquiv>
                </Word>
                <TextEquiv>
                    <Unicode>des ungarischen</Unicode>
                </TextEquiv>
            </TextLine>
            <TextLine id="tr_3_tl_8" custom="readingOrder {index:7;}">
                <Coords points="2871,4016 3030,4012 3146,4027 3189,4015 3188,3973 3141,3967 3103,3985 3084,3973 2945,3973 2897,3959 2870,3976"/>
                <Baseline points="2880,4000 2906,4002 2932,4003 2958,4003 2984,4003 3010,4003 3037,4004 3063,4006 3089,4006 3115,4007 3141,4008 3167,4009 3194,4009"/>
                <Word id="tr_3_tl_8_w1" custom="readingOrder {index:0;}">
                    <Coords points="2875,3962 2875,4022 2941,4022 2941,3962"/>
                    <TextEquiv>
                        <Unicode>auf,</Unicode>
                    </TextEquiv>
                </Word>
                <Word id="tr_3_tl_8_w2" custom="readingOrder {index:1;}">
                    <Coords points="2967,3963 2967,4023 3018,4023 3018,3963"/>
                    <TextEquiv>
                        <Unicode>der</Unicode>
                    </TextEquiv>
                </Word>
                <Word id="tr_3_tl_8_w3" custom="readingOrder {index:2;}">
                    <Coords points="3049,3966 3049,4026 3079,4026 3079,3966"/>
                    <TextEquiv>
                        <Unicode>an</Unicode>
                    </TextEquiv>
                </Word>
                <Word id="tr_3_tl_8_w4" custom="readingOrder {index:3;}">
                    <Coords points="3116,3968 3116,4028 3192,4028 3192,3968"/>
                    <TextEquiv>
                        <Unicode>aller</Unicode>
                    </TextEquiv>
                </Word>
                <TextEquiv>
                    <Unicode>auf, der an aller</Unicode>
                </TextEquiv>
            </TextLine>
            <TextLine id="tr_3_tl_9" custom="readingOrder {index:8;}">
                <Coords points="2871,4059 2933,4069 3014,4053 3028,4065 3196,4066 3194,4018 3182,4015 3143,4028 3046,4013 2871,4018"/>
                <Baseline points="2880,4048 2906,4050 2932,4051 2959,4051 2985,4051 3012,4051 3038,4053 3064,4054 3091,4054 3117,4055 3144,4057 3170,4057 3197,4057"/>
                <Word id="tr_3_tl_9_w1" custom="readingOrder {index:0;}">
                    <Coords points="2870,4010 2870,4070 2984,4070 2984,4010"/>
                    <TextEquiv>
                        <Unicode>nahm.</Unicode>
                    </TextEquiv>
                </Word>
                <Word id="tr_3_tl_9_w2" custom="readingOrder {index:1;}">
                    <Coords points="3015,4012 3015,4072 3059,4072 3059,4012"/>
                    <TextEquiv>
                        <Unicode>Er</Unicode>
                    </TextEquiv>
                </Word>
                <Word id="tr_3_tl_9_w3" custom="readingOrder {index:2;}">
                    <Coords points="3090,4016 3090,4076 3179,4076 3179,4016"/>
                    <TextEquiv>
                        <Unicode>wurd</Unicode>
                    </TextEquiv>
                </Word>
                <TextEquiv>
                    <Unicode>nahm. Er wurd</Unicode>
                </TextEquiv>
            </TextLine>
            <TextLine id="tr_3_tl_10" custom="readingOrder {index:9;}">
                <Coords points="2879,4114 2968,4105 3055,4108 3076,4119 3102,4105 3153,4123 3186,4113 3185,4065 3120,4059 3081,4071 3004,4053 2930,4069 2918,4057 2877,4059"/>
                <Baseline points="2886,4093 2911,4096 2936,4099 2961,4099 2986,4099 3011,4099 3037,4100 3062,4102 3087,4102 3112,4102 3137,4104 3162,4105 3188,4105"/>
                <Word id="tr_3_tl_10_w1" custom="readingOrder {index:0;}">
                    <Coords points="2878,4059 2878,4119 3078,4119 3078,4059"/>
                    <TextEquiv>
                        <Unicode>Jockeiklubs,</Unicode>
                    </TextEquiv>
                </Word>
                <Word id="tr_3_tl_10_w2" custom="readingOrder {index:1;}">
                    <Coords points="3100,4064 3100,4124 3177,4124 3177,4064"/>
                    <TextEquiv>
                        <Unicode>über</Unicode>
                    </TextEquiv>
                </Word>
                <TextEquiv>
                    <Unicode>Jockeiklubs, über</Unicode>
                </TextEquiv>
            </TextLine>
            <TextLine id="tr_3_tl_11" custom="readingOrder {index:10;}">
                <Coords points="2871,4154 2916,4167 2948,4151 3257,4166 3269,4163 3268,4107 3153,4123 2986,4105 2870,4117"/>
                <Baseline points="2878,4146 2904,4146 2930,4146 2956,4146 2983,4147 3009,4149 3035,4151 3061,4152 3088,4152 3114,4152 3140,4152 3166,4153 3193,4155 3219,4155 3245,4155 3272,4155"/>
                <Word id="tr_3_tl_11_w1" custom="readingOrder {index:0;}">
                    <Coords points="2870,4106 2870,4166 2927,4166 2927,4106"/>
                    <TextEquiv>
                        <Unicode>alle</Unicode>
                    </TextEquiv>
                </Word>
                <Word id="tr_3_tl_11_w2" custom="readingOrder {index:1;}">
                    <Coords points="2958,4112 2958,4172 3204,4172 3204,4112"/>
                    <TextEquiv>
                        <Unicode>Vorkommnisse</Unicode>
                    </TextEquiv>
                </Word>
                <Word id="tr_3_tl_11_w3" custom="readingOrder {index:2;}">
                    <Coords points="3236,4115 3236,4175 3267,4175 3267,4115"/>
                    <TextEquiv>
                        <Unicode>an</Unicode>
                    </TextEquiv>
                </Word>
                <TextEquiv>
                    <Unicode>alle Vorkommnisse an</Unicode>
                </TextEquiv>
            </TextLine>
            <TextLine id="tr_3_tl_12" custom="readingOrder {index:11;}">
                <Coords points="2892,4218 2932,4217 2942,4205 3005,4205 3052,4217 3046,4166 3022,4173 3002,4166 2990,4170 2963,4163 2948,4151 2916,4167 2900,4154 2885,4154"/>
                <Baseline points="2898,4194 2924,4192 2950,4192 2976,4198 3002,4202 3028,4205 3054,4206"/>
                <TextEquiv>
                    <Unicode></Unicode>
                </TextEquiv>
            </TextLine>
            <TextEquiv>
                <Unicode></Unicode>
            </TextEquiv>
        </TextRegion>
    </Page>
</PcGts>
