3248 4384
320 282 883 342 Schnitzlers
951 280 1180 340 Deatl

1918 628 1978 688 und
2018 626 2067 686 die
2103 628 2212 688 Werke
2248 626 2353 686 seiner
2388 625 2637 685 Reiseperiode,

1924 673 1968 733 die
2003 673 2081 733 alles
2121 673 2235 733 Wissen
2270 672 2309 732 um
2363 670 2418 730 das
2453 673 2546 733 Leben
2581 673 2634 733 zu¬

1924 718 2189 778 sammenfassen:
2225 718 2404 778 „Komödie
2450 718 2505 778 der
2552 718 2638 778 Ver¬

1921 763 2095 823 führung"-
2136 764 2263 824 (1924),
2304 763 2477 823 „Fräulein
2577 762 2622 822 se“

1924 809 2049 869 (1925),
2102 808 2170 868 eine
2229 808 2333 868 Reihe
2397 811 2638 871 traumschoner

1920 852 2089 912 Novellen,
2101 852 2160 912 und
2191 852 2236 912 die
2256 852 2332 912 zwei
2347 850 2442 910 letzten
2468 852 2593 912 Stücke,
2609 853 2633 913 in

1924 894 2015 954 denen
2054 895 2097 955 die
2126 896 2251 956 Motive
2281 895 2333 955 der
2363 897 2492 957 Jugend
2517 897 2632 957 wieder

1924 942 2120 1002 aufklingen,
2150 940 2233 1000 „Der
2258 940 2351 1000 Gang
2381 942 2435 1002 zum
2480 939 2626 999 Weiher“

1928 987 1981 1047 und
2025 990 2091 1050 „Im
2134 987 2237 1047 Spiel
2268 985 2322 1045 der
2359 986 2620 1046 Sommerlüfte¬

1926 2044 2003 2104 Der
2052 2044 2149 2104 neue
2198 2041 2525 2101 mexikanis

1926 2097 2461 2157 Ministerpräsident
2494 2091 2543 2151 Ma

2329 2138 2403 2198 Wide
2430 2137 2517 2197 World
2540 2138 2552 2198 !

1926 2146 2123 2206 Tellez.

1930 2247 2055 2307 Einfach
2084 2247 2146 2307 und
2174 2247 2271 2307 groß,
2293 2244 2348 2304 wie
2377 2244 2404 2304 er
2432 2244 2536 2304 gelebt
2565 2244 2634 2304 hat,

1925 2295 2028 2355 wollte
2068 2293 2102 2353 er
2142 2292 2211 2352 auch
2261 2289 2320 2349 das
2364 2289 2532 2349 Geschehen
2582 2289 2621 2349 um

1927 2340 2019 2400 seinen
2066 2338 2133 2398 Tod
2185 2334 2315 2394 wissen.
2357 2334 2454 2394 Keine
2502 2334 2646 2394 Kränze,

1931 2384 2006 2444 keine
2042 2378 2177 2438 Reden,
2207 2378 2292 2438 keine
2328 2378 2473 2438 Trauer,
2499 2376 2563 2436 bloß
2599 2379 2643 2439 ein

1937 2429 2085 2489 einfaches
2112 2425 2312 2485 Begräbnis,
2334 2423 2381 2483 der
2403 2423 2582 2483 Restbetrag
2609 2424 2646 2484 ist

1934 2474 2197 2534 Spitalszwecken
2232 2468 2466 2528 zuzuwenden,
2491 2466 2505 2526 -
2573 2468 2644 2528 aber

1935 2519 2045 2579 gerade
2103 2516 2203 2576 darum
2281 2514 2358 2574 wird
2421 2513 2487 2573 man
2546 2511 2646 2571 seiner

132 2547 452 2607 berühmter,
463 2542 501 2602 in
533 2539 591 2599 der
622 2533 902 2593 Vorwoche
934 2527 963 2587 in
994 2525 1122 2585 Wien
1163 2521 1544 2581 verstorbener
1575 2516 1743 2576 Männer.

1929 2564 2022 2624 tiefer
2062 2561 2121 2621 und
2161 2561 2289 2621 inniger
2319 2558 2491 2618 gedenken,
2521 2555 2555 2615 da
2590 2555 2643 2615 der

427 2587 507 2647 Phol.
523 2583 619 2643 Scherb
643 2579 690 2639 und
715 2579 850 2639 Kleinberg

1932 2608 2093 2668 Schmerz,
2144 2605 2199 2665 von
2266 2602 2367 2662 keinem
2443 2599 2635 2659 äußerlichen

1583 2659 1754 2719 Gepränge
1795 2656 1976 2716 abgelenkt,
2007 2652 2056 2712 dem
2112 2648 2208 2708 Toten
2249 2647 2339 2707 allein
2375 2648 2450 2708 gilt.
2482 2647 2652 2707 Schnitzler

475 2682 636 2742 „Reigen"
675 2677 734 2737 und
773 2674 854 2734 „Der
881 2671 1017 2731 Schleier
1050 2667 1098 2727 der
1125 2662 1293 2722 Beatrice"
1321 2662 1450 2722 (1900),
1483 2660 1531 2720 die

124 2695 320 2755 kuptgestalt
352 2689 414 2749 uns

1588 2704 1757 2764 hinterläßt
1784 2701 1860 2761 zwei
1887 2699 2015 2759 Söhne,
2046 2695 2113 2755 eine
2149 2693 2278 2753 Tochter
2314 2692 2370 2752 hat
2407 2691 2463 2751 vor
2500 2692 2638 2752 wenigen

469 2726 758 2786 Monolognovelle
779 2718 957 2778 „Leutnant
978 2714 1105 2774 Gustl",
1126 2709 1339 2769 derentwegen
1365 2707 1532 2767 Schnitzler

131 2741 254 2801 celsus"
298 2735 439 2795 (1899),

1589 2751 1702 2811 Jahren
1744 2746 1946 2806 Selbstmord
1982 2743 2168 2803 begangen,
2210 2740 2287 2800 seine
2324 2739 2521 2799 geschiedene
2557 2738 2640 2798 Frau

997 2760 1067 2820 auch
1093 2758 1144 2818 des
1170 2752 1441 2812 Offizietsranges
1467 2752 1532 2812 ver¬

1589 2794 1645 2854 lebt
1677 2794 1707 2854 in
1749 2791 1878 2851 Berlin.
1910 2790 1967 2850 Ein
2009 2788 2123 2848 reicher
2159 2785 2293 2845 Nachlaß
2331 2783 2402 2843 wird
2439 2782 2491 2842 von
2528 2782 2646 2842 Doktor

1001 2805 1088 2865 lustig
1130 2802 1243 2862 erklärt
1280 2799 1403 2859 wurde,
1445 2798 1527 2858 „Der

1588 2842 1679 2902 Horch
1713 2838 1766 2898 auf
1794 2838 1918 2898 Wunsch
1952 2835 2000 2895 des
2033 2832 2260 2892 Verstorbenen
2293 2829 2450 2889 gesichtet.

1220 2841 1297 2901 Weg

1401 2841 1530 2901 (1903),

1002 2849 1144 2909 einsame

1008 2892 1283 2952 „Zwischenspiel"
1307 2886 1435 2946 (1905),
1465 2887 1523 2947 sein

1006 2940 1146 3000 einziger
1172 2936 1318 2996 Roman,
1344 2934 1427 2994 „Der
1454 2933 1525 2993 Weg

1000 2987 1050 3047 ins
1096 2982 1210 3042 Freie"
1268 2977 1398 3037 (1908),
1445 2977 1535 3037 „Der

1011 3031 1098 3091 junge
1142 3025 1343 3085 Medardus"
1403 3021 1533 3081 (1910),

1016 3077 1100 3137 „Das
1123 3073 1207 3133 weite
1224 3068 1324 3128 Land"
1341 3070 1468 3130 (1911),
1474 3065 1526 3125 das

1011 3118 1270 3178 vielumstrittene
1303 3113 1398 3173 Stück
1430 3113 1536 3173 „Pro-

1010 3170 1103 3230 fessor
1154 3161 1354 3221 Bernhardi-
1404 3159 1537 3219 (1912),

1468 3546 1577 3606 Seite
1614 3546 1631 3606 4

119 3804 432 3864 anz-Edikts
481 3797 516 3857 in
572 3794 644 3854 der
699 3788 988 3848 Tschecho¬

126 3858 196 3918 der
226 3853 521 3913 Evangelischen
558 3843 687 3903 Kirche
712 3841 758 3901 A.
771 3839 817 3899 B.
836 3836 982 3896 Doktor

112 3910 128 3970 t
157 3907 225 3967 den
254 3902 470 3962 Vertretern
504 3894 566 3954 der
589 3890 794 3950 Gemeinde
829 3884 987 3944 Haber

106 3955 419 4015 ugelischen
455 3943 655 4003 Gemeinde
685 3937 744 3997 des
774 3934 980 3994 damaligen

117 4021 153 4081 s,
183 4005 263 4065 eine
294 4002 485 4062 Spende
522 3991 588 4051 für
618 3991 683 4051 das
714 3983 985 4043 Evangelische
