3392 4352
198 293 285 353 2.
336 291 929 351 Schnitzler's
999 291 1235 351 Death

1456 291 1580 351 box
1652 297 1838 357 43/1

690 1121 854 1181 OB

1057 1149 1401 1209 ERVER

771 1180 797 1240 I.
811 1185 930 1245 österr.
943 1192 1089 1252 behördl.
1107 1206 1403 1266 konzessioniertes

721 1223 957 1283 Unternehmen
989 1233 1037 1293 für
1064 1246 1452 1306 Zeitungs-Ausschnitte

776 1286 922 1346 WIEN,
949 1294 995 1354 I.,
1023 1303 1309 1363 WOLLZEILE
1357 1314 1416 1374 11-

868 1343 1086 1403 TELEPHON
1118 1353 1294 1413 R-23-0-43

664 1474 889 1534 Ausschnitt
912 1482 982 1542 aus

939 1521 1054 1581 Nn
1073 1514 1267 1574 Lagigen
1292 1506 1432 1566 Benug

1080 1633 1098 1693 2
1129 1629 1175 1689 3.
1206 1625 1340 1685 OKT.
1361 1625 1457 1685 1937

814 1836 1071 1896 Arthur
1119 1843 1494 1903 Schnitzler

1108 1920 1288 1980 Wien,
1319 1924 1384 1984 21.
1416 1925 1601 1985 Oktober.

833 1971 1035 2031 Arthur
1094 1980 1371 2040 Schnitzler
1430 1985 1476 2045 ist
1528 1987 1638 2047 heute

770 2032 990 2092 nachmittag
1024 2037 1051 2097 in
1086 2037 1185 2097 Wien
1218 2040 1251 2100 im
1296 2041 1362 2101 70.
1385 2045 1639 2105 Lebensjahre

770 2091 870 2151 einem
923 2097 1186 2157 Schlaganfall
1213 2101 1376 2161 erlegen.

782 2197 834 2257 Die
877 2204 945 2264 erste
983 2207 1073 2267 große
1110 2209 1301 2269 Erzählung,
1338 2213 1396 2273 mit
1434 2213 1481 2273 der
1524 2216 1640 2276 Arthur

722 2240 879 2300 Schnitzler
914 2243 966 2303 vor
996 2246 1052 2306 fast
1077 2248 1187 2308 vierzig
1221 2252 1331 2312 Jahren
1365 2252 1552 2312 hervortrat,
1576 2258 1633 2318 hieß

729 2282 906 2342 „Sterben",
925 2285 970 2345 die
998 2286 1075 2346 letzte
1103 2284 1111 2344 —
1162 2287 1216 2347 erst
1244 2290 1294 2350 vor
1322 2292 1435 2352 einigen
1468 2295 1563 2355 Tagen
1596 2294 1641 2354 er¬

724 2321 842 2381 schienen
872 2321 882 2381 —
932 2324 1010 2384 heißt
1035 2327 1158 2387 „Fluch!
1178 2327 1203 2387 in
1233 2330 1271 2390 die
1297 2333 1499 2393 Finsternis".
1524 2334 1563 2394 Er
1593 2334 1641 2394 hat

717 2357 788 2417 diese
810 2362 912 2422 Flucht
940 2365 1184 2425 unternommen,
1207 2368 1295 2428 bevor
1322 2371 1375 2431 wir
1403 2371 1447 2431 ihm
1487 2374 1549 2434 noch
1581 2374 1634 2434 aus

723 2398 813 2458 Anlaß
841 2404 932 2464 seines
960 2404 1052 2464 nahen
1084 2407 1130 2467 70.
1149 2408 1368 2468 Geburtstages
1396 2413 1473 2473 sagen
1506 2414 1624 2474 konnten

722 2440 821 2500 warum
867 2441 921 2501 wir
949 2443 976 2503 in
1008 2443 1054 2503 ihm
1095 2446 1140 2506 den
1177 2449 1391 2509 bedeutendsten
1428 2455 1637 2515 Schriftsteller

717 2479 764 2539 der
797 2482 1051 2542 naturalistischen
1089 2488 1273 2548 Generation
1311 2491 1409 2551 sehen.
1448 2494 1532 2554 Weil
1561 2495 1635 2555 seine

721 2521 966 2581 melancholischen
1003 2525 1112 2585 Helden
1149 2527 1203 2587 auf
1231 2530 1285 2590 das
1322 2530 1436 2590 Pathos
1468 2535 1645 2595 verzichten,

721 2557 763 2617 als
791 2559 819 2619 es
847 2562 908 2622 noch
937 2562 959 2622 im
997 2564 1160 2624 Schwange
1189 2567 1263 2627 war.
1287 2569 1366 2629 Weil
1390 2571 1460 2631 seine
1484 2574 1632 2634 Menschen

722 2597 820 2657 stiller,
849 2601 1004 2661 brüchiger
1048 2604 1104 2664 und
1147 2607 1236 2667 dabei
1270 2610 1401 2670 gefaßter
1440 2612 1557 2672 waren,
1591 2613 1637 2673 als

723 2640 895 2700 literarische
920 2643 1026 2703 Helden
1060 2643 1102 2703 bis
1132 2646 1218 2706 dahin
1247 2649 1275 2709 zu
1305 2649 1357 2709 sein
1387 2651 1530 2711 pflegten.
1560 2652 1641 2712 Weil

720 2676 742 2736 in
776 2679 864 2739 seiner
888 2682 1018 2742 Sprache
1047 2685 1093 2745 die
1117 2685 1243 2745 Budike,
1267 2688 1308 2748 die
1332 2691 1570 2751 Stehbierhalle,
1594 2694 1635 2754 die

719 2720 971 2780 Kutscherkneipe,
1009 2724 1060 2784 das
1107 2727 1266 2787 Aufstoßen
1327 2727 1354 2787 im
1411 2729 1542 2789 Dialekt,
1580 2731 1631 2791 das

723 2756 844 2816 Rülpsen
878 2761 929 2821 mit
953 2762 1151 2822 Saftigkeiten
1189 2765 1316 2825 verpönt
1340 2765 1471 2825 blieben,
1491 2768 1547 2828 und
1581 2768 1641 2828 eine

718 2798 851 2858 Zartheit
876 2800 923 2860 der
953 2801 1062 2861 Mittel
1087 2805 1139 2865 auf
1168 2804 1226 2864 eine
1255 2810 1475 2870 unzeitgemäße
1499 2810 1633 2870 Zartheit

715 2837 755 2897 der
786 2838 877 2898 Seele
903 2841 1045 2901 schließen
1082 2845 1157 2905 ließ.

768 2879 896 2939 Anatol,
912 2879 960 2939 der
986 2885 1307 2945 Schlachtenbummler
1327 2885 1376 2945 der
1396 2888 1540 2948 Gefühle,
1560 2889 1633 2949 Pro¬

718 2918 801 2978 fessor
831 2921 1002 2981 Vernardi,
1023 2921 1071 2981 der
1102 2924 1214 2984 hilflose
1244 2927 1361 2987 Helfer,
1386 2927 1430 2987 der
1465 2929 1631 2989 liebesfeige

717 2956 899 3016 Liebesheld,
923 2957 1034 3017 Bertha
1068 2959 1207 3019 Garlan,
1231 2965 1324 3025 Opfer
1353 2965 1432 3025 ihrer
1465 2968 1638 3028 Opferung,

709 2998 849 3058 Fräulein
888 2998 970 3058 Else,
1000 2998 1042 3058 die
1077 3001 1144 3061 ihre
1174 3003 1260 3063 Liebe
1295 3004 1347 3064 und
1386 3004 1464 3064 ihren
1503 3006 1560 3066 Tod
1599 3007 1628 3067 in

712 3036 750 3096 sich
789 3037 894 3097 nährt,
924 3039 971 3099 bis
1006 3040 1039 3100 sie
1073 3042 1164 3102 daran
1208 3043 1308 3103 stirbt,
1333 3043 1452 3103 Therese
1486 3046 1635 3106 Fabiani,

719 3076 860 3136 Bürgerin
888 3079 942 3139 aus
970 3079 1112 3139 schlechtem
1154 3080 1208 3140 und
1236 3083 1437 3143 verbrauchtem
1479 3086 1565 3146 Blut,
1584 3088 1634 3148 das

708 3112 761 3172 mit
786 3118 936 3178 magischem
976 3118 1111 3178 Gewicht
1131 3120 1165 3180 sie
1190 3121 1325 3181 abwärts
1351 3124 1442 3184 zieht,
1462 3126 1520 3186 eine
1545 3126 1637 3186 Fülle

710 3153 891 3213 wanderbar
929 3159 1227 3219 zusammengesetzter
1265 3162 1461 3222 vielfältiger,
1489 3162 1554 3222 viel
1568 3164 1633 3224 päl¬

712 3195 782 3255 tiger
815 3195 983 3255 Gestalten,
1007 3198 1053 3258 die
1082 3199 1138 3259 nur
1166 3201 1194 3261 im
1237 3201 1311 3261 Takt
1335 3201 1465 3261 bleiben,
1489 3202 1536 3262 bis
1564 3204 1629 3264 eine

715 3234 780 3294 Wut
813 3235 864 3295 der
898 3237 1099 3297 Leidenschaft
1127 3240 1193 3300 ihre
1231 3240 1395 3300 mühsamen
1433 3242 1531 3302 Nähte
1569 3241 1634 3301 auf¬

714 3273 805 3333 reißt.
844 3276 978 3336 Zersetzt,
1003 3277 1123 3337 zerstört
1152 3279 1243 3339 treten
1277 3282 1315 3342 sie
1345 3282 1402 3342 mit
1431 3285 1618 3345 unhörbarem

707 3315 829 3375 Schritt
854 3316 878 3376 in
913 3315 961 3375 die
991 3318 1162 3378 Finsternis
1193 3318 1246 3378 ab.

768 3351 825 3411 Vom
869 3353 1074 3413 Oesterreicher
1103 3356 1155 3416 hat
1179 3358 1332 3418 Schnitzler
1361 3359 1471 3419 sowohl
1495 3360 1538 3420 die
1567 3360 1629 3420 An¬

711 3392 772 3452 mut
804 3392 856 3452 wie
884 3392 932 3452 die
959 3395 1091 3455 Trauer.
1123 3395 1189 3455 Aus
1221 3398 1336 3458 welchem
1385 3398 1531 3458 Paradies
1562 3401 1628 3461 auch

706 3431 808 3491 immer
840 3431 1027 3491 vertrieben,
1054 3434 1147 3494 dieses
1183 3435 1277 3495 letzten
1317 3434 1455 3494 Wieners
1486 3437 1544 3497 aus
1580 3438 1629 3498 der

711 3471 865 3531 Kaiserzeit
894 3470 1024 3530 Haltung
1063 3473 1096 3533 ist
1126 3473 1237 3533 heiter,
1262 3473 1333 3533 seine
1367 3474 1565 3534 Melancholie
1595 3476 1628 3536 ist

707 3509 825 3569 stamm.
857 3509 1144 3569 „Sentimentalität
1176 3510 1212 3570 ist
1235 3512 1321 3572 unter
1349 3512 1440 3572 Preis
1468 3514 1627 3574 erhandel¬

707 3547 750 3607 tes
774 3547 923 3607 Gefühl“,
942 3547 995 3607 hat
1019 3548 1177 3608 Schnitzler
1206 3550 1321 3610 einmal
1341 3550 1532 3610 geschrieben.
1562 3549 1623 3609 Da¬

707 3586 765 3646 rach
793 3586 917 3646 handeln
949 3586 1027 3646 seine
1055 3586 1220 3646 Menschen.
1262 3586 1353 3646 Seine
1381 3587 1514 3647 Männer
1542 3589 1619 3649 setzen

707 3629 756 3689 ch
777 3628 856 3688 nicht
876 3629 950 3689 ganz
971 3627 1035 3687 ein.
1065 3626 1124 3686 Sie
1149 3626 1203 3686 sind
1234 3627 1278 3687 bei
1298 3627 1372 3687 ihren
1403 3628 1546 3688 Gefühlen
1576 3630 1630 3690 nur

1699 1783 1725 1843 zu
1753 1783 1839 1843 Gast,
1851 1786 1888 1846 sie
1910 1786 1965 1846 sind
1992 1787 2019 1847 zu
2047 1788 2122 1848 feige
2144 1786 2188 1846 für
2215 1788 2258 1848 die
2280 1789 2421 1849 Gefühle,
2438 1789 2470 1849 an
2498 1789 2541 1849 die
2563 1791 2606 1851 sich

1692 1822 1757 1882 ihre
1781 1822 1892 1882 Frauen
1926 1825 2173 1885 überschwenglich
2207 1827 2365 1887 verlieren.
2384 1828 2445 1888 Daß
2473 1829 2505 1889 sie
2534 1828 2608 1888 mehr

1691 1859 1739 1919 als
1766 1861 1836 1921 alles
1863 1862 1947 1922 geben
1983 1861 2040 1921 und
2071 1863 2146 1923 mehr
2173 1865 2221 1925 als
2248 1866 2319 1926 alles
2350 1866 2469 1926 wollen,
2487 1867 2606 1927 zeichnet

1691 1898 1859 1958 Schnitzlers
1888 1901 2023 1961 Frauen,
2047 1903 2094 1963 daß
2127 1903 2160 1963 sie
2184 1905 2315 1965 weniger
2339 1904 2385 1964 als
2409 1906 2483 1966 alles
2507 1906 2610 1966 geben,

1696 1938 1813 1998 zeichnet
1841 1938 1913 1998 seine
1940 1938 2071 1998 Männer
2099 1939 2171 1999 aus.
2203 1939 2244 1999 So
2271 1941 2407 2001 vergehen
2444 1943 2484 2003 die
2512 1944 2611 2004 einen,

1692 1972 1761 2032 weil
1785 1977 1823 2037 sie
1851 1977 1883 2037 zu
1921 1977 1996 2037 viel,
2029 1977 2075 2037 die
2105 1977 2249 2037 anderen,
2283 1980 2357 2040 weil
2386 1981 2418 2041 sie
2451 1980 2474 2040 zu
2513 1980 2606 2040 wenig

1692 2012 1785 2072 leben.
1832 2014 1892 2074 Die
1921 2016 2000 2076 einen
2038 2016 2271 2076 verschwinden,
2299 2016 2369 2076 weil
2397 2019 2429 2079 sie
2463 2018 2504 2078 sich
2542 2016 2607 2076 ver¬

1697 2052 1869 2112 schwenden,
1888 2053 1929 2113 die
1958 2052 2097 2112 anderen,
2121 2055 2186 2115 weil
2209 2055 2241 2115 sie
2265 2055 2307 2115 sich
2335 2057 2502 2117 verhalten.
2540 2057 2605 2117 Alle

1696 2091 1772 2151 aber,
1792 2091 1811 2151 so
1835 2091 2042 2151 genußsüchtig
2072 2094 2105 2154 sie
2129 2094 2201 2154 sind,
2221 2094 2341 2154 glauben
2375 2094 2446 2154 nicht
2466 2094 2543 2154 mehr
2567 2094 2595 2154 an

1691 2128 1748 2188 ihre
1783 2130 2047 2190 Genußfähigkeit.
2096 2127 2149 2187 Ein
2188 2131 2260 2191 Heer
2294 2130 2346 2190 von
2390 2133 2602 2193 übermüdeten

1699 2168 1848 2228 Spielern,
1867 2168 1951 2228 unter
1975 2168 2152 2228 tändelnder
2177 2169 2283 2229 Grazie
2303 2171 2606 2231 Hoffnungslosigkeit

1699 2204 1884 2264 verbergend,
1907 2207 1994 2267 macht
2017 2207 2057 2267 ein
2089 2207 2289 2267 romanhaftes
2317 2208 2412 2268 Getue
2435 2210 2489 2270 aus
2517 2209 2607 2269 Angst

1695 2243 1741 2303 vor
1774 2243 1821 2303 der
1854 2243 2037 2303 Finsternis.
2090 2246 2159 2306 Nun
2202 2246 2291 2306 treten
2338 2244 2375 2304 sie
2414 2246 2469 2306 mit
2517 2248 2596 2308 ihrem

1694 2282 1792 2342 großen
1825 2282 1965 2342 Schöpfer
1989 2282 2035 2342 ins
2064 2285 2195 2345 Dunkle.
2228 2283 2420 2343 Todeswillig
2449 2285 2542 2345 waren
2575 2283 2607 2343 sie

1696 2321 1808 2381 immer,
1827 2321 1907 2381 mehr
1931 2319 1973 2379 als
2002 2321 2208 2381 liebeswillig.
2247 2323 2312 2383 Nun
2341 2324 2435 2384 finden
2469 2322 2501 2382 sie
2525 2323 2600 2383 ihren

1697 2356 1767 2416 Tod,
1783 2359 1854 2419 denn
1885 2359 1929 2419 das
1955 2359 2036 2419 Ende
2057 2359 2107 2419 des
2133 2359 2290 2419 Künstlers
2317 2359 2427 2419 Arthur
2453 2363 2605 2423 Schnitzley

1696 2400 1728 2460 ist
1747 2398 1807 2458 hier
1831 2398 1878 2458 das
1902 2398 1981 2458 Ende
2005 2398 2084 2458 einer
2108 2400 2216 2460 ganzen
2244 2398 2346 2458 Kunst.

2230 2446 2311 2506 Arno
2343 2446 2568 2506 Schlrokaubr.
