3392 4352
164 361 287 421 12.
337 369 932 429 Schnitzler's
1000 371 1229 431 Death

1460 371 1586 431 box
1656 376 1836 436 42/9

2144 507 2855 567 OBSERVER

2223 580 2248 640 I.
2262 580 2382 640 österr.
2395 580 2541 640 behördl.
2554 576 2850 636 konzessioniertes

2179 621 2413 681 Unternehmen
2444 619 2492 679 für
2515 616 2900 676 Zeitungs-Ausschnitte

2236 677 2378 737 WIEN,
2406 680 2453 740 I.,
2481 679 2767 739 WOLLZEILE
2816 677 2855 737 11

2327 730 2547 790 TELEPHON
2580 727 2756 787 R-23-0-43

2136 873 2355 933 Ausschnitt
2378 873 2416 933 au

2443 910 2546 970 Kethe
2574 906 2704 966 l'aune,
2714 901 2800 961 Hien

2585 1047 2674 1107 23.
2695 1059 2825 1119 OKT.
2846 1069 2944 1129 1937

2134 1096 2240 1156 vom:

2215 1204 2316 1264 Artur
2347 1204 2519 1264 Schnitzler
2552 1201 2734 1261 gestorben.

2249 1269 2375 1329 Gestern
2409 1267 2521 1327 abends
2548 1267 2580 1327 ist
2608 1264 2653 1324 der
2681 1264 2799 1324 Dichter
2827 1264 2886 1324 Dr.
2913 1261 3012 1321 Artur

2201 1318 2460 1378 Schnitzter,
2495 1315 2607 1375 wenige
2642 1312 2782 1372 Monate
2822 1312 2878 1372 vor
2913 1310 3014 1370 Voll¬

2204 1365 2333 1425 endung
2367 1365 2463 1425 seines
2498 1365 2553 1425 70.
2579 1365 2823 1425 Lebensjahres,
2848 1360 3018 1420 gestorben.

2188 1478 2300 1538 Der
2352 1479 2594 1539 Dichter
2659 1474 2899 1534 Arthur

2194 1586 2515 1646 Schnitzler
2576 1580 2896 1640 gestorber

2187 1653 2263 1713 Fast
2293 1652 2327 1712 70
2370 1652 2468 1712 Jahre
2504 1652 2567 1712 alt,
2596 1650 2638 1710 ist
2667 1649 2772 1709 gestern
2815 1646 2864 1706 der
2900 1645 2955 1705 be¬

2145 1703 2248 1763 kannte
2288 1700 2411 1760 Wiener
2444 1700 2567 1760 Dichter
2601 1700 2724 1760 Arthur
2757 1697 2946 1757 Schnitz¬

2141 1747 2207 1807 ler
2235 1748 2408 1808 gestorben.
2430 1747 2480 1807 Er
2514 1747 2574 1807 war
2602 1747 2674 1807 Zeit
2703 1744 2797 1804 seines
2831 1744 2946 1804 Lebens

2139 1796 2190 1856 der
2217 1800 2460 1860 repräsentative
2487 1795 2611 1855 Dichter
2638 1795 2721 1855 einer
2747 1793 2949 1853 untergehen¬

2142 1846 2195 1906 den
2228 1846 2325 1906 Welt.
2352 1846 2411 1906 Die
2444 1844 2621 1904 besonderen
2659 1843 2863 1903 Verhältnisse
2896 1840 2944 1900 der

2147 1897 2469 1957 seudal=bürgerlichen
2507 1894 2660 1954 Dekadenz
2687 1891 2734 1951 der
2767 1890 2951 1950 altösterrei¬

2146 1943 2258 2003 chischen
2293 1944 2480 2004 Monarchie
2509 1941 2769 2001 widerspiegelnd,
2798 1939 2849 1999 hat
2878 1938 2950 1998 seine

2146 1992 2293 2052 Dichtung
2327 1992 2407 2052 schon
2441 1992 2469 2052 zu
2504 1989 2628 2049 Anfang
2663 1987 2754 2047 seines
2783 1986 2952 2046 Schaffens

2151 2042 2172 2102 in
2206 2040 2255 2100 den
2289 2040 2577 2100 Neunzigerjahren
2611 2038 2661 2098 des
2695 2034 2816 2094 vorigen
2850 2033 2955 2093 Jahr¬

2147 2091 2316 2151 hunderts,
2348 2088 2444 2148 nichts
2486 2088 2545 2148 von
2588 2085 2640 2145 dem
2699 2083 2842 2143 kritischen
2896 2082 2948 2142 und

2147 2138 2333 2198 aggressiven
2374 2135 2458 2195 Geist
2493 2133 2538 2193 des
2578 2135 2725 2195 deutschen
2765 2129 2952 2189 Naturalis¬

2151 2187 2216 2247 mus
2250 2186 2337 2246 dieser
2360 2185 2432 2245 Zeit
2455 2183 2597 2243 gekannt,
2615 2181 2664 2241 der
2686 2180 2752 2240 eine
2781 2178 2852 2238 lezte
2875 2176 2957 2236 Auf¬

2151 2234 2283 2294 lehnung
2312 2236 2399 2296 gegen
2433 2232 2483 2292 den
2517 2231 2644 2291 Verfall
2672 2228 2716 2288 der
2744 2225 2948 2285 bürgerlichen

2145 2282 2247 2342 Kunst
2275 2281 2448 2341 darstellte.
2476 2276 2638 2336 Schnitzler
2672 2276 2725 2336 hat
2758 2275 2785 2335 im
2835 2273 2958 2333 Gegen¬

2147 2330 2201 2390 teil
2228 2330 2342 2390 immer
2375 2327 2428 2387 mit
2456 2327 2613 2387 zärtlicher
2647 2323 2727 2383 Liebe
2760 2321 2831 2381 diese
2864 2321 2955 2381 Men¬

2152 2379 2223 2439 schen
2277 2375 2365 2435 einer
2414 2374 2746 2434 verfaulenden
2782 2369 2959 2429 Gesell¬

2158 2427 2283 2487 schaft
2320 2422 2373 2482 die
2404 2422 2621 2482 aussterbende
2658 2419 2869 2479 Aristokratie,
2899 2418 2953 2478 das

2155 2476 2198 2536 ihr
2227 2473 2259 2533 na
2276 2471 2469 2531 ichstrebende
2498 2470 2674 2530 Bürgertum
2719 2469 2779 2529 und
2808 2467 2868 2527 alle
2891 2467 2957 2527 ihre

2154 2524 2318 2584 „seelischen
2354 2521 2537 2581 Probleme"
2567 2518 2749 2578 geschildert.
2768 2515 2855 2575 Zwei
2880 2512 2955 2572 The¬

2155 2569 2215 2629 men
2249 2568 2431 2628 beherrschen
2465 2566 2537 2626 seine
2565 2565 2681 2625 Werke:
2704 2562 2764 2622 Die
2787 2562 2870 2622 Liebe
2898 2562 2952 2622 und

2156 2616 2201 2676 der
2236 2617 2315 2677 Tod.
2344 2615 2439 2675 Seine
2468 2614 2626 2674 Menschen
2662 2613 2768 2673 führen
2803 2610 2842 2670 ein
2883 2610 2961 2670 nutz¬

2155 2666 2228 2726 loses
2268 2664 2381 2724 Leben,
2410 2664 2449 2724 sie
2478 2664 2641 2724 verzetteln
2682 2661 2726 2721 sich
2766 2661 2789 2721 in
2829 2661 2953 2721 tausend

2156 2718 2364 2778 „Liebeleien"
2399 2712 2455 2772 und
2489 2712 2511 2772 so
2546 2712 2607 2772 sind
2636 2711 2681 2771 die
2710 2709 2754 2769 sich
2783 2709 2862 2769 ewig
2891 2706 2958 2766 wie¬

2153 2765 2352 2825 derholenden
2396 2762 2547 2822 Gestalten
2586 2757 2612 2817 in
2651 2756 2834 2816 Schnitzlers
2873 2754 2958 2814 Wer¬

2157 2814 2199 2874 ken
2242 2811 2294 2871 der
2337 2810 2659 2870 weltschmerzlerische
2697 2805 2854 2865 Genießer
2897 2801 2955 2861 und

2157 2861 2208 2921 das
2243 2862 2336 2922 „süße
2365 2859 2487 2919 Wiener
2516 2857 2666 2917 Mädel",
2690 2854 2736 2914 die
2760 2853 2840 2913 beide
2876 2852 2962 2912 durch

2157 2910 2232 2970 seine
2265 2909 2466 2969 Darstellung
2499 2906 2548 2966 als
2581 2904 2705 2964 Wiener
2733 2902 2836 2962 Typen
2869 2900 2966 2960 Welt¬

2160 2958 2364 3018 berühmtheit
2397 2953 2521 3013 erlangt
2554 2953 2667 3013 haben.
2694 2950 2770 3010 Doch
2808 2950 2883 3010 über
2916 2947 2964 3007 all

2153 3004 2247 3064 dieser
2275 3004 2419 3064 „Wiener
2448 3002 2586 3062 Anmut"
2620 2998 2736 3058 schwebt
2759 2998 2964 3058 wehmütiger

2156 3054 2401 3114 Todesschauer,
2451 3050 2677 3110 Resignation,
2727 3046 2960 3106 verzweiseinde

2163 3103 2307 3163 Slepsis:

2197 3160 2293 3220 „Wir
2319 3157 2415 3217 wissen
2454 3153 2544 3213 nichts
2577 3153 2634 3213 von
2667 3151 2801 3211 andern,
2828 3148 2917 3208 nichts

2740 3198 2795 3258 von
2842 3195 2926 3255 uns.

2202 3251 2267 3311 Wir
2298 3254 2407 3314 spielen
2450 3250 2577 3310 immer,
2608 3248 2668 3308 wer
2699 3246 2729 3306 es
2766 3247 2862 3307 weiß,
2887 3246 2929 3306 ist

2818 3289 2916 3349 klug."

2200 3357 2270 3417 Das
2303 3356 2400 3416 Spiel
2428 3353 2476 3413 des
2509 3353 2622 3413 Lebens
2655 3353 2742 3413 einer
2769 3351 2974 3411 verlogenen,

2157 3407 2361 3467 zerfallenden
2396 3404 2595 3464 Gesellschaft
2618 3401 2702 3461 stellt
2726 3399 2896 3459 Schnitzler
2914 3398 2970 3458 auf

2159 3455 2201 3515 die
2233 3456 2360 3516 Bühne.
2376 3452 2477 3512 Seine
2504 3452 2652 3512 Dichtung
2679 3449 2742 3509 war
2770 3447 2881 3507 immer
2908 3446 2965 3506 nur

2163 3504 2207 3564 der
2236 3503 2639 3563 Schwanengesang
2668 3497 2736 3557 des
2765 3495 2968 3555 Bürger¬

2162 3553 2293 3613 tums.
2321 3551 2378 3611 Ist
2410 3549 2447 3609 er
2484 3548 2622 3608 anfangs
2659 3545 2764 3605 damit
2797 3544 2844 3604 oft
2908 3541 2970 3601 auf

2162 3601 2351 3661 Widerstand
2389 3599 2524 3659 gestoßen
2568 3596 2616 3656 bei
2649 3595 2763 3655 denen,
2796 3592 2838 3652 die
2877 3589 2963 3649 ihren

2166 3652 2342 3712 Untergang
2371 3646 2426 3706 und
2454 3646 2542 3706 dessen
2571 3646 2787 3706 künstlerischen
2815 3640 2975 3700 Ausdruck

2162 3697 2241 3757 nicht
2268 3698 2353 3758 wahr
2385 3695 2475 3755 haben
2513 3694 2656 3754 wollten,
2683 3692 2709 3752 so
2742 3689 2773 3749 ist
2800 3688 2970 3748 Schnitzler

2164 3747 2280 3807 später,
2304 3747 2336 3807 da
2371 3745 2448 3805 seine
2477 3744 2633 3804 „Analyse
2667 3741 2711 3801 des
2745 3737 2879 3797 Lebens"
2918 3735 2968 3795 den

2164 3799 2302 3859 ge'stigen
2346 3792 2561 3852 Bedürfnissen
2607 3789 2689 3849 eines
2734 3786 2971 3846 übersättigten,

2160 3844 2425 3904 ästhetisierenden
2468 3840 2660 3900 Publikums
2698 3837 2868 3897 entsprach,
2905 3834 2958 3894 zum

2162 3894 2374 3954 Modedichter
2396 3888 2443 3948 der
2471 3888 2672 3948 Bourgeoisie
2694 3884 2869 3944 geworden.

2203 3941 2267 4001 Die
2295 3938 2500 3998 bürgerlichen
2538 3936 2705 3996 Zeitungen
2744 3931 2867 3991 widmen
2906 3929 2949 3989 ihm

2169 3989 2353 4049 seitenlange
2389 3986 2545 4046 Nachrufe
2586 3983 2789 4043 Bezeichnend
2824 3979 2876 4039 für
2917 3977 2968 4037 das

2166 4039 2393 4099 vollkommene
2426 4034 2577 4094 Aufgeben
2616 4032 2697 4092 jedes
2735 4025 2968 4085 proletarischen

2166 4087 2403 4147 Standpunktes
2443 4082 2510 4142 auch
2550 4082 2600 4142 auf
2635 4078 2855 4138 künstlerischem
2906 4073 2968 4133 Ge¬

2165 4133 2228 4193 biet
2257 4134 2297 4194 ist
2328 4132 2373 4192 die
2414 4129 2622 4189 Beurteilung
2658 4125 2843 4185 Schnitzlers
2884 4120 2970 4180 durch

2629 4171 2831 4231 „Schnitzlers
2867 4168 2973 4228 Werke

2169 4183 2214 4243 die
2244 4180 2578 4240 „Arbeiter=Zeitung"

2170 4226 2228 4286 sind
2256 4226 2309 4286 tief
2332 4225 2380 4285 ins
2407 4225 2488 4285 Volk
2510 4222 2704 4282 georungen,
2721 4219 2812 4279 haben
2846 4218 2888 4278 die
2910 4215 2974 4275 gei¬
