3344 4352
303 287 870 347 Schnitzlers
941 277 1174 337 Death

284 759 984 819 „OBSERVER

353 807 379 867 1.
401 807 518 867 österr.
536 816 688 876 behördl.
710 822 1002 882 konzessioniertes

323 858 557 918 Unternehmen
587 864 635 924 für
657 871 1033 931 Zeitungs-Ausschnitte

385 919 526 979 WIEN,
546 927 591 987 I.,
617 933 875 993 WOLLZEILE
914 939 958 999 11

449 977 668 1037 TELEPHON
705 986 887 1046 R-23-0-43

252 1106 479 1166 Ausschnitt
506 1111 569 1171 aus
590 1113 600 1173 :

560 1219 650 1279 Aber
732 1254 800 1314 .

244 1328 364 1388 vom:

668 1384 799 1444 NI
825 1401 896 1461 195

234 1616 294 1676 Die
334 1616 653 1676 „Diterarische
694 1616 1013 1676 Vereinigung
1054 1616 1253 1676 Winter¬

84 1667 224 1727 thur",
241 1667 305 1727 eine
333 1667 387 1727 der
409 1667 587 1727 rührigsten
615 1667 674 1727 und
702 1667 934 1727 angesehensten
968 1667 994 1727 in
1027 1667 1075 1727 der
1103 1669 1259 1729 Schweiz,

84 1718 253 1778 verbindet
274 1718 330 1778 mit
352 1718 433 1778 ihrer
460 1718 840 1778 Generalversammlung
872 1718 923 1778 für
944 1718 1036 1778 dieses
1057 1718 1144 1778 Jahr
1181 1718 1247 1778 eine

94 1768 515 1828 Schnitzler=Feier,
542 1768 602 1828 Die
629 1768 826 1828 Gedenkrede
853 1769 931 1829 hält
949 1771 1042 1831 Paul
1069 1772 1258 1832 Stefau.

99 291 164 351 12

1390 270 1517 330 box
1597 267 1779 327 44/3

2073 401 2777 461 „OBSERVER

2157 461 2176 521 1.
2197 456 2315 516 Osterr.
2336 455 2487 515 behördl.
2507 452 2800 512 konzessioniertes

2126 506 2356 566 Unternehmen
2385 504 2431 564 für
2457 498 2829 558 Zeitungs-Ausschnitte

2184 566 2329 626 WIEN,
2348 564 2390 624 I.,
2415 564 2677 624 WOLLZEILE
2720 560 2762 620 11

2257 619 2469 679 TELEPHON
2509 614 2687 674 R-23-0-43

2058 753 2283 813 Ausschnitt
2312 749 2379 809 aus

2329 806 2418 866 nene
2436 811 2534 871 Frele
2551 819 2699 879 Presse,
2717 825 2798 885 Wles

2062 976 2184 1036 vom:

2401 992 2418 1052 2
2448 992 2495 1052 1.
2515 993 2647 1053 OKT.
2667 998 2771 1058 1932

2066 1112 2364 1172 Arthur
2418 1116 2823 1176 Schnitzler
2890 1112 3006 1172 als

2373 1216 2741 1276 Vorbild.

1990 1308 2080 1368 Zum
2148 1309 2275 1369 ersten
2329 1309 2592 1369 Todestage
2646 1309 2803 1369 meines
2857 1309 3097 1369 Freundese

2293 1393 2359 1453 Von
2396 1395 2590 1455 Thomas
2633 1398 2803 1458 Mann.

2367 1485 2435 1545 (Aus
2464 1485 2537 1545 einem
2578 1488 2742 1548 Gespräch.)

2079 1571 2138 1631 Als
2168 1571 2208 1631 ich
2233 1571 2286 1631 vor
2316 1571 2392 1631 einem
2440 1571 2547 1631 halben
2577 1574 2676 1634 Jahre
2702 1574 2854 1634 anläßlich
2896 1574 2950 1634 der
2974 1572 3103 1632 Goethe¬

1992 1613 2073 1673 Feier
2102 1618 2166 1678 nach
2190 1618 2276 1678 Wien
2300 1619 2393 1679 ham,
2411 1619 2475 1679 war
2499 1620 2527 1680 es
2551 1619 2603 1679 zum
2645 1622 2819 1682 erstenmal,
2837 1622 2888 1682 daß
2918 1622 2959 1682 ich
2983 1618 3098 1678 Wien

1984 1664 2096 1724 ohne
2126 1664 2304 1724 Arthur
2334 1667 2582 1727 Schnitzler
2613 1667 2677 1727 sah.
2707 1668 2783 1728 Nun
2825 1667 2938 1727 scheint
2974 1667 3003 1727 es
3045 1664 3109 1724 mir

1986 1709 2042 1769 wie
2083 1709 2122 1769 ein
2168 1710 2371 1770 ergreifendes
2405 1715 2558 1775 Symbol,
2593 1715 2648 1775 daß
2689 1718 2728 1778 ich
2768 1715 2875 1775 gerade
2915 1715 2948 1775 an
2989 1713 3084 1773 seinem

1985 1755 2074 1815 ersten
2112 1756 2281 1816 Todestage
2313 1755 2323 1815 —
2382 1758 2413 1818 am
2461 1759 2513 1819 21.
2540 1759 2677 1819 Oktober
2715 1758 2725 1818 —
2794 1759 2905 1819 wieder
2943 1758 2968 1818 in
3006 1756 3095 1816 Wien

1989 1800 2052 1860 bin.
2076 1798 2116 1858 Es
2146 1801 2291 1861 erneuert
2315 1804 2367 1864 sich
2397 1804 2454 1864 mir
2484 1804 2542 1864 das
2571 1804 2693 1864 Gefühl
2717 1804 2961 1864 schmerzlichster
2985 1802 3106 1862 Trauer

1988 1846 2020 1906 um
2064 1848 2177 1908 meinen
2205 1850 2480 1910 heimgegangenen
2513 1849 2632 1909 Freund
2659 1849 2670 1909 —
2724 1850 2751 1910 so
2779 1852 2848 1912 darf
2871 1852 2908 1912 ich
2935 1852 2962 1912 ja
2984 1850 3103 1910 Arthur

1981 1894 2147 1954 Schnitzler
2176 1894 2258 1954 wohl
2281 1895 2397 1955 nennen
2426 1894 2436 1954 —
2499 1897 2554 1957 und
2588 1900 2643 1960 mit
2666 1897 2905 1957 erschütternder
2933 1897 3105 1957 Eindring¬

1983 1940 2102 2000 lichkeit
2129 1941 2249 2001 kommt
2271 1941 2297 2001 es
2331 1941 2384 2001 mir
2412 1941 2526 2001 wieder
2548 1944 2596 2004 zum
2640 1944 2857 2004 Bewußtsein,
2874 1941 2999 2001 welchen
3027 1941 3107 2001 Ver¬

1978 1986 2036 2046 lust
2066 1986 2106 2046 die
2135 1988 2223 2048 Welt
2247 1987 2327 2047 durch
2358 1989 2456 2049 seinen
2486 1990 2550 2050 Tod
2579 1990 2701 2050 erlitten
2731 1989 2800 2049 hat.
2819 1989 3103 2049 Oesterreich

1987 2031 2064 2091 und
2100 2034 2224 2094 Wien
2261 2034 2402 2094 haben
2445 2035 2564 2095 durch
2612 2037 2789 2097 Arthur
2820 2035 3104 2095 Schnitzlers

1990 2079 2069 2139 Tod
2107 2080 2489 2140 Unermeßliches
2520 2082 2804 2142 eingebüßt.
2829 2079 2884 2139 Ich
2922 2082 2995 2142 darf
3020 2080 3106 2140 zwar

1987 2122 2061 2182 nicht
2091 2126 2183 2186 daran
2218 2127 2351 2187 denken,
2375 2127 2495 2187 wieviel
2519 2129 2560 2189 ich
2589 2130 2681 2190 selbst
2705 2130 2791 2190 durch
2821 2130 2913 2190 diesen
2948 2130 3011 2190 Tod
3041 2130 3104 2190 ver¬

1986 2170 2064 2230 loren
2099 2173 2194 2233 habe.

2080 2237 2131 2297 Ich
2170 2235 2246 2295 habe
2280 2237 2400 2297 Arthur
2440 2238 2606 2298 Schnitzler
2645 2240 2709 2300 sehr
2742 2240 2812 2300 gern
2851 2236 2869 2296 —
2935 2236 2966 2296 es
2999 2239 3107 2299 klingt

1988 2282 2156 2342 hoffentlich
2187 2282 2265 2342 nicht
2290 2285 2573 2345 überschwenglich,
2592 2288 2676 2348 wenn
2707 2286 2748 2346 ich
2779 2286 2876 2346 sage:
2901 2286 2960 2346 sehr
2985 2285 3033 2345 lieb
3058 2280 3075 2340 ¬

1980 2330 2109 2390 gehabt.
2153 2330 2251 2390 Jedes
2289 2330 2549 2390 Beisammensein
2593 2333 2652 2393 mit
2680 2333 2728 2393 ihm
2794 2330 2874 2390 hatte
2913 2333 3010 2393 etwas
3043 2331 3107 2391 Be¬

1989 2374 2160 2434 glückendes
2190 2374 2236 2434 für
2261 2374 2348 2434 mich.
2367 2377 2508 2437 Seine
2532 2377 2667 2437 Reife
2691 2377 2767 2437 und
2797 2377 2962 2437 Milde,
2974 2380 3097 2440 seine

1973 2419 2216 2479 Weishert
2244 2420 2326 2480 und
2355 2424 2470 2484 Güte
2504 2425 2631 2485 machten
2670 2425 2714 2485 ihn
2748 2425 2775 2485 zu
2820 2425 2902 2485 einem
2953 2423 3102 2483 wunder¬

1979 2466 2071 2526 vollen
2106 2467 2285 2527 Menschen.
2308 2469 2406 2529 Wenn
2436 2470 2475 2530 ich
2517 2470 2580 2530 mir
2621 2470 2673 2530 den
2708 2471 2835 2531 Begriff
2870 2470 2921 2530 der
2951 2471 3101 2531 Liebens¬

1979 2512 2168 2572 würbigheit
2204 2515 2434 2575 personifiziert
2470 2517 2594 2577 dächte,
2625 2519 2653 2579 so
2696 2518 2778 2578 wäre
2814 2518 2985 2578 Schnitzler
3021 2518 3097 2578 seine

1987 2559 2237 2619 vollkommenste
2270 2562 2536 2622 Verkörperung.

2073 2622 2149 2682 Auch
2182 2622 2213 2682 zu
2246 2625 2424 2685 Arthur
2457 2627 2731 2687 Schnitzlers
2777 2628 3089 2688 Lebenswerk

1979 2666 2037 2726 und
2074 2670 2167 2730 seiner
2197 2670 2409 2730 Problematik
2439 2673 2551 2733 habe
2581 2676 2633 2736 ich
2663 2676 2716 2736 seit
2740 2674 2822 2734 jeher
2846 2676 2946 2736 eine
2982 2676 3099 2736 ganz

1976 2715 2235 2775 besonders
2260 2718 2548 2778 persönliche
2579 2721 2660 2781 und
2691 2721 2855 2781 intime
2886 2722 3097 2782 seeltsche

1982 2762 2270 2822 Beziehung,
2295 2764 2417 2824 obwohl
2449 2765 2515 2825 doch
2560 2765 2658 2825 dieses
2689 2765 2897 2825 Gesamtwerk
2947 2766 3094 2826 spezifisch

1976 2807 2219 2867 österreichischer
2243 2810 2307 2870 Art
2325 2810 2359 2870 ist
2383 2810 2440 2870 und
2464 2810 2504 2870 ich
2528 2810 2569 2870 ein
2598 2813 2836 2873 Norddeutscher
2860 2813 2929 2873 bin.
2947 2813 3092 2873 Zwischen

1975 2855 2142 2915 Schnitzler
2170 2855 2225 2915 und
2259 2855 2337 2915 mir,
2360 2857 2415 2917 uns
2449 2858 2549 2918 beiden
2583 2858 2738 2918 Menschen
2784 2860 2833 2920 von
2878 2861 3084 2921 verschiedene

1985 2903 2399 2963 Stammeszugehörigkeit,
2423 2906 2541 2966 bestand
2583 2906 2689 2966 immer
2719 2906 2766 2966 die
2796 2908 2932 2968 innigste
2968 2909 3085 2969 brüder

1978 2945 2048 3005 liche
2084 2947 2294 3007 Sympathie.

2049 3029 2123 3089 Die
2161 3033 2335 3093 Furcht,
2366 3033 2448 3093 das
2487 3035 2622 3095 Leben
2668 3037 2705 3097 zu
2751 3037 3037 3097 versäumen.

2071 3104 2137 3164 Tas
2168 3108 2332 3168 Problem,
2357 3109 2417 3169 das
2448 3109 2521 3169 mich
2552 3112 2576 3172 in
2625 3112 2734 3172 jungen
2771 3114 2887 3174 Jahren
2936 3112 3100 3172 besonders

1977 3149 2090 3209 lebhaft
2115 3153 2295 3213 beschäftigt
2320 3155 2374 3215 hat
2405 3156 2458 3216 und
2489 3158 2554 3218 auch
2591 3159 2615 3219 in
2645 3159 2826 3219 Schnitzlers
2857 3161 3001 3221 Schaffen
3031 3158 3091 3218 eine

1978 3196 2073 3256 starke
2119 3198 2215 3258 Rolle
2261 3198 2384 3258 spielte,
2424 3200 2463 3260 ist
2509 3200 2565 3260 der
2599 3204 2853 3264 Gegensatz
2882 3206 3085 3266 zwischen

1974 3241 2112 3301 Kunst
2140 3243 2205 3303 und
2239 3243 2404 3303 Leben.
2438 3247 2570 3307 Nimmt
2610 3249 2675 3309 man
2726 3249 2907 3309 Schnitzlers
2936 3249 3090 3309 Cinakter

1974 3288 2258 3348 „Lebendige
2297 3291 2536 3351 Stunden"
2598 3294 2653 3354 und
2709 3294 2792 3354 stellt
2832 3294 2926 3354 meine
2966 3294 3093 3354 Novelle

1981 3334 2146 3394 „Tonio
2175 3335 2380 3395 Kröger"
2414 3338 2569 3398 daneben,
2597 3340 2640 3400 die
2669 3340 2707 3400 ich
2746 3340 2795 3400 als
2841 3341 2918 3401 etwa
2946 3341 3095 3401 Dreißig¬

1975 3377 2110 3437 jähriger
2139 3380 2320 3440 geschrieben
2354 3381 2450 3441 habe,
2473 3383 2495 3443 so
2530 3384 2608 3444 sieht
2632 3386 2699 3446 man
2733 3386 2795 3446 eine
2824 3386 3095 3446 Verwandtschaft

1974 3422 2023 3482 der
2046 3427 2327 3487 Lebensstimmung
2355 3428 2410 3488 und
2438 3428 2487 3488 der
2510 3429 2687 3489 Probleme.
2704 3431 2836 3491 Sowohl
2853 3433 2875 3493 in
2903 3433 3085 3493 Schnitzlers

1974 3470 2027 3530 wie
2055 3472 2081 3532 in
2114 3473 2227 3533 meinem
2271 3475 2476 3535 Jugendwerk
2515 3476 2601 3536 spürt
2623 3476 2687 3536 man
2720 3477 2785 3537 eine
2813 3479 2931 3539 gewisse
2953 3480 3093 3540 Schver¬

1970 3517 2039 3577 mut
2092 3516 2143 3576 des
2184 3518 2370 3578 Künstlers,
2405 3520 2457 3580 der
2498 3521 2556 3581 das
2597 3523 2718 3583 Gefühl
2754 3523 2823 3583 hat,
2853 3524 2968 3584 über
3003 3524 3078 3584 dem

1963 3562 2178 3622 Schaffen
2231 3565 2312 3625 das
2359 3565 2510 3625 Leben
2564 3566 2604 3626 zu
2657 3570 2953 3630 versäumen.
2994 3571 3087 3631 Diese

1976 3608 2252 3668 Grundstimmung
2288 3610 2397 3670 erfüllt
2426 3613 2477 3673 die
2507 3614 2628 3674 meisten
2664 3616 2784 3676 Bücher
2814 3616 2998 3676 Schnitzlers
3027 3618 3061 3678 un

1976 3655 2011 3715 ist
2036 3655 2083 3715 für
2114 3658 2162 3718 ihn
2192 3658 2455 3718 hennzeichnend.

2057 3734 2138 3794 Der
2175 3736 2368 3796 Teufel,
2392 3738 2464 3798 der
2503 3741 2576 3801 die
2607 3742 2770 3802 Dächer
2808 3744 3007 3804 abdeckt.

2062 3801 2152 3861 Ganz
2193 3804 2357 3864 besonders
2403 3807 2476 3867 liebe
2517 3808 2556 3868 ich
2596 3810 2715 3870 Arthur
2744 3809 2931 3869 Schnitzlers
2965 3810 3083 3870 Roman

1970 3849 2230 3909 „Therese".
2249 3851 2360 3911 Dieses
2396 3853 2603 3913 Meisterwerk
2639 3858 2715 3918 sielle
2746 3858 2780 3918 ich
2817 3858 2881 3918 noch
2917 3858 3005 3918 höher
3036 3856 3082 3916 als

1976 3898 2023 3958 den
2054 3898 2144 3958 „Weg
2175 3900 2217 3960 ins
2242 3901 2368 3961 Freie",
2387 3901 2435 3961 der
2460 3903 2483 3963 ja
2508 3903 2677 3963 gleichfalls
2702 3905 2731 3965 zu
2756 3904 2937 3964 Schnitzlers
2962 3906 3082 3966 edelsten

1963 3944 2178 4004 Schöpfungen
2213 3944 2335 4004 gehört.
2359 3949 2422 4009 Von
2458 3950 2509 4010 der
2539 3950 2777 4010 Eintönigueit,
2801 3950 2847 4010 die
2877 3950 2998 4010 manche
3022 3950 3085 4010 Be¬

1970 3992 2096 4052 urteiler
2124 3994 2156 4054 an
2201 3995 2367 4055 „Therese"
2401 3995 2521 4055 tadeln,
2550 3996 2626 4056 habe
2655 3998 2693 4058 ich
2727 3998 2859 4058 niemals
2893 3998 2986 4058 etwas
3020 3997 3085 4057 ent¬

1969 4040 2066 4100 dechen
2102 4041 2240 4101 können.
2264 4043 2333 4103 Das
2363 4043 2513 4103 intensive
2543 4043 2768 4103 Lebensgefühl
2798 4046 2844 4106 der
2867 4046 3006 4106 Trauer,
3030 4045 3081 4105 das

1969 4087 2063 4147 dieses
2093 4088 2169 4148 Buch
2199 4086 2323 4146 erfllt,
2348 4088 2400 4148 hat
2424 4091 2494 4151 mich
2531 4091 2642 4151 immer
2666 4091 2778 4151 wieder
2803 4094 2885 4154 ganz
2909 4093 3079 4153 ungeheuer

1970 4136 2131 4196 ergriffen.
2172 4136 2357 4196 Schnitzlers
2410 4138 2582 4198 „Therese"
2635 4138 2692 4198 hat
2740 4138 2832 4198 etwas
2884 4140 3080 4200 bezwingend
