3344 4320
2208 76 2222 136 V

1480 255 1611 315 box
1690 255 1875 315 43/1

206 268 323 328 12.
373 272 875 332 Schnitzler
946 275 974 335 s
1044 273 1279 333 Death

1503 1109 1670 1169 Guthaben
1708 1106 1777 1166 dar,
1802 1106 1848 1166 die
1876 1106 1955 1166 aver
1984 1106 2044 1166 zur
2072 1106 2184 1166 Palfte
2212 1103 2329 1163 vereits
2362 1104 2390 1164 in
2428 1105 2511 1165 Gold

435 1119 496 1179 uno
521 1115 664 1175 zcherlich
688 1115 740 1175 für
769 1113 826 1173 alle
851 1114 1094 1174 Möglichreiten
1123 1112 1170 1172 die
1195 1112 1438 1172 erforderlichen

1503 1148 1748 1208 umgewandelt
1767 1145 1825 1205 und
1853 1146 1916 1206 nach
1944 1145 2134 1205 Frankreich
2162 1145 2402 1205 zurückgezugen
2435 1145 2516 1205 wor¬

430 1155 713 1215 Vorbereitungen
761 1151 937 1211 getroffen.
989 1153 1063 1213 Daß
1105 1151 1142 1211 er
1180 1151 1347 1211 irgendwo
1390 1150 1436 1210 ein

1503 1189 1554 1249 den
1587 1188 1666 1248 sind.
1709 1187 1770 1247 Die
1798 1187 1924 1247 Frage,
1944 1184 1976 1244 ob
2014 1185 2075 1245 und
2108 1184 2201 1244 unter
2230 1187 2356 1247 welchen
2394 1184 2520 1244 Bedin¬

428 1195 643 1255 Rendezvons
695 1193 755 1253 mit
798 1193 1059 1253 Helfershelfern
1116 1190 1307 1250 verabredet
1350 1190 1452 1250 hatte,

1504 1228 1629 1288 gungen
1670 1228 1714 1288 sich
1755 1225 1805 1285 die
1836 1226 1936 1286 Bank
1971 1226 2031 1286 von
2072 1225 2263 1285 Frankreich
2298 1226 2504 1286 entschließen

436 1236 548 1296 könnte
564 1234 625 1294 gas
652 1234 703 1294 der
729 1234 795 1294 Eile
816 1234 990 1294 geschlossen
1022 1231 1165 1291 werden,
1176 1231 1237 1291 mit
1258 1231 1309 1291 der
1330 1229 1360 1289 er
1382 1228 1432 1288 den

1509 1347 1574 1407 war
1604 1346 1664 1406 und
1701 1345 1751 1405 das
1786 1344 1882 1404 Leben
1918 1345 2029 1405 liebte,
2050 1345 2170 1405 horchte
2202 1342 2231 1402 er
2262 1344 2363 1404 hinein
2399 1343 2428 1403 in
2464 1344 2514 1404 den

642 1378 839 1438 Arthur
877 1376 1159 1436 Schnitzler

1506 1386 1756 1446 Dämmerschlaf
1776 1384 1829 1444 der
1854 1384 2017 1444 Geliebten
2051 1384 2114 1444 und
2138 1383 2263 1443 zögerte
2288 1381 2369 1441 doch,
2389 1381 2442 1441 das
2471 1379 2519 1439 er¬

1508 1425 1627 1485 forschte
1657 1422 1844 1482 Geheimnis
1883 1419 1935 1479 der
1965 1419 2060 1479 Seele
2090 1422 2253 1482 dichterisch
2287 1422 2378 1482 völlig
2412 1419 2522 1479 preis¬

545 1446 608 1506 Wie
635 1449 730 1509 unser
757 1448 1084 1508 kd.=Korrespondent
1111 1446 1169 1506 aus
1196 1446 1285 1506 Wien
1317 1446 1449 1506 meldet,

1503 1462 1656 1522 zugeben.
1694 1462 1782 1522 Aber
1806 1460 1833 1520 in
1866 1459 1963 1519 seiner
1996 1461 2223 1521 Mannesreife
2247 1461 2377 1521 schenkte
2405 1458 2433 1518 er
2461 1460 2512 1520 die

468 1500 505 1560 ist
527 1498 650 1558 Arthur
678 1497 850 1557 Schnitzler
878 1497 915 1557 am
959 1497 1120 1557 Mittwoch
1153 1497 1335 1557 nachmittag
1369 1496 1438 1556 nach

1503 1502 1570 1562 tiefe
1594 1501 1791 1561 Erkenntnis
1815 1500 1910 1560 seiner
1935 1500 2131 1560 Einsamkeit
2151 1500 2246 1560 allen,
2261 1500 2304 1560 die
2329 1500 2367 1560 ein
2396 1500 2506 1560 Organ

1500 1541 1561 1601 und
1589 1539 1598 1599 —
1650 1539 1700 1599 den
1734 1541 1808 1601 Mut
1832 1539 1859 1599 zu
1893 1539 1990 1599 dieser
2014 1541 2210 1601 Erkenntnis
2238 1539 2378 1599 besitzen.
2416 1539 2509 1599 Denn

465 1550 573 1610 kurzem
625 1546 738 1606 Leiden
780 1545 810 1605 im
852 1547 898 1607 70.
919 1548 1140 1608 Lebensjahre
1172 1545 1357 1605 gestorben.
1394 1544 1439 1604 Er

1501 1578 1530 1638 er
1559 1581 1626 1641 war
1655 1580 1684 1640 ja
1718 1579 1765 1639 bei
1795 1578 1866 1638 aller
1901 1578 2055 1638 Zartheit
2079 1578 2103 1638 so
2137 1578 2199 1638 viel
2229 1580 2435 1640 männlicher,
2460 1577 2507 1637 als

467 1599 531 1659 war
562 1598 597 1658 um
638 1598 673 1658 11
699 1596 764 1656 Uhr
790 1597 987 1657 vormittags
1023 1598 1077 1658 von
1108 1598 1209 1658 seinem
1250 1595 1436 1655 gewohnten

1499 1618 1531 1678 es
1564 1616 1615 1676 den
1653 1619 1806 1679 Literaten
1845 1616 1905 1676 und
1938 1617 1984 1677 den
2022 1616 2242 1676 Vielzuvielen
2275 1617 2386 1677 schien.
2429 1616 2508 1676 Sein

471 1646 693 1706 Spaziergang
721 1646 787 1706 nach
815 1646 915 1706 Hause
938 1645 1182 1705 zurückgekehrt
1199 1643 1260 1703 und
1289 1643 1371 1703 hatte
1394 1643 1443 1703 sich

1504 1658 1527 1718 im
1571 1658 1662 1718 stillen
1701 1658 1811 1718 reiches
1840 1655 1936 1715 Leben
1970 1656 2037 1716 war
2066 1657 2095 1717 im
2134 1655 2268 1715 Grunde
2297 1656 2354 1716 nur
2384 1655 2513 1715 möglich

465 1691 486 1751 in
513 1694 571 1754 sein
598 1694 874 1754 Arbeitszimmer
902 1694 1050 1754 begeben.
1083 1691 1162 1751 Hier
1189 1691 1258 1751 fand
1285 1691 1327 1751 ihn
1360 1691 1439 1751 seine

1498 1697 1579 1757 durch
1618 1695 1661 1755 ein
1695 1697 1801 1757 frühes
1835 1695 2046 1755 Kompromiß
2080 1696 2142 1756 mit
2166 1694 2219 1754 dem
2263 1694 2368 1754 Tode.
2407 1694 2512 1754 Inso¬

1501 1736 1565 1796 sern
1595 1735 1658 1795 gibt
1678 1733 1707 1793 es
1737 1736 1815 1796 keine
1840 1733 2159 1793 Jugenddichtungen
2189 1734 2375 1794 Schnitzlers
2400 1733 2424 1793 in
2459 1733 2508 1793 der

467 1742 677 1802 Sekretärin,
709 1744 753 1804 die
784 1742 859 1802 kurz
895 1743 1016 1803 darauf
1047 1741 1238 1801 eingetreten
1284 1739 1364 1799 war,
1389 1738 1444 1798 be¬

1503 1775 1595 1835 Reihe
1624 1772 1675 1832 der
1708 1773 1815 1833 Bände
1844 1775 1946 1835 seiner
1974 1772 2137 1832 Dramen,
2161 1773 2319 1833 Romane,
2343 1772 2515 1832 Novellen.

465 1791 625 1851 wußtlos.
662 1790 733 1850 Dem
776 1790 853 1850 Arzt
879 1793 993 1853 gelang
1019 1790 1050 1850 es
1082 1790 1164 1850 nicht
1186 1790 1288 1850 mehr,
1310 1787 1444 1847 Schnitz¬

1499 1812 1564 1872 Und
1593 1812 1667 1872 über
1696 1813 1804 1873 allem,
1823 1813 1888 1873 auch
1917 1813 1992 1873 über
2020 1811 2071 1871 den
2105 1812 2212 1872 frühen
2246 1812 2415 1872 Komödien
2448 1810 2508 1870 und

465 1837 511 1897 ler
537 1838 593 1898 aus
625 1837 681 1897 der
708 1837 997 1897 Bewußtlosigkeit
1024 1837 1055 1897 zu
1092 1837 1257 1897 erwecken.
1298 1835 1345 1895 Um
1392 1832 1438 1892 ¼7

1499 1852 1789 1912 Tragikomödien,
1814 1852 1892 1912 liegt
1922 1851 2010 1911 jener
2045 1851 2158 1911 dunkle
2188 1849 2512 1909 Cypressenschatten,

466 1886 528 1946 Uhr
550 1885 666 1945 abends
699 1886 736 1946 ist
752 1885 783 1945 er
810 1885 884 1945 ohne
911 1885 1133 1945 Todeskampf
1155 1885 1361 1945 verschieden.
1378 1882 1441 1942 Die

1498 1891 1548 1951 der
1575 1890 1620 1950 die
1644 1891 1862 1951 bezaubernde
1890 1891 2040 1951 Zartheit
2063 1890 2135 1950 aller
2163 1891 2399 1951 Lebensfarben
2432 1891 2509 1951 aller

1501 1933 1596 1993 seiner
1626 1930 1794 1990 Geschöpfe
1819 1931 1967 1991 bedingt.
2006 1930 2313 1990 „Erkenntnisbaum
2366 1929 2405 1989 ist
2434 1930 2515 1990 nicht

460 1933 490 1993 im
532 1935 775 1995 Burgtheater,
797 1934 827 1994 im
869 1934 1102 1994 Volkstheater
1139 1933 1195 1993 und
1227 1931 1252 1991 im
1299 1931 1439 1991 Theater

1496 1969 1539 2029 des
1568 1970 1689 2030 Lebens
1714 1969 1853 2029 Baum.“
1902 1969 1969 2029 Die
1989 1969 2105 2029 großen
2134 1971 2317 2031 Pathetiker
2342 1971 2395 2031 des
2420 1971 2511 2031 Dra¬

463 1981 489 2041 in
532 1981 584 2041 der
628 1984 807 2044 Josefstadt
839 1983 875 2043 zu
918 1984 1114 2044 Schnitzlers
1157 1979 1421 2039 bevorstehendem

1498 2009 1563 2069 mas
1592 2008 1721 2068 scheinen
1754 2009 1805 2069 das
1838 2008 1945 2068 Gesetz
1964 2008 2098 2068 Byrons
2127 2009 2154 2069 zu
2192 2010 2415 2070 überwinden.
2448 2007 2494 2067 In

458 2028 509 2088 70.
535 2029 742 2089 Geburtstag
789 2028 1021 2088 vorbereiteten
1074 2028 1430 2088 Neneinstudierungen

1496 2049 1577 2109 ihrem
1621 2049 1730 2109 Werk.
1764 2047 1811 2107 Im
1855 2047 1993 2107 Grunde
2032 2046 2147 2106 bleiben
2195 2048 2261 2108 auch
2300 2047 2338 2107 sie
2377 2048 2510 2108 einsam.

463 2081 520 2141 von
561 2078 665 2138 seinen
700 2079 826 2139 Werken
868 2082 960 2142 sollen
1001 2079 1076 2139 jetzt
1111 2079 1156 2139 als
1198 2079 1428 2139 Gedenkfeiern

1490 2089 1681 2149 Schnitzlers
1720 2085 1982 2145 unvergängliche
2016 2087 2202 2147 Bedeutung
2236 2085 2345 2145 scheint
2379 2085 2436 2145 mir
2470 2085 2498 2145 in

1494 2128 1582 2188 jener
1607 2124 1809 2184 dichterischen
1844 2127 2006 2187 Weisheit
2031 2124 2060 2184 zu
2090 2126 2207 2186 liegen,
2227 2127 2277 2187 die
2302 2126 2355 2186 tief
2380 2124 2507 2184 hinein¬

457 2130 591 2190 gegeben
625 2125 770 2185 werden.

1494 2167 1624 2227 leuchtet
1648 2165 1675 2225 in
1713 2163 1754 2223 die
1783 2165 1917 2225 Bezirke
1946 2164 1996 2224 des
2030 2166 2243 2226 Unbewußten
2281 2164 2336 2224 und
2369 2160 2378 2220 —
2434 2164 2494 2224 dies

496 2194 564 2254 Nun
602 2193 654 2253 hat
681 2192 711 2252 er
744 2194 864 2254 denen,
896 2194 943 2254 die
975 2193 1027 2253 ihn
1065 2193 1206 2253 liebten,
1233 2193 1285 2253 ihn
1323 2193 1428 2253 lieben

1492 2206 1669 2266 allerdings
1698 2205 1731 2265 ist
1752 2205 2069 2265 lebensabgewandt
2084 2205 2093 2265 —
2132 2205 2184 2265 das
2208 2205 2300 2265 Wort
2319 2205 2372 2265 des
2396 2205 2511 2265 fausti¬

417 2235 569 2295 mußten,
589 2234 652 2294 viel
677 2233 706 2293 zu
736 2231 809 2291 früh
849 2233 902 2293 das
933 2231 1020 2291 Ende
1050 2231 1099 2291 des
1129 2233 1285 2293 einsamen
1320 2232 1433 2292 Weges

1492 2244 1566 2304 schen
1612 2245 1773 2305 Menschen
1809 2243 1919 2303 Byron
1965 2242 2026 2302 mit
2061 2245 2323 2305 melancholischem
2374 2244 2494 2304 Lächeln

414 2275 559 2335 erreicht.
587 2273 844 2333 Hineingeraten
873 2273 896 2333 in
930 2273 976 2333 den
1009 2270 1187 2330 Wirrwarr
1216 2272 1299 2332 einer
1323 2272 1435 2332 Flucht

1491 2285 1625 2345 bejaht.

417 2313 474 2373 vor
503 2313 593 2373 rohen
627 2312 765 2372 Feinden
804 2312 875 2372 alles
909 2312 1048 2372 Zarten,
1072 2311 1124 2371 vor
1153 2312 1339 2372 unheimlich
1373 2311 1430 2371 und

1583 2321 1742 2381 Dennoch,
1766 2321 1848 2381 hätte
1882 2322 2009 2382 Arthur
2043 2321 2214 2381 Schnitzler
2248 2320 2342 2380 nichts
2376 2323 2497 2383 andres

412 2354 521 2414 plump
551 2351 842 2411 dahinkriechenden
866 2351 1177 2411 Kriegsmaschinen,
1191 2351 1239 2411 die
1254 2351 1306 2411 das
1330 2350 1435 2410 Platt¬

1494 2363 1696 2423 hinterlassen
1735 2360 1784 2420 als
1819 2362 1873 2422 den
1913 2363 2090 2423 genialsten
2135 2360 2292 2420 Einakter
2346 2360 2503 2420 deutscher

414 2392 531 2452 walzen
566 2390 796 2450 hochstehender
826 2392 943 2452 Kultur
973 2392 1031 2452 und
1061 2389 1247 2449 Geistigkeit
1272 2390 1428 2450 gründlich

1487 2401 1663 2461 Dramatik
1698 2399 1786 2459 „Der
1821 2400 1924 2460 grüne
1959 2399 2125 2459 Kakadu",
2155 2400 2214 2460 sein
2249 2400 2356 2460 Name
2386 2399 2499 2459 stünde

417 2429 480 2489 und
505 2429 667 2489 gefühllos
701 2428 868 2488 besorgen,
888 2430 961 2490 fand
991 2428 1020 2488 er
1050 2428 1099 2488 sich
1129 2428 1241 2488 immer
1271 2429 1369 2489 näher
1399 2431 1423 2491 zu

1487 2439 1673 2499 gleichwohl
1697 2437 1726 2497 im
1764 2437 1907 2497 Register
1937 2437 1989 2497 der
2013 2437 2266 2497 Unsterblichen.
2290 2437 2385 2497 Diese
2410 2437 2500 2497 Kon¬

417 2472 466 2532 sich
496 2470 599 2530 selbst.
638 2470 711 2530 Und
741 2467 776 2527 ist
806 2467 898 2527 dabei
924 2470 1021 2530 gewiß
1056 2468 1169 2528 immer
1199 2469 1356 2529 einsamer
1386 2467 1434 2527 ge¬

1489 2479 1691 2539 zentration,
1710 2476 1801 2536 dieses
1831 2476 2118 2536 Durchströmtsein
2152 2475 2176 2535 so
2211 2475 2306 2535 vieler
2335 2476 2493 2536 Gestalten

416 2507 560 2567 worden.
598 2509 648 2569 So
677 2509 760 2569 viele
789 2509 882 2569 haben
915 2509 961 2569 ihn
995 2509 1185 2569 analysiert!
1228 2506 1297 2566 Von
1335 2506 1428 2566 hohen

1494 2518 1540 2578 von
1573 2517 1624 2577 der
1652 2515 1924 2575 Paracelsusidee
1952 2515 2008 2575 (die
2032 2516 2101 2576 drei
2121 2515 2275 2575 Einakter
2298 2515 2504 2575 umspannt),

417 2548 594 2608 Kathedern
638 2548 731 2608 herab
776 2547 815 2607 ist
850 2547 913 2607 sein
958 2548 1199 2608 Wesensbezirk
1238 2548 1434 2608 abgegrenzt

1490 2555 1568 2615 diese
1597 2554 1676 2614 Art,
1695 2554 1722 2614 im
1769 2555 1955 2615 Ausschnitt
1979 2555 2035 2615 das
2068 2554 2189 2614 Leben,
2213 2554 2254 2614 die
2283 2555 2492 2615 bewegenden

413 2587 563 2647 worden.
599 2587 683 2647 Man
714 2587 769 2647 hat
795 2587 839 2647 ihm
885 2587 930 2647 die
960 2587 1121 2647 Mischung
1151 2586 1312 2646 klassischer
1342 2587 1432 2647 galli¬

1487 2595 1627 2655 geistigen
1660 2593 1773 2653 Kräfte
1802 2593 1890 2653 einer
1919 2594 2041 2654 ganzen
2074 2593 2191 2653 Epoche
2224 2593 2285 2653 und
2314 2593 2379 2653 ihre
2408 2595 2501 2655 Aus¬

416 2626 487 2686 scher
517 2627 617 2687 Kunst
641 2626 703 2686 und
732 2626 952 2686 romantischen
986 2626 1205 2686 Wienertums
1239 2626 1435 2686 bescheinigt,

1489 2632 1670 2692 wirkungen
1708 2632 1852 2692 lebendig
1885 2633 1912 2693 zu
1950 2633 2066 2693 geben,
2090 2632 2140 2692 das
2178 2632 2210 2692 ist
2239 2632 2354 2692 einfach
2383 2633 2499 2693 genial

416 2666 459 2726 ihm
498 2664 569 2724 kühl
589 2664 762 2724 abwägend
787 2664 974 2724 Verdienste
998 2665 1031 2725 um
1070 2666 1123 2726 das
1152 2664 1282 2724 beutsche
1307 2664 1426 2724 Drama

1490 2670 1547 2730 und
1576 2670 1628 2730 von
1657 2671 1800 2731 genialer
1825 2672 2025 2732 Einfachheit
2045 2671 2092 2731 bei
2116 2671 2245 2731 höchster
2265 2672 2499 2732 Kompliziert¬

414 2704 477 2764 und
512 2705 556 2765 die
591 2704 723 2764 deutsche
758 2703 836 2763 Epik
866 2703 1072 2763 zugebilligt.
1112 2703 1224 2763 Dabei
1254 2704 1323 2764 war
1357 2703 1426 2763 man

1487 2710 1549 2770 heit
1578 2711 1630 2771 des
1669 2711 1895 2771 Gedanklichen
1939 2712 2001 2772 und
2035 2712 2087 2772 des
2122 2712 2395 2772 revolutionären
2434 2709 2496 2769 Ge¬

416 2745 525 2805 immer
555 2742 751 2802 hinreichend
780 2743 918 2803 besorgt,
938 2742 985 2802 die
1010 2743 1239 2803 Männlichkeit
1264 2743 1316 2803 des
1345 2742 1436 2802 nach¬

1487 2748 1649 2808 schehens.

416 2782 593 2842 geborenen
621 2783 685 2843 Beu
733 2784 830 2844 eilers
859 2784 891 2844 an
924 2784 1011 2844 einem
1049 2784 1179 2844 Dichter
1203 2784 1231 2844 zu
1264 2784 1435 2844 erprohen,

1561 2789 1687 2849 Immer
1713 2787 1763 2847 hat
1789 2787 1818 2847 er
1844 2788 1986 2848 Schleier
2012 2787 2164 2847 gelüftet,
2179 2789 2295 2849 immer
2321 2790 2392 2850 jene
2413 2787 2493 2847 Ein¬

413 2824 464 2884 den
502 2825 567 2885 man
600 2823 721 2883 bißchen
754 2823 885 2883 feminin
918 2823 1006 2883 fand.
1049 2823 1174 2883 Womit
1198 2823 1249 2883 dem
1297 2823 1436 2883 Dichter,

1485 2829 1573 2889 blicke
1602 2827 1629 2887 in
1667 2828 1718 2888 das
1751 2826 1923 2886 purpurne
1952 2829 2086 2889 Dunkel
2115 2828 2166 2888 der
2194 2828 2311 2888 Seelen
2348 2829 2395 2889 sich
2428 2827 2488 2887 und

412 2862 473 2922 vom
517 2862 709 2922 Beurteiler
738 2861 929 2921 ungewollt,
963 2861 1011 2921 die
1045 2861 1251 2921 schöpferische
1285 2861 1433 2921 Zartheit

1482 2867 1580 2927 seinen
1613 2864 1720 2924 Lesern
1753 2864 1814 2924 und
1838 2866 1963 2926 Hörern
1992 2867 2146 2927 geöffnet.
2174 2864 2244 2924 Und
2268 2864 2384 2924 immer
2413 2867 2487 2927 wird

417 2903 507 2963 seines
543 2903 971 2963 Einfühlungsvermögens
1002 2901 1118 2961 immer
1148 2900 1264 2960 wieder
1295 2900 1430 2960 bekannt

1485 2906 1542 2966 sein
1581 2906 1739 2966 einsamer
1768 2903 1844 2963 Weg
1878 2906 2056 2966 bezeichnei
2085 2905 2171 2965 durch
2210 2906 2286 2966 zwei
2315 2903 2497 2963 Gestalten,

411 2942 537 3002 wurde.
570 2942 654 3002 Doch
678 2942 733 3002 von
761 2942 813 3002 der
837 2942 859 3002 in
888 2941 1093 3001 Schmerzen,
1112 2939 1135 2999 im
1172 2939 1429 2999 Schmiedefeuer

1482 2944 1528 3004 den
1562 2944 1754 3004 Paracelsus
1783 2944 1843 3004 und
1867 2942 1919 3002 den
1947 2944 2050 3004 Herrn
2078 2945 2111 3005 v.
2126 2944 2210 3004 Sala
2234 2943 2261 3003 im
2299 2944 2487 3004 „Einsamen

412 2981 464 3041 des
493 2981 607 3041 Lebens
636 2981 851 3041 gewonnenen
876 2980 971 3040 tiefen
1001 2980 1158 3040 Weisheit
1178 2978 1369 3038 Schnitzlers
1398 2978 1431 3038 ist

1489 2984 1599 3044 Weg",
1623 2984 1671 3044 der
1705 2981 1752 3041 bis
1786 2981 1844 3041 auf
1868 2981 1920 3041 den
1959 2983 2074 3043 Grund
2108 2983 2160 3043 des
2195 2983 2323 3043 dunklen
2363 2983 2491 3043 Teiches

414 3023 466 3083 bei
486 3020 595 3080 alledem
634 3022 734 3082 wenig
758 3023 863 3083 gesagt
883 3020 1026 3080 worden.
1046 3020 1112 3080 Und
1137 3020 1213 3080 diese
1233 3020 1433 3080 dichterische,

1482 3023 1566 3083 sehen
1594 3020 1724 3080 gelernt
1744 3021 1809 3081 hat.
1833 3020 1902 3080 Der
1931 3021 2024 3081 macht
2048 3023 2122 3083 nicht
2146 3021 2234 3081 einem
2273 3021 2379 3081 Sohn,
2399 3022 2496 3082 macht

409 3060 683 3120 verkünderische,
718 3060 782 3120 aus
827 3060 1091 3120 Metaphysischem
1151 3057 1210 3117 tief
1250 3057 1426 3117 schöpfende

1477 3061 1528 3121 den
1557 3060 1693 3120 Söhnen
1721 3058 1772 3118 den
1806 3058 1876 3118 Weg
1904 3059 1984 3119 frei,
2004 3061 2078 3121 weil
2097 3060 2130 3120 er
2154 3059 2214 3119 aus
2248 3058 2346 3118 seiner
2370 3058 2491 3118 Vater¬

414 3100 576 3160 Weisheit
601 3097 777 3157 bezeichnet
802 3095 851 3155 ihn
891 3099 1003 3159 stärker
1038 3097 1087 3157 als
1122 3096 1175 3156 sein
1215 3097 1435 3157 Wienertum,

1485 3101 1573 3161 schaft
1597 3099 1671 3159 nicht
1695 3100 1895 3160 nachträglich
1923 3100 2175 3160 Lebenswärme
2198 3098 2244 3158 sich
2268 3097 2379 3157 stehlen
2408 3099 2491 3159 will:

416 3139 463 3199 als
498 3138 579 3198 seine
608 3136 892 3196 altösterreichische
926 3139 1060 3199 Kultur,
1084 3136 1132 3196 als
1166 3137 1247 3197 seine
1277 3136 1430 3196 gepflegte

1485 3139 1547 3199 „Es
1571 3138 1681 3198 scheint
1701 3139 1777 3199 mir,
1792 3138 1844 3198 daß
1873 3136 1940 3196 jetzt
1960 3139 2075 3199 wieder
2099 3137 2137 3197 ein
2166 3136 2295 3196 besseres
2324 3136 2497 3196 Geschlecht

416 3178 640 3238 Melancholie.
684 3177 819 3237 Gewisse
848 3178 1139 3238 Offenbarungen,
1163 3175 1219 3235 wie
1253 3175 1304 3235 der
1332 3175 1430 3235 Emp¬

1480 3178 1692 3238 heranwächst
1719 3177 1733 3237 —
1791 3175 1879 3235 mehr
1915 3177 2057 3237 Haltung
2097 3177 2159 3237 und
2195 3175 2337 3235 weniger
2373 3175 2474 3235 Geist.

1485 3215 1528 3275 Da
1557 3217 1667 3277 spricht
1691 3217 1892 3277 schmerzliche
1921 3217 2107 3277 Erfahrung
2137 3214 2222 3274 eines
2252 3214 2414 3274 Dichters,
2439 3215 2486 3275 der

412 3220 632 3280 sangsbereite
662 3217 701 3277 sie
726 3217 755 3277 in
790 3217 839 3277 dem
883 3217 991 3277 Werke
1021 3217 1207 3277 Schnitzlers
1242 3216 1359 3276 erlebt,
1379 3215 1427 3275 be¬

1475 3255 1523 3315 dem
1572 3258 1759 3318 Augenblick
1788 3255 1851 3315 kein
1885 3255 2067 3315 „Verweile
2097 3252 2198 3312 doch!“
2227 3252 2357 3312 zurufen
2396 3255 2492 3315 kann,

417 3258 517 3318 weisen
548 3257 629 3317 ohne
655 3257 807 3317 weiteres
838 3255 884 3315 die
915 3258 1102 3318 dichterische
1128 3254 1189 3314 wie
1214 3253 1259 3313 die
1290 3255 1432 3315 Mensch¬

1481 3297 1555 3357 weil
1576 3297 1621 3357 ihm
1656 3297 1701 3357 die
1727 3297 2003 3357 Vergänglichkeit
2018 3296 2174 3356 allzusehr
2194 3294 2249 3354 und
2275 3294 2349 3354 ohne
2370 3294 2490 3354 Unter¬

413 3297 684 3357 heitsbedeutung
717 3300 801 3360 eines
839 3298 1061 3358 Begnadeten.
1105 3297 1168 3357 Als
1201 3297 1327 3357 Anatol
1355 3296 1428 3356 jung

543 3424 795 3484 Dresdner
843 3432 1063 3492 Neueste
1110 3441 1462 3501 Nachrichten
1508 3443 1585 3503 vom
1638 3452 1918 3512 23.10.31:

2581 1112 2645 1172 gest
2660 1109 2717 1169 At.
2754 1110 2819 1170 Die
2841 1110 3015 1170 Vertreter
3037 1113 3094 1173 der
3117 1118 3318 1178 französische

2579 1146 2777 1206 Farnier
2812 1148 2876 1208 und
2906 1151 3297 1211 Lacour=Gayet,

2576 1187 2627 1247 den
2679 1187 2805 1247 Leitern
2861 1190 2913 1250 der
2965 1193 3320 1253 Bundesreservebank

2585 1227 2900 1287 Hauptpunkte
2965 1233 3114 1293 dieses
3173 1234 3317 1294 Abkom

2575 1342 2616 1402 laß
2647 1344 2776 1404 bewußt
2797 1346 2843 1406 ist.
2869 1345 3003 1405 „Stehen
3035 1348 3091 1408 wir
3117 1348 3194 1408 denn
3226 1351 3282 1411 mit
3303 1354 3334 1414 de

2574 1382 2665 1442 Brust
2690 1383 2723 1443 an
2752 1384 2867 1444 Brust,
2887 1384 2945 1444 wie
2970 1387 3027 1447 mit
3052 1387 3138 1447 einem
3182 1390 3331 1450 Freund,

2572 1419 2680 1479 armen
2712 1419 2721 1479 —
2772 1421 2844 1481 oder
2876 1420 2934 1480 mit
2958 1425 3044 1485 einem
3090 1427 3212 1487 Feind,
3231 1428 3284 1488 der
3308 1425 3321 1485 u

2577 1458 2621 1518 Ist
2641 1458 2700 1518 das
2725 1461 2838 1521 Wort,
2854 1459 2907 1519 das
2937 1461 3006 1521 eben
3041 1466 3213 1526 verklang,
3233 1467 3312 1527 nicht

2569 1498 2677 1558 rung?
2712 1497 2780 1557 Der
2806 1500 2894 1560 Ton,
2910 1500 2968 1560 mit
2993 1502 3043 1562 dem
3082 1503 3151 1563 eine
3176 1503 3324 1563 Melodie

2574 1536 2801 1596 Erinnerung,
2821 1536 2871 1596 ehe
2901 1538 2955 1598 das
2985 1539 3058 1599 Lied
3089 1542 3261 1602 geendet?"
3301 1541 3316 1601 U

2567 1575 2611 1635 die
2632 1577 2730 1637 starke
2761 1578 2933 1638 Bejahung
2964 1577 3013 1637 des
3043 1579 3167 1639 Lebens
3197 1584 3256 1644 und
3287 1587 3316 1647 de

2569 1613 2684 1673 lichen:
2709 1616 2852 1676 „Gerade
2877 1616 2905 1676 in
2939 1616 3049 1676 solchen
3079 1619 3232 1679 Stunden

2577 1652 2748 1712 Johanna,
2761 1653 2804 1713 die
2829 1655 2921 1715 dieses
2946 1655 3148 1715 Bekenntnis
3173 1659 3234 1719 aus
3260 1661 3333 1721 tiefe

2565 1693 2694 1753 traurig
2723 1694 2819 1754 macht
2834 1694 3011 1754 —„gerade
3035 1695 3059 1755 in
3083 1697 3193 1757 solchen
3218 1700 3323 1760 Stund

2571 1730 2618 1790 daß
2655 1728 2720 1788 wir
2745 1732 2842 1792 nichts
2872 1731 3023 1791 verloren
3060 1739 3156 1799 haben
3193 1739 3253 1799 und
3284 1743 3325 1803 eig

2567 1768 2727 1828 verlieren
2757 1769 2911 1829 können."

2642 1808 2766 1868 Arthur
2803 1811 2998 1871 Schnitzlers
3040 1813 3236 1873 spielerische
3278 1816 3324 1876 Ku

2569 1848 2661 1908 Wesen
2703 1849 2754 1909 der
2784 1849 2959 1909 Dramatik
2988 1851 3052 1911 und
3088 1854 3140 1914 der
3169 1855 3331 1915 Bühnea

2568 1886 2645 1946 seine
2676 1888 2925 1948 melancholische
2957 1891 3122 1951 Weisheit
3148 1894 3210 1954 und
3242 1895 3314 1955 ihre

2564 1930 2590 1990 in
2622 1928 2722 1988 starke
2755 1932 2956 1992 dramatische
2983 1930 3088 1990 Höhen
3136 1934 3321 1994 gefördert.

2567 1969 2709 2029 Naturen
2739 1969 2832 2029 haben
2857 1969 3068 2029 empfunden,
3084 1972 3171 2032 welch
3206 1973 3250 2033 ein
3280 1975 3324 2035 St

2562 2008 2797 2068 bezwungener
2823 2011 3099 2071 gesellschaftlicher
3125 2014 3315 2074 Schicksalsw

2564 2047 2701 2107 einzigen
2734 2049 2839 2109 Szene
2861 2049 2956 2109 liegt,
2978 2050 3030 2110 wie
3058 2049 3083 2109 in
3116 2052 3169 2112 der
3196 2053 3248 2113 der
3275 2055 3338 2115 „Li¬

2563 2085 2609 2145 der
2635 2087 2755 2147 fremde
2786 2089 2869 2149 Herr
2901 2088 3000 2148 (welch
3031 2088 3104 2148 eine
3131 2091 3265 2151 Gestalt
3292 2091 3338 2151 für

2563 2125 2707 2185 spieler!)
2734 2129 2759 2189 in
2796 2130 2853 2190 das
2884 2130 3029 2190 Zimmer
3056 2130 3112 2190 des
3143 2132 3262 2192 jungen
3299 2132 3309 2192 M

2563 2169 2658 2229 Jeder
2680 2166 2755 2226 weiß
2782 2169 2893 2229 sofort,
2910 2169 2979 2229 der
3001 2172 3069 2232 muß
3097 2172 3214 2232 fallen.
3230 2173 3310 2233 Man

2557 2208 2757 2268 abgebogene
2794 2208 2958 2268 Tragödie
2990 2211 3041 2271 der
3073 2211 3196 2271 „Ehre"
3232 2213 3325 2273 Sude

2557 2248 2632 2308 diese
2666 2245 2736 2305 eine
2769 2246 2888 2306 knappe
2921 2249 3024 2309 Szene
3052 2249 3269 2309 Schnitzlers.
3308 2251 3323 2311 U

2558 2285 2613 2345 das
2641 2287 2779 2347 Problem
2819 2288 2934 2348 „Ehre"
2963 2291 3007 2351 bis
3035 2293 3062 2353 in
3091 2291 3135 2351 die
3157 2291 3240 2351 letzte
3268 2293 3329 2353 Kon

2561 2327 2788 2387 erschütternd,
2804 2328 3005 2388 bezwingend
3031 2330 3170 2390 erlebigt
3192 2331 3243 2391 ist.

2629 2366 2702 2426 Das
2735 2369 2946 2429 Wienerische
2979 2369 3005 2429 in
3037 2369 3095 2429 der
3127 2371 3307 2431 „Liebelei“

2559 2408 2680 2468 zuletzt,
2702 2408 2760 2468 wie
2787 2410 2834 2470 die
2856 2408 3031 2468 Romantik
3058 2411 3136 2471 über
3164 2413 3227 2473 alle
3254 2412 3338 2472 Schi¬

2558 2447 2649 2507 reichs
2682 2449 2866 2509 unsterblich
2899 2449 2942 2509 sich
2975 2449 3093 2509 erhält.
3132 2449 3185 2509 Wo
3218 2449 3288 2509 gibt

2557 2485 2611 2545 wie
2642 2487 2718 2547 den,
2749 2488 2783 2548 da
2830 2487 2885 2547 der
2921 2486 3057 2546 plötzlich
3098 2488 3335 2548 vereinsamte,

2558 2526 2649 2586 junge
2677 2525 2801 2585 Mensch
2829 2527 3013 2587 aufgerissen
3046 2530 3126 2590 wird
3155 2530 3240 2590 durch
3268 2530 3322 2590 den

2562 2569 2611 2629 sein
2646 2567 2812 2627 wissender
2847 2567 2975 2627 Freund
3010 2569 3063 2629 von
3103 2569 3156 2629 der
3187 2572 3314 2632 Straße

2557 2605 2587 2665 um
2635 2608 2686 2668 ihn
2728 2609 2758 2669 zu
2795 2608 2997 2668 ermutigen.
3039 2608 3112 2668 Wie
3143 2611 3241 2671 fließt
3268 2613 3303 2673 da

2557 2646 2644 2706 Liebe
2665 2647 2722 2707 zum
2764 2647 2883 2707 Leben,
2899 2648 3146 2708 Tragikomödie
3173 2649 3219 2709 des
3251 2648 3338 2708 Schie

2550 2683 2591 2743 um
2632 2686 2679 2746 den
2716 2688 2778 2748 Tod
2809 2685 2834 2745 in
2866 2685 2912 2745 der
2939 2686 3068 2746 Jugend
3099 2688 3280 2748 zusammen
3307 2688 3332 2748 in

2555 2724 2614 2784 die,
2644 2724 2678 2784 so
2723 2726 2964 2786 unvergeßlich,
2999 2727 3062 2787 wie
3102 2725 3156 2785 die
3196 2729 3324 2789 Sorma

2557 2765 2727 2825 Christine,
2749 2766 2796 2826 die
2824 2767 2908 2827 keine
2935 2766 3202 2826 Oesterreicherin
3240 2768 3308 2828 war

2559 2803 2603 2863 die
2655 2808 2944 2868 nachschöpferische
2996 2811 3208 2871 Vollendung
3279 2810 3330 2870 die

2555 2844 2768 2904 Schnitzlers.

2627 2894 2698 2954 Man
2735 2896 2789 2956 hat
2814 2894 2983 2954 Schnitzler
3014 2897 3213 2957 nachgesagt,
3232 2897 3279 2957 die
3304 2894 3322 2954 T

2554 2932 2705 2992 Gestalten
2746 2936 2852 2996 werde
2883 2936 3064 2996 gemindert
3091 2936 3181 2996 durch
3213 2938 3283 2998 ihre

2552 2972 2783 3032 „Gesellschaft“
2840 2976 2875 3036 zu
2926 2975 3083 3035 gehören.
3149 2976 3330 3036 Seltsamer

2550 3011 2726 3071 Christine,
2747 3014 2887 3074 Mizzie,
2908 3014 3001 3074 selbst
3028 3014 3079 3074 der
3116 3014 3333 3074 vielwissende

2552 3050 2608 3110 sind
2634 3052 2676 3112 sie
2702 3054 2780 3114 nicht
2801 3054 2910 3114 Volk?
2952 3054 3086 3114 Freilich
3118 3052 3169 3112 ihr
3196 3055 3304 3115 Boden

2544 3091 2623 3151 naue
2663 3092 2811 3152 Grenzen
2856 3094 3029 3154 bestimmt.
3079 3092 3167 3152 Aber
3207 3095 3257 3155 die
3297 3089 3340 3149 St

2546 3130 2632 3190 ihrer
2656 3131 2795 3191 Gefühle
2825 3133 2920 3193 macht
2940 3133 2969 3193 ja
2993 3133 3055 3193 erst
3080 3133 3127 3193 die
3152 3133 3209 3193 aus
3243 3133 3295 3193 dem

2548 3170 2720 3230 strömende
2749 3172 2931 3232 dichterische
2960 3172 3123 3232 Weisheit
3148 3173 3300 3233 möglich,

2544 3211 2666 3271 terische
2697 3213 2917 3273 Vermächtnis
2942 3213 3138 3273 Schnitzlers
3168 3213 3339 3273 bestimmt.

2553 3251 2711 3311 Schicksale
2750 3252 2812 3312 und
2856 3250 2908 3310 wie
2943 3252 3178 3312 mannigfacher
3207 3251 3274 3311 Art
3299 3253 3332 3313 sit

2546 3292 2732 3352 Schnitzlers
2773 3294 2971 3354 schicksalhaft
3006 3294 3198 3354 verbunden
3240 3296 3326 3356 durch
