3344 4352
142 377 257 437 2.

318 380 901 440 Schnitzler's
972 380 1212 440 Death

1426 377 1552 437 box
1634 383 1832 443 43/1

241 1524 972 1584 OBSERVER

328 1586 363 1646 I.
377 1586 497 1646 österr.
506 1586 657 1646 behördl.
671 1586 969 1646 konzessioniertes

281 1627 520 1687 Unternehmen
553 1628 598 1688 für
626 1628 1013 1688 Zeitungs-Ausschnitte

339 1683 492 1743 WIEN,
515 1688 562 1748 I.,
591 1691 878 1751 WOLLZEILE
928 1688 969 1748 11

433 1739 655 1799 TELEPHON
689 1739 867 1799 R-23-0-43

343 1900 519 1960 Der
566 1908 808 1968 Bund

939 1906 1083 1966 Bern

364 1956 487 2016 Mondeee
502 1958 554 2018 demn

679 1960 737 2020 derner
747 1962 793 2022 petun

169 1965 237 2025 se:

175 2049 665 2109 Abend=Ausgabe

469 2138 797 2198 von
865 2153 923 2213 15

1155 2207 1327 2267 Genießen
1363 2207 1419 2267 des
1443 2210 1686 2270 Augenblicks,
1710 2213 1766 2273 das
1803 2214 1882 2274 nicht
1918 2216 1998 2276 nach
2023 2216 2079 2276 dem

2433 2222 2568 2282 e
2628 2225 2705 2285 ee
2789 2229 2843 2289 e
2927 2233 2981 2293 e
3065 2237 3280 2297 .

345 2211 377 2271 *
435 2230 625 2290 Arthur
671 2234 929 2294 Schnitzler

1161 2252 1298 2312 Morgen
1331 2252 1448 2312 fragt,
1460 2252 1522 2312 wie
1545 2254 1576 2314 es
1609 2255 1693 2315 schon
1727 2258 1886 2318 Abraham
1930 2259 1939 2319 a
1972 2261 2089 2321 Santa
2122 2263 2238 2323 mahnt
2271 2263 2302 2323 an
2336 2264 2484 2324 Stifters
2506 2270 2772 2330 Erzählerkunst.

3094 2279 3163 2339 ters
3196 2284 3228 2344 zu
3267 2282 3298 2342 de

194 2286 274 2346 Die
295 2288 437 2348 Wiener
459 2291 621 2351 Dichtung
648 2291 729 2351 wird
751 2294 824 2354 stets
853 2295 879 2355 in
913 2297 960 2357 der
988 2300 1096 2360 Litera

1144 2294 1252 2354 Clara
1278 2296 1313 2356 an
1340 2297 1442 2357 seinen
1474 2297 1628 2357 Wienern
1655 2300 1799 2360 tadelte.
1820 2303 2000 2363 Schnitzler
2021 2303 2093 2363 war

2158 2314 2234 2374 Aus
2258 2318 2358 2378 seinem
2400 2318 2594 2378 Wienertum
2631 2324 2754 2384 heraus
2772 2326 2884 2386 wurde
2902 2328 2955 2388 der
2979 2332 3067 2392 Dich¬
3092 2324 3209 2384 wiesen
3245 2324 3285 2384 wo

152 2331 387 2391 turgeschichte
411 2333 462 2393 des
491 2333 594 2393 letzten
630 2338 1010 2398 Vierteljahrhunderts
1039 2341 1107 2401 eine
1148 2339 1199 2399 ein
1223 2338 1372 2398 geradezu
1402 2339 1597 2399 fanatischer
1621 2343 1799 2403 Verfechter
1823 2344 1874 2404 des
1897 2346 2093 2406 Glaubens,
2123 2354 2174 2414 ter
2203 2359 2231 2419 zu
2267 2359 2323 2419 dem
2370 2361 2640 2421 bezeichnendsten
2682 2367 2854 2427 Vertreter
2883 2371 2934 2431 des
2964 2372 3067 2432 Im=
3096 2365 3193 2425 mann
3223 2365 3263 2425 ist

154 2374 361 2434 bedeutende
392 2377 495 2437 Stelle
527 2378 744 2438 einnehmen,
760 2381 796 2441 sie
822 2383 863 2443 ist
884 2383 910 2443 ja
941 2383 1029 2443 nicht
1050 2386 1112 2446 nur

1141 2380 1205 2440 daß
1233 2380 1286 2440 der
1308 2383 1432 2443 Mensch
1459 2383 1550 2443 nichts
1578 2386 1632 2446 tun
1660 2386 1735 2446 kann
1768 2389 1859 2449 gegen
1892 2389 1945 2449 sein
1978 2392 2075 2452 Schick

2114 2404 2527 2464 pressionismus.
2549 2408 2596 2468 Da
2623 2410 2654 2470 er
2676 2410 2739 2470 nur
2761 2412 2808 2472 die
2830 2416 3057 2476 Empfindung

3091 2410 3287 2470 senschaftlid

154 2420 221 2480 mik
237 2419 288 2479 den
315 2419 579 2479 Schlagwörtern
611 2423 662 2483 vom
699 2425 859 2485 „Wiener
876 2428 1026 2488 Walzer“
1052 2428 1109 2488 und

1147 2425 1212 2485 sal,
1229 2425 1287 2485 daß
1321 2426 1352 2486 er
1380 2427 1494 2487 unfrei
1521 2428 1575 2488 ist,
1597 2429 1667 2489 eine
1695 2431 1814 2491 Puppe
1847 2432 1873 2492 in
1912 2435 1965 2495 der
1993 2434 2084 2494 Hand

2112 2445 2171 2505 des
2193 2448 2403 2508 Augenblicks
2431 2449 2630 2509 anerkennt,
2642 2454 2684 2514 sich
2712 2455 2803 2515 allein
2831 2457 2863 2517 an
2890 2459 2938 2519 den
2966 2461 3041 2521 flüch

3088 2455 3167 2515 stion
3205 2455 3277 2515 berü

155 2465 271 2525 „süßen
300 2464 439 2524 Mädel“
469 2465 496 2525 zu
524 2467 725 2527 erschöpfen,
742 2470 876 2530 sondern
904 2472 943 2532 sie
966 2473 1021 2533 hat
1044 2473 1099 2533 den

1137 2467 1233 2527 eines
1262 2470 1481 2530 unsichtbaren
1510 2473 1770 2533 Drahtziehers.
1798 2474 1843 2534 Es
1877 2475 1911 2535 ist
1940 2476 2007 2536 dies
2036 2480 2086 2540 lu=
2115 2486 2205 2546 tigen
2239 2492 2391 2552 Abglanz
2432 2494 2488 2554 des
2517 2495 2663 2555 Lebens,
2697 2499 2736 2559 an
2776 2501 2832 2561 den
2867 2503 3064 2563 Mummen¬
3087 2499 3149 2559 gen
3178 2497 3233 2557 von
3262 2497 3290 2557 ve

155 2506 275 2566 trüben
302 2508 366 2568 und
387 2509 549 2569 sachlichen
574 2512 817 2572 norddeutschen
848 2515 1110 2575 Naturalismus

1136 2512 1374 2572 stig=traurige
1406 2515 1633 2575 Puppenspiel
1666 2518 1718 2578 des
1756 2520 1903 2580 Lebens,
1941 2521 1999 2581 das
2036 2521 2089 2581 die

2114 2532 2222 2592 schanz
2244 2535 2493 2595 verhuschender
2516 2538 2666 2598 Schatten
2700 2542 2889 2602 klammert,
2901 2546 2927 2606 so
2955 2547 3057 2607 wußt¬

3082 2540 3183 2600 denen
3213 2544 3260 2604 sich

158 2550 226 2610 erst
253 2550 385 2610 Anmut
412 2552 596 2612 verliehen,
618 2555 813 2615 Weichheit,
835 2559 1008 2619 Feinheit,
1030 2559 1114 2619 Mu¬

1147 2554 1284 2614 Wiener
1309 2556 1500 2616 Volksstücke
1526 2559 1591 2619 mit
1616 2560 1832 2620 unbewußter
1856 2564 1983 2624 Ironie
2013 2566 2091 2626 dar=
2116 2571 2151 2631 er
2176 2575 2199 2635 in
2230 2577 2289 2637 das
2315 2578 2536 2638 Momentane
2561 2581 2614 2641 den
2639 2585 2784 2645 stärksten
2814 2592 2940 2652 Inhalt
2959 2591 2988 2651 zu
3019 2589 3060 2649 le¬

3084 2583 3204 2643 baute,
3228 2588 3256 2648 zu

159 2595 215 2655 sik.
238 2595 311 2655 Und
334 2595 384 2655 der
407 2598 633 2658 bezeichnende
656 2598 808 2658 Künstler
831 2603 932 2663 dieser
949 2604 1106 2664 „Wiener
1136 2598 1293 2658 stellten,
1311 2598 1366 2658 das
1401 2600 1451 2660 bei
1480 2601 1524 2661 ihm
1570 2603 1649 2663 aber
1678 2605 1739 2665 mit
1768 2607 1858 2667 einem
1898 2608 2077 2668 skeptischen
2113 2618 2197 2678 gen.
2220 2621 2326 2681 Seine
2344 2623 2456 2683 beiden
2485 2625 2581 2685 ersten
2609 2629 2862 2689 bedeutenderen
2891 2635 3043 2695 Arbeiten

3080 2628 3213 2688 hungen
3248 2630 3281 2690 un

156 2637 297 2697 Schule“
325 2640 498 2700 schlechthin
530 2640 598 2700 war
620 2643 810 2703 Schnitzler,
827 2646 910 2706 nicht
932 2646 1005 2706 etwa
1038 2647 1111 2707 Hof¬

1139 2643 1360 2703 Künstlertum
1397 2646 1583 2706 geschildert
1602 2646 1697 2706 wird.
1722 2650 1794 2710 Das
1818 2652 1969 2712 Schicksal
1987 2654 2089 2714 spielt
2114 2659 2173 2719 der
2204 2666 2474 2726 Einakterzyklus
2511 2670 2679 2730 „Anatol“
2728 2673 2788 2733 und
2830 2675 2884 2735 die
2921 2677 3040 2737 Novell

3081 2670 3112 2730 in
3151 2670 3202 2730 die
3235 2673 3291 2733 We

158 2682 384 2742 mannsthal,
409 2684 468 2744 der
498 2686 566 2746 viel
602 2688 892 2748 internationaler
927 2690 1009 2750 war.

1138 2686 1206 2746 mit
1236 2688 1316 2748 uns,
1340 2690 1398 2750 wir
1428 2691 1537 2751 spielen
1578 2692 1670 2752 unser
1700 2692 1826 2752 Leben:

2114 2708 2323 2768 „Sterben“,
2342 2710 2492 2770 drängen
2529 2712 2648 2772 bereits
2685 2717 2708 2777 in
2745 2717 2889 2777 einzelne
2920 2723 3057 2783 Augen=
3082 2713 3226 2773 Gefühle
3256 2718 3274 2778 u

161 2725 340 2785 Schnitzler
379 2727 460 2787 fand
506 2729 618 2789 uralte
656 2730 790 2790 Wiener
821 2733 1000 2793 Tradition
1038 2734 1105 2794 ihre

2109 2750 2206 2810 blicke
2224 2753 2322 2813 ganze
2346 2753 2473 2813 Welten
2502 2755 2554 2815 des
2577 2758 2762 2818 Erlebens.
2787 2762 2855 2822 Das
2879 2765 3058 2825 impressio=
3087 2756 3151 2816 wie
3174 2759 3203 2819 in
3232 2759 3283 2819 der

1148 2752 1209 2812 „Es
1238 2755 1356 2815 fließen
1390 2756 1587 2816 ineinander
1616 2759 1728 2819 Traum
1774 2761 1835 2821 und
1864 2761 2022 2821 Wachen.

158 2768 240 2828 letzte
267 2770 536 2830 Verfeinerung,
557 2774 644 2834 ihren
676 2774 779 2834 vollen
811 2777 1002 2837 Ausklang.
1028 2776 1110 2836 Viel

2111 2793 2252 2853 nistische
2276 2796 2400 2856 Drama
2430 2798 2488 2858 hat
2512 2799 2577 2859 kein
2607 2801 2742 2861 höheres
2772 2807 2961 2867 Kunstwerk
2985 2807 3061 2867 auf=
3086 2802 3179 2862 Aber
3204 2804 3226 2864 so
3257 2802 3273 2862 w

1137 2795 1325 2855 Wahrheit
1348 2798 1406 2858 und
1440 2801 1542 2861 Lüge.
1570 2803 1759 2863 Sicherheit
1787 2804 1824 2864 ist
1846 2806 2003 2866 nirgends

158 2813 250 2873 mehr
276 2813 322 2873 als
349 2814 410 2874 das
436 2816 575 2876 Vorbild
601 2816 657 2876 der
678 2819 858 2879 Franzosen
890 2821 961 2881 oder
982 2822 1105 2882 Ibsens

2104 2837 2264 2897 zuweisen
2292 2838 2341 2898 als
2364 2841 2558 2901 Schnitzlers
2581 2846 2774 2906 „Einsamen
2803 2853 2918 2913 Weg“,
2936 2853 2957 2913 in
2985 2854 3034 2914 dem

1139 2835 1217 2895 Wir
1247 2843 1350 2903 wissen
1385 2843 1483 2903 nichts
1518 2843 1576 2903 von
1612 2846 1759 2906 andern,
1779 2849 1882 2909 nichts
1917 2851 1970 2911 von
2010 2852 2069 2912 uns

3075 2845 3200 2905 dernde
3234 2848 3295 2908 An¬

159 2858 252 2918 sollte
275 2858 346 2918 man
380 2859 457 2919 diese
486 2861 756 2921 heimischen
785 2864 1033 2924 Einflüsse
1062 2864 1111 2924 be¬

2104 2882 2181 2942 man
2215 2882 2281 2942 auch
2310 2883 2398 2943 wohl
2421 2885 2481 2945 sein
2510 2886 2609 2946 bestes
2638 2891 2732 2951 Werk
2755 2892 2838 2952 sehen
2871 2896 2960 2956 darf.
2977 2896 3049 2956 Hier

3084 2888 3140 2948 sein
3169 2891 3266 2951 Werk

1136 2882 1215 2942 Wir
1241 2885 1351 2945 spielen
1382 2888 1461 2948 alle,
1475 2890 1536 2950 wer
1561 2891 1591 2951 es
1617 2892 1715 2952 weiß,
1728 2894 1764 2954 ist
1783 2894 1868 2954 klug,

158 2903 276 2963 tonen.
303 2903 385 2963 Sein
412 2905 655 2965 Hauptmotiv,
671 2906 723 2966 die
744 2907 1008 2967 schaurig=schöne
1029 2908 1111 2968 Ver¬

2108 2925 2269 2985 entfaltet
2291 2929 2340 2989 sich
2368 2929 2437 2989 eine
2459 2929 2567 2989 Kunst
2590 2932 2638 2992 der
2665 2933 2849 2993 Halbtöne,
2866 2938 2919 2998 der
2941 2939 3043 2999 feiner

3081 2932 3172 2992 seitig
3198 2934 3233 2994 an
3265 2935 3295 2995 de

155 2945 375 3005 schwisterung
403 2946 458 3006 von
492 2948 717 3008 Liebesgenuß
746 2950 806 3010 und
834 2950 1049 3010 Todesnähe,
1066 2953 1104 3013 ist
1133 2955 1226 3015 heißt
1243 2956 1270 3016 es
1293 2956 1320 3016 in
1342 2957 1441 3017 seinem
1480 2961 1685 3021 tiefsinnigen
1713 2964 1972 3024 „Paracelsus“.
1983 2966 2071 3026 „Das
2105 2968 2286 3028 Valeurs;
2309 2970 2381 3030 eine
2409 2974 2629 3034 silbergraue,
2652 2978 2706 3038 von
2740 2980 2883 3040 schweren
2917 2982 3043 3042 Farber

3076 2975 3150 3035 muß
3186 2977 3295 3037 betra¬

156 2989 213 3049 der
240 2989 424 3049 eigentliche
451 2992 789 3052 Stimmungsfaktor
811 2992 863 3052 des
895 2995 1027 3055 Barock,
1043 2996 1101 3056 das
1138 2998 1243 3058 Leben
1271 2998 1281 3058 —
1329 3000 1370 3060 ein
1397 3004 1561 3064 Traum“,
1577 3004 1640 3064 dies
1661 3007 1978 3067 Grillparzermotiv
1999 3011 2078 3071 wird

2104 3010 2195 3070 matt
2223 3013 2471 3073 durchleuchtete
2499 3019 2790 3079 Herbststimmung
2824 3025 2861 3085 ist
2883 3025 2964 3085 über
2991 3027 3045 3087 da¬

3078 3022 3277 3082 chologischen

154 3034 244 3094 nicht
265 3033 328 3093 nur
355 3034 386 3094 in
419 3034 471 3094 der
498 3035 603 3095 Kunst
630 3037 751 3097 Fischer
778 3037 831 3097 von
863 3037 1016 3097 Erlachs,
1038 3040 1106 3100 son¬

1140 3040 1196 3100 von
1233 3043 1408 3103 Schnitzler
1440 3048 1470 3108 in
1507 3049 1677 3109 vielfachen
1724 3051 1961 3111 Wandlungen
2013 3052 2074 3112 und

2101 3054 2217 3114 Ganze
2245 3058 2428 3118 gebreitet,
2445 3060 2506 3120 und
2540 3061 2589 3121 die
2612 3064 2739 3124 Tragik
2762 3067 2817 3127 des
2851 3070 2984 3130 Alters,
3001 3070 3045 3130 die

3120 3072 3204 3132 Man
3237 3073 3294 3133 hat

151 3076 233 3136 dern
264 3076 331 3136 auch
363 3076 388 3136 im
430 3079 694 3139 österreichischen
725 3082 994 3142 Jesuitendrama
1025 3085 1107 3145 seine

1140 3088 1382 3148 Spiegelungen
1415 3092 1689 3152 aufgenommen,
1705 3094 1815 3154 ebenso
1842 3096 1899 3156 wie
1926 3097 1974 3157 die
1996 3096 2079 3156 Ver=
2101 3097 2179 3157 hier
2206 3100 2433 3160 angeschlagen
2465 3103 2544 3163 wird
2576 3106 2633 3166 und
2666 3107 2712 3167 bei
2734 3111 2913 3171 Schnitzler
2935 3114 3029 3174 imme

3073 3117 3174 3177 Welt
3195 3118 3251 3178 und

159 3118 244 3178 Höhe
272 3121 443 3181 erreichte,
466 3121 524 3181 und
557 3123 605 3183 die
633 3124 708 3184 stets
741 3125 1015 3185 wiederkehrende
1043 3127 1107 3187 Si=
1130 3132 1328 3192 schmelzung
1367 3133 1420 3193 von
1453 3135 1549 3195 Liebe
1582 3135 1641 3195 und
1674 3135 1738 3195 Tod
1771 3136 1835 3196 aus
1868 3141 1954 3201 „Des
1981 3141 2078 3201 Mee=
2106 3141 2342 3201 wiederkehrt,
2359 3144 2396 3204 ist
2418 3146 2466 3206 die
2489 3149 2677 3209 eigentliche
2699 3152 2823 3212 Tragik
2845 3155 2893 3215 des
2920 3156 3049 3216 impres¬

3075 3159 3199 3219 sächlich
3228 3160 3262 3220 sin

155 3162 287 3222 tuation
326 3162 375 3222 bei
403 3165 595 3225 Schnitzler,
618 3166 673 3226 der
701 3167 816 3227 Rausch
850 3168 899 3228 der
927 3169 1025 3229 Liebe
1054 3172 1086 3232 im
1136 3174 1185 3234 res
1224 3174 1284 3234 und
1318 3175 1373 3235 der
1401 3177 1494 3237 Liebe
1528 3177 1698 3237 Wellen“.
1732 3180 1836 3240 Kunst
1865 3183 1925 3243 und
1964 3183 2073 3243 Natur
2102 3186 2310 3246 sionistischen
2339 3190 2525 3250 Menschen,
2543 3193 2597 3253 der
2614 3194 2691 3254 stets
2719 3196 2762 3256 die
2785 3198 2917 3258 Stunde
2940 3201 3049 3261 genos=
3083 3203 3143 3263 und
3171 3204 3292 3264 Situat

154 3206 319 3266 Angesicht
345 3207 396 3267 des
428 3208 551 3268 Todes,
572 3210 613 3270 ist
634 3212 695 3272 nur
722 3212 768 3272 ein
805 3213 912 3273 müder
939 3215 1103 3275 Nachhall
1130 3218 1227 3278 gehen
1264 3219 1465 3279 ineinander
1502 3222 1604 3282 über,
1636 3223 1697 3283 und
1729 3224 1790 3284 das
1822 3225 1919 3285 Leben
1956 3225 1986 3285 in
2018 3226 2074 3286 der

2104 3228 2148 3288 sen
2181 3230 2241 3290 hat
2264 3234 2324 3294 und
2352 3234 2401 3294 sich
2430 3234 2490 3294 nun
2524 3237 2628 3297 einsam
2673 3240 2750 3300 sieht
2773 3242 2838 3302 mit
2861 3243 2910 3303 den
2949 3246 3048 3306 Sche=
3071 3247 3241 3307 riationen

157 3252 249 3312 jener
280 3252 398 3312 starken
440 3252 738 3312 Barockkontraste,
765 3255 816 3315 die
847 3257 914 3317 hier
945 3260 975 3320 zu
1012 3259 1084 3319 eine

1134 3261 1321 3321 Phantasie
1343 3263 1381 3323 ist
1404 3265 1453 3325 oft
1476 3267 1651 3327 wirklicher
1680 3267 1723 3327 als
1757 3267 1811 3327 das
1839 3268 1927 3328 reale
1955 3270 2076 3330 Leben.
2104 3273 2175 3333 men
2209 3276 2313 3336 seiner
2341 3279 2577 3339 Erinnerung.
2622 3282 2688 3342 Die
2727 3286 2930 3346 Wirrungen
2980 3291 3040 3351 und
3074 3291 3128 3351 des
3162 3291 3266 3351 Mann

153 3297 346 3357 schmerzlich
374 3297 476 3357 stillen
509 3298 696 3358 Harmonie
724 3301 966 3361 verschmelzen.
1009 3303 1100 3363 Aber
1134 3305 1252 3365 Daher
1284 3307 1365 3367 seine
1398 3310 1612 3370 Verehrung,
1640 3314 1666 3374 ja
1704 3313 1968 3373 Ueberschätzung
2017 3315 2070 3375 des
2103 3318 2340 3378 Wandlungen
2378 3321 2431 3381 der
2464 3322 2577 3382 Seele,
2599 3324 2647 3384 die
2680 3326 2749 3386 „ein
2782 3330 2894 3390 weites
2933 3333 3018 3393 Land

3070 3334 3212 3394 Mädel"
3244 3334 3281 3394 un

152 3338 234 3398 nicht
253 3339 311 3399 nur
335 3339 399 3399 dies
424 3338 494 3398 eine
518 3340 648 3400 Motiv,
660 3343 789 3403 sondern
820 3345 902 3405 seine
920 3347 1020 3407 ganze
1039 3347 1097 3407 Le=
1127 3349 1327 3409 Künstlers,
1340 3350 1398 3410 sein
1428 3353 1694 3413 Aesthetentum,
1706 3356 1806 3416 daher
1830 3356 1906 3416 aber
1931 3357 1995 3417 auch
2020 3359 2072 3419 die
2102 3359 2160 3419 ist,
2179 3361 2391 3421 beschäftigen
2427 3368 2604 3428 Schnitzler
2634 3372 2882 3432 hauptsächlich,
2906 3376 2958 3436 der
2995 3377 3041 3437 als
3083 3380 3265 3440 „dreieckige

154 3383 383 3443 benshaltung
410 3384 478 3444 war
500 3386 611 3446 typisch
634 3386 873 3446 österreichisch.
889 3389 931 3449 Es
953 3392 990 3452 ist
1012 3392 1102 3452 jenes

1140 3393 1319 3453 Inbrunst,
1343 3395 1404 3455 mit
1427 3397 1477 3457 der
1500 3398 1562 3458 das
1591 3398 1748 3458 Formale
1771 3401 1905 3461 gegeben
1940 3404 1990 3464 ist.
2019 3405 2063 3465 In
2098 3401 2187 3461 Arzt
2210 3404 2255 3464 ein
2284 3407 2418 3467 scharfer
2441 3409 2638 3469 Beobachter
2661 3413 2700 3473 ist
2723 3415 2779 3475 und
2808 3418 2858 3478 sich
2881 3420 2942 3480 mit
2965 3422 3044 3482 Psy=
3072 3422 3184 3482 beiden
3219 3422 3280 3482 Fre

151 3427 396 3487 Gehenlassen,
415 3428 474 3488 das
505 3428 528 3488 im
571 3431 715 3491 Postlied
745 3431 799 3491 des
830 3432 950 3492 „lieben
987 3434 1100 3494 Augu=
1131 3435 1190 3495 der
1221 3437 1382 3497 Feinheit
1419 3440 1485 3500 und
1515 3443 1641 3503 Grazie
1678 3443 1786 3503 seines
1829 3443 1924 3503 Stils
1967 3445 2068 3505 folgte
2099 3448 2243 3508 chologie
2267 3451 2351 3511 nicht
2376 3453 2435 3513 nur
2460 3454 2508 3514 als
2539 3457 2712 3517 Künstler,
2731 3463 2862 3523 sondern
2893 3465 2964 3525 auch
2989 3466 3037 3526 als
3073 3466 3169 3526 Liebe
3206 3469 3277 3529 kurz

160 3473 240 3533 stin“
269 3473 430 3533 erklingt:
454 3476 500 3536 „'s
529 3476 569 3536 ist
592 3476 655 3536 mir
679 3474 759 3534 alles
789 3476 903 3536 eins“,
921 3476 949 3536 es
980 3478 1019 3538 ist
1043 3479 1100 3539 das
1135 3482 1314 3542 Schnitzler
1343 3485 1509 3545 ebenfalls
1540 3487 1596 3547 den
1637 3488 1735 3548 besten
1776 3489 1954 3549 heimischen
1995 3488 2069 3548 Mu¬

2102 3492 2278 3552 Gelehrter
2302 3498 2485 3558 beschäftigt
2503 3501 2580 3561 hat.
2604 3505 2644 3565 In
2674 3506 2762 3566 einem
2804 3509 2927 3569 eigenen
2958 3512 3039 3572 Buch
3070 3512 3246 3572 Hoffnung
3270 3512 3281 3572 a
