3392 4352
183 319 315 379 12.

1491 302 1615 362 box
1693 302 1918 362 43/26

378 314 962 374 Schnitzler's
1029 307 1254 367 Death

382 734 991 794 E

539 789 571 849 .
622 788 772 848 hebördl.
781 762 1072 822 konzessioniertes

825 795 1134 855 Ausschnitte

952 896 1170 956 ARISIENAE

324 947 461 1007 Extroit
479 944 509 1004 de

950 951 1094 1011 ronchet,
1109 944 1164 1004 IX*

786 959 820 1019 29
843 954 884 1014 R.

329 1046 466 1106 Adresse

1041 1094 1092 1154 NE
1136 1091 1219 1151 193

723 1094 774 1154 4

328 1146 413 1206 Date

2509 1258 2570 1318 69°
2595 1256 2743 1316 Année.
2775 1254 2793 1314 —
2849 1255 3003 1315 Numéro
3053 1257 3095 1317 46

283 1270 879 1330 ABONNEMENTS:

2511 1300 2709 1360 RÉDACTION
2731 1297 2743 1357 A
2765 1297 3071 1357 ADMINISTRATION

288 1302 316 1362 Ou
336 1300 355 1360 1“
380 1300 405 1360 de
425 1301 511 1361 chaque
530 1303 584 1363 mois
636 1301 645 1361 1
658 1300 683 1360 AN
719 1300 728 1360 6
744 1300 795 1360 MOIS
811 1300 820 1360 3
830 1300 884 1360 MOIS

1824 1313 2101 1373 SEN

2512 1330 2551 1390 29,
2582 1329 2632 1389 nue
2674 1327 2820 1387 Tronchet.
2851 1325 2865 1385 —
2917 1324 3017 1384 PARIS
3053 1325 3093 1385 (0*

288 1330 384 1390 France
404 1330 430 1390 et
440 1330 559 1390 Colonies
576 1331 585 1391 "
626 1330 695 1390 110.—
725 1330 780 1390 58.—
811 1330 863 1390 30.-

1557 1342 1687 1402 .

285 1359 409 1419 Etranger
427 1359 503 1419 (Tarif
517 1360 596 1420 réd.)..
631 1359 696 1419 140.—
732 1358 786 1418 75.—
815 1358 870 1418 40.—

2509 1377 2634 1437 Téléphone
2646 1374 2657 1434 :
2672 1374 2790 1434 GUTENS.
2802 1371 2878 1431 48.69.
2893 1371 3015 1431 CENTRAL
3034 1371 3095 1431 24.50

1475 1385 1578 1445 3.A.R.L.
1590 1383 1612 1443 au
1631 1383 1723 1443 Capital
1731 1383 1756 1443 de
1772 1383 1883 1443 1.800.000

285 1388 409 1448 Etranger
430 1389 505 1449 (Tarif
516 1389 591 1449 plein)
626 1389 694 1449 165.—
729 1388 784 1448 90.—
812 1388 866 1448 50.—

2509 1407 2647 1467 chèques
2681 1404 2807 1464 Postaux
2833 1401 2954 1461 NumérO
2980 1401 3101 1461 1269.00

1427 1416 1629 1476 Hebdomadaire
1649 1416 1742 1476 lllustré
1767 1416 1839 1476 fondé
1860 1413 1888 1473 en
1909 1413 1965 1473 1868

286 1419 399 1479 Régistre
435 1419 463 1479 du
489 1419 630 1479 Commerce
659 1419 723 1479 Seine
755 1419 847 1479 296.641
866 1417 876 1477 8

286 1461 1254 1521 o

1301 1798 1955 1858 ren

2390 1973 2666 2033 LAAE

1763 2070 1907 2130 enterrée
1933 2070 2097 2130 vivante...
2118 2070 2153 2130 On
2188 2070 2353 2130 exhumait
2379 2067 2413 2127 un
2444 2068 2593 2128 cercueil,
2614 2069 2643 2129 au
2674 2067 2874 2127 cimetière...
2894 2067 2934 2127 On
2965 2067 2999 2127 ne
3030 2064 3104 2124 l'ou¬

526 2081 581 2141 ANS
610 2082 754 2142 quelques
783 2079 881 2139 jours,
900 2079 942 2139 les
971 2079 1120 2139 colonnes
1144 2076 1200 2136 des
1224 2076 1378 2136 journaux
1407 2073 1481 2133 vont
1505 2073 1589 2133 être,
1608 2071 1640 2131 de

1766 2114 1849 2174 vrait
1873 2117 1928 2177 pas
1952 2115 2021 2175 sous
2050 2115 2086 2175 les
2110 2115 2189 2175 yeux
2218 2115 2268 2175 des
2297 2115 2510 2175 spectateurs,
2525 2112 2603 2172 mais
2627 2112 2706 2172 dans
2734 2113 2794 2173 une
2823 2112 2906 2172 pièce
2935 2112 2944 2172 à
2977 2112 3041 2172 côté
3070 2112 3106 2172 du

548 2125 710 2185 nouveau,
729 2125 819 2185 après
847 2124 878 2184 un
915 2124 983 2184 long
1015 2124 1187 2184 chômage,
1206 2121 1351 2181 remplies
1378 2119 1432 2179 par
1461 2118 1505 2178 les
1529 2118 1641 2178 débats

1762 2160 1876 2220 bureau
1910 2159 1947 2219 du
1981 2162 2106 2222 gardien
2140 2159 2177 2219 du
2211 2159 2407 2219 cimetière...
2431 2159 2512 2219 Mais
2541 2159 2589 2219 les
2613 2156 2813 2216 spectateurs
2847 2156 3057 2216 entendaient
3087 2153 3110 2213 le

544 2171 729 2231 politiques,
754 2169 796 2229 les
835 2168 1030 2228 discussions
1064 2168 1078 2228 à
1122 2168 1150 2228 la
1189 2165 1346 2225 Chambre
1385 2162 1413 2222 et
1452 2162 1637 2222 l'éloquence

1770 2206 1854 2266 bruit
1880 2205 2005 2265 sinistre
2041 2204 2090 2264 des
2121 2206 2276 2266 planches
2307 2204 2392 2264 qu'on
2433 2204 2598 2264 arrachait
2624 2201 2638 2261 à
2674 2202 2698 2262 la
2735 2202 2829 2262 hâte,
2850 2201 2879 2261 et
2905 2201 2945 2261 ils
2976 2199 3110 2259 frisson¬

548 2216 834 2276 parlementaire...
857 2213 893 2273 Ce
930 2216 965 2276 ne
998 2216 1066 2276 sera
1098 2215 1152 2275 pas
1184 2212 1247 2272 très
1280 2210 1398 2270 drôle...
1421 2209 1507 2269 Nous
1535 2207 1643 2267 avions

1769 2252 1912 2312 naient...
1931 2251 1997 2311 S'ils
2022 2252 2151 2312 avaient
2175 2254 2208 2314 pu
2237 2249 2384 2309 pénétrer
2413 2249 2490 2309 dans
2519 2249 2561 2309 les
2586 2246 2747 2306 coulisses,
2767 2248 2834 2308 leur
2858 2246 2981 2306 terreur
3006 2245 3110 2305 aurait

293 2264 391 2324 droit,
410 2263 486 2323 pour
515 2263 668 2323 terminer
695 2261 749 2321 nos
777 2261 944 2321 vacances,
967 2261 980 2321 à
1013 2261 1071 2321 une
1099 2258 1230 2318 histoire
1257 2255 1461 2315 amusante...
1484 2252 1583 2312 Alors,
1606 2255 1637 2315 en

1766 2297 1808 2357 été
1833 2297 1932 2357 moins
1956 2297 2108 2357 grande...
2123 2297 2161 2357 Ils
2185 2297 2332 2357 auraient
2352 2297 2471 2357 surpris
2490 2294 2542 2354 des
2562 2294 2771 2354 machinistes
2795 2294 2823 2354 en
2852 2293 2928 2353 train
2957 2293 2994 2353 de
3019 2293 3109 2353 man¬

296 2309 472 2369 attendant
496 2309 553 2369 que
578 2308 606 2368 la
635 2306 759 2366 vedette
783 2306 840 2366 soit
869 2306 950 2366 prise
975 2307 1032 2367 par
1056 2306 1098 2366 les
1123 2305 1270 2365 députés,
1290 2304 1323 2364 on
1357 2303 1390 2363 l'a
1419 2300 1538 2360 confiée
1567 2300 1643 2360 pour

1767 2343 1820 2403 ger
1850 2341 2109 2401 tranquillement
2134 2341 2188 2401 des
2213 2341 2324 2401 noix...
2345 2341 2422 2401 Car,
2443 2340 2521 2400 pour
2546 2338 2653 2398 imiter
2678 2338 2701 2398 le
2731 2338 2819 2398 bruit
2844 2338 2878 2398 du
2908 2338 2976 2398 bois
3001 2339 3059 2399 qui
3079 2339 3108 2399 se

294 2353 444 2413 quelques
470 2353 555 2413 jours
582 2353 595 2413 à
621 2353 655 2413 un
689 2353 895 2413 cambrioleur
921 2350 1114 2410 mondain...

1762 2387 1861 2447 brise,
1876 2387 1909 2447 on
1933 2386 2071 2446 écrasait
2090 2388 2162 2448 tout
2181 2386 2376 2446 bonnement
2400 2386 2453 2446 des
2472 2386 2543 2446 noix
2568 2386 2653 2446 entre
2677 2386 2753 2446 deux
2777 2386 2944 2446 planches,
2959 2386 2987 2446 et
3006 2385 3039 2445 on
3068 2384 3110 2444 les

335 2398 368 2458 Je
397 2398 463 2458 suis
492 2398 544 2458 sûr
573 2398 630 2458 que
664 2398 687 2458 le
717 2398 798 2458 récit
822 2398 874 2458 des
903 2395 1075 2455 aventures
1104 2395 1141 2455 de
1171 2394 1266 2454 Serge
1295 2392 1333 2452 de
1362 2392 1443 2452 Lenz
1472 2389 1643 2449 passionne

1763 2432 1933 2492 mangeait
1955 2431 2080 2491 après...

296 2444 453 2504 beaucoup
482 2446 551 2506 plus
575 2445 607 2505 de
631 2444 705 2504 gens
729 2444 784 2504 que
807 2443 859 2503 des
878 2442 1124 2502 commentaires
1148 2440 1198 2500 sur
1222 2440 1250 2500 la
1273 2438 1408 2498 tranche
1432 2435 1645 2495 incondition¬

1807 2479 1849 2539 Un
1881 2479 2003 2539 homme
2028 2479 2108 2539 dont
2133 2479 2157 2539 la
2182 2479 2268 2539 fille,
2287 2479 2373 2539 qu'on
2404 2476 2490 2536 avait
2515 2476 2582 2536 crue
2614 2476 2730 2536 morte,
2749 2476 2834 2536 avait
2861 2476 2909 2536 été
2934 2476 3013 2536 mise
3039 2476 3106 2536 trop

300 2491 397 2551 nelle,
412 2491 443 2551 ou
472 2492 527 2552 que
555 2491 596 2551 les
620 2490 806 2550 perplexités
829 2488 866 2548 du
894 2489 982 2549 parti
1001 2488 1316 2548 radical-socialiste,
1331 2483 1386 2543 qui
1405 2482 1442 2542 ne
1465 2482 1645 2542 manquent

1766 2526 1813 2586 tôt
1842 2524 1870 2584 en
1909 2523 2009 2583 bière,
2028 2523 2056 2583 et
2085 2524 2137 2584 qui
2162 2523 2204 2583 s'y
2234 2522 2314 2582 était
2343 2521 2510 2581 débattue,
2534 2521 2615 2581 dans
2639 2522 2701 2582 une
2730 2521 2839 2581 agonie
2868 2521 3121 2581 épouvantable,

291 2536 472 2596 cependant
492 2536 550 2596 pas
570 2535 604 2595 de
624 2535 805 2595 comique...
815 2532 839 2592 Il
859 2532 903 2592 est
923 2532 1050 2592 curieux
1075 2534 1109 2594 de
1129 2532 1192 2592 voir
1212 2532 1221 2592 à
1246 2532 1320 2592 quel
1340 2529 1427 2589 point
1448 2528 1491 2588 les
1511 2528 1643 2588 exploits

1771 2569 1871 2629 avait,
1890 2570 1971 2630 pour
1995 2568 2095 2628 éviter
2125 2568 2148 2628 le
2182 2568 2287 2628 retour
2316 2568 2354 2628 de
2383 2568 2498 2628 pareils
2527 2567 2703 2627 accidents,
2723 2565 2852 2625 inventé
2886 2565 2919 2625 un
2953 2566 3115 2626 dispositif

300 2580 442 2640 d'Arsène
477 2581 575 2641 Lupin
610 2580 688 2640 sont
713 2578 850 2638 devenus
880 2577 1095 2637 populaires...

1766 2613 1969 2673 ingénieux...
1988 2613 2019 2673 Si
2043 2613 2065 2673 le
2088 2613 2160 2673 faux
2187 2613 2268 2673 mort
2287 2613 2400 2673 faisait
2423 2613 2445 2673 le
2469 2610 2613 2670 moindre
2637 2610 2840 2670 mouvement
2863 2610 2944 2670 dans
2968 2610 3017 2670 son
3049 2608 3116 2668 cer¬

332 2628 371 2688 Le
401 2624 830 2684 gentleman-cambrioleur,
850 2622 884 2682 dû
919 2622 933 2682 à
958 2625 1187 2685 l'imagination
1222 2621 1285 2681 d'un
1320 2617 1515 2677 romancier,
1535 2614 1642 2674 exerce

1771 2659 1865 2719 cueil,
1885 2658 1903 2718 il
1928 2658 2128 2718 déclenchait
2152 2658 2185 2718 un
2215 2658 2347 2718 ressort,
2367 2659 2433 2719 qui,
2453 2655 2715 2715 communiquant
2740 2655 2810 2715 avec
2840 2655 3030 2715 l'extérieur,
3050 2655 3111 2715 fai¬

297 2671 357 2731 une
386 2672 547 2732 séduction
580 2670 760 2730 irrésistible
789 2670 839 2730 sur
868 2670 890 2730 le
919 2669 1062 2729 public...
1081 2667 1164 2727 C'est
1188 2667 1243 2727 que
1271 2664 1349 2724 nous
1373 2663 1507 2723 sommes
1535 2661 1646 2721 restés,

1767 2706 1830 2766 sait
1855 2706 1958 2766 partir
1983 2703 2036 2763 une
2066 2703 2188 2763 fusée...
2209 2703 2311 2763 Ainsi,
2326 2703 2351 2763 si
2376 2701 2453 2761 dans
2483 2702 2507 2762 la
2532 2703 2620 2763 nuit,
2635 2701 2669 2761 on
2699 2702 2807 2762 voyait
2832 2700 2959 2760 s'élever
2984 2700 3115 2760 au-des¬

302 2720 337 2780 au
365 2718 459 2778 fond,
478 2718 532 2778 des
555 2716 790 2776 romantiques,
809 2715 840 2775 et
863 2715 917 2775 que
944 2715 971 2775 le
999 2712 1202 2772 romantisme
1235 2711 1270 2771 ne
1298 2709 1433 2769 sachant
1461 2707 1528 2767 plus
1551 2706 1583 2766 où
1619 2704 1646 2764 se

1771 2750 1819 2810 sus
1845 2750 1873 2810 du
1898 2749 2074 2809 cimetière,
2090 2747 2148 2807 une
2168 2747 2255 2807 fusée
2275 2747 2422 2807 brillante
2447 2747 2471 2807 et
2491 2747 2682 2807 lumineuse,
2702 2747 2760 2807 cela
2785 2744 2956 2804 signifiait,
2972 2747 3030 2807 non
3055 2745 3113 2805 pas

300 2765 439 2825 réfugier
462 2762 543 2822 dans
566 2759 624 2819 une
648 2759 760 2819 société
783 2759 864 2819 régie
887 2759 945 2819 par
968 2759 1004 2819 de
1027 2757 1122 2817 dures
1145 2756 1212 2816 lois,
1235 2755 1262 2815 et
1285 2753 1420 2813 asservie
1443 2753 1479 2813 au
1506 2752 1641 2812 bureau¬

1767 2795 1800 2855 un
1834 2795 2049 2855 anniversaire
2078 2794 2111 2854 de
2135 2792 2197 2852 fête
2221 2792 2403 2852 nationale,
2422 2792 2503 2852 mais
2528 2792 2561 2852 un
2595 2792 2690 2852 appel
2714 2789 2752 2849 au
2781 2789 2919 2849 secours,
2939 2791 2977 2851 un
3006 2789 3120 2849 S.O.S.

297 2810 464 2870 cratisme,
487 2809 523 2869 ne
550 2806 713 2866 rencontre
741 2806 808 2866 plus
835 2805 957 2865 l’esprit
980 2802 1166 2862 d'aventure
1193 2801 1247 2861 que
1275 2800 1351 2860 chez
1374 2798 1419 2858 les
1447 2798 1600 2858 voleurs...
1623 2798 1650 2858 Il

1766 2843 1854 2903 lancé
1879 2841 1932 2901 par
1957 2840 1991 2900 un
2021 2839 2167 2899 cadavre.
2183 2837 2285 2897 L'idée
2305 2837 2383 2897 était
2408 2837 2471 2897 trop
2496 2837 2569 2897 belle
2589 2837 2667 2897 pour
2687 2836 2804 2896 réussir
2820 2834 2829 2894 ;
2849 2835 2952 2895 aussi,
2967 2834 3030 2894 bien
3055 2835 3113 2895 que

297 2855 336 2915 ne
363 2853 459 2913 suffit
482 2855 556 2915 pas,
574 2853 639 2913 bien
671 2852 825 2912 entendu,
843 2849 878 2909 de
909 2849 1010 2909 voler,
1028 2849 1058 2909 de
1085 2846 1248 2906 crocheter
1275 2846 1331 2906 une
1358 2843 1463 2903 porte,
1482 2843 1516 2903 de
1543 2842 1648 2902 forcer

1771 2888 1818 2948 cet
1847 2885 2014 2945 inventeur
2043 2885 2085 2945 ait
2110 2885 2176 2945 pris
2200 2884 2238 2944 un
2272 2882 2395 2942 brevet,
2415 2882 2447 2942 ce
2472 2882 2610 2942 système
2639 2882 2691 2942 des
2715 2882 3034 2942 fusées-mortuaires
3063 2882 3105 2942 n'a

298 2900 333 2960 un
361 2898 586 2958 coffre-fort...
605 2897 686 2957 Non,
700 2897 727 2957 il
746 2897 813 2957 faut
836 2894 899 2954 bien
927 2894 1066 2954 d'autres
1090 2894 1239 2954 qualités,
1257 2892 1311 2952 qui
1330 2891 1365 2951 ne
1389 2890 1415 2950 se
1438 2888 1646 2948 rencontrent

1771 2935 1827 2995 pas
1852 2931 1885 2991 eu
1914 2931 1946 2991 de
1976 2929 2113 2989 succès...
2133 2929 2170 2989 Et
2195 2929 2228 2989 on
2262 2929 2276 2989 a
2300 2927 2447 2987 continué
2477 2927 2490 2987 à
2519 2924 2628 2984 laisser
2658 2927 2696 2987 les
2725 2927 2801 2987 gens
2825 2927 2943 2987 mourir
2973 2927 3029 2987 une
3063 2925 3110 2985 se¬

300 2946 352 3006 pas
379 2944 523 3004 toujours
550 2943 629 3003 dans
656 2942 678 3002 la
705 2940 862 3000 meilleure
889 2938 1004 2998 société
1022 2938 1035 2998 :
1053 2938 1092 2998 de
1114 2936 1298 2996 l'élégance,
1317 2935 1352 2995 de
1379 2932 1497 2992 bonnes
1524 2931 1646 2991 maniè¬

1776 2978 1870 3038 conde
1895 2976 1951 3036 fois
1976 2974 2051 3034 dans
2076 2974 2143 3034 leur
2167 2974 2333 3034 cercueil...
2348 2971 2395 3031 M.
2405 2971 2428 3031 is
2453 2971 2481 3031 si
2501 2971 2677 3031 Schnitzler
2701 2971 2786 3031 avait
2811 2971 2911 3031 connu
2940 2971 2963 3031 le
2987 2971 3077 3031 truc,
3092 2971 3115 3031 il

300 2992 361 3052 res,
383 2992 418 3052 un
449 2989 524 3049 beau
555 2988 647 3048 nom,
661 2988 695 3048 un
727 2987 876 3047 physique
908 2984 1128 3044 avantageux,
1150 2983 1180 3043 de
1212 2980 1374 3040 l’adresse,
1393 2979 1427 3039 du
1459 2977 1634 3037 sang-froid

1770 3022 1896 3082 l'aurait
1923 3020 2086 3080 sûrement
2108 3019 2229 3079 préféré
2256 3017 2292 3077 au
2319 3019 2392 3079 coup
2425 3019 2462 3079 de
2483 3019 2630 3079 poignard
2663 3019 2736 3079 qu'il
2758 3019 2773 3079 a
2800 3018 2927 3078 exigé...
2943 3018 2969 3078 Il
2991 3018 3037 3078 est
3059 3017 3116 3077 des

297 3038 373 3098 l'art
397 3036 432 3096 de
455 3034 595 3094 plaire...
614 3033 672 3093 Car
695 3032 722 3092 il
740 3032 830 3092 s’agit
854 3031 953 3091 avant
976 3030 1048 3090 tout
1071 3028 1107 3088 de
1130 3027 1261 3087 pouvoir
1288 3025 1360 3085 faire
1388 3023 1442 3083 des
1465 3022 1577 3082 dupes.

1775 3069 1869 3129 morts
1900 3067 1955 3127 qui
1981 3067 2035 3127 ont
2061 3065 2161 3125 besoin
2197 3064 2291 3124 d'être
2317 3064 2477 3124 rassurés.

336 3082 449 3142 Croyez
476 3080 542 3140 bien
573 3077 625 3137 que
652 3077 678 3137 si
701 3077 735 3137 on
766 3076 937 3136 réunissait
960 3076 1003 3136 les
1026 3074 1144 3134 grands
1166 3071 1285 3131 voleurs
1311 3069 1588 3129 internationaux,
1606 3068 1645 3128 les

292 3127 362 3187 rats
384 3126 507 3186 d'hôtel
526 3125 578 3185 qui
596 3124 728 3184 opèrent
751 3123 829 3183 dans
852 3121 892 3181 les
914 3121 1041 3181 palaces
1064 3121 1099 3181 de
1122 3118 1209 3178 luxe,
1227 3118 1253 3178 et
1276 3118 1302 3178 si
1320 3117 1355 3177 on
1382 3115 1448 3175 leur
1475 3115 1585 3175 offrait
1607 3115 1642 3175 un

297 3173 454 3233 banquet,
473 3171 503 3231 on
534 3170 639 3230 aurait
662 3168 683 3228 là
715 3167 903 3227 l'assemblée
934 3166 956 3226 la
987 3166 1057 3226 plus
1080 3162 1321 3222 aristocratique
1343 3159 1426 3219 qu'on
1462 3159 1506 3219 ait
1528 3159 1646 3219 jamais

1947 3174 1961 3234 E
1991 3172 2103 3232 silence
2134 3171 2226 3231 est-il
2252 3171 2285 3231 un
2320 3171 2418 3231 motif
2443 3171 2477 3231 de
2507 3171 2629 3231 divorce
2645 3171 2659 3231 ?
2689 3171 2772 3231 Sans
2802 3172 2909 3232 doute,
2934 3171 2959 3231 la
2989 3171 3125 3231 femme,

296 3220 390 3280 vue...
404 3218 494 3278 Serge
522 3216 553 3276 de
581 3214 658 3274 Lenz
681 3213 694 3273 y
717 3213 816 3273 ferait
835 3211 934 3271 bonne
957 3210 1097 3270 figure...
1116 3209 1143 3269 Il
1162 3208 1206 3268 est
1225 3207 1261 3267 de
1284 3207 1383 3267 bonne
1407 3203 1542 3263 famille,
1560 3204 1655 3264 titré..

1963 3218 2017 3278 qui
2040 3218 2125 3278 vient
2148 3219 2184 3279 de
2207 3218 2315 3278 porter
2338 3217 2365 3277 la
2388 3217 2528 3277 question
2556 3217 2673 3277 devant
2701 3216 2732 3276 un
2764 3219 2917 3279 tribunal,
2936 3217 3112 3277 considère¬

297 3266 329 3326 Il
349 3265 408 3325 sait
432 3262 595 3322 s'habiller
609 3261 623 3321 ;
642 3261 665 3321 il
684 3261 716 3321 a,
730 3258 893 3318 paraît-il,
912 3258 944 3318 de
972 3257 1000 3317 la
1023 3254 1237 3314 conversation
1270 3252 1298 3312 et
1321 3252 1419 3312 même
1443 3249 1479 3309 de
1503 3249 1647 3309 l’esprit..

1963 3261 2053 3321 t-elle
2081 3263 2103 3323 le
2126 3264 2238 3324 silence
2267 3264 2384 3324 obstiné
2411 3264 2442 3324 de
2466 3264 2515 3324 son
2548 3264 2642 3324 mari,
2656 3264 2773 3324 comme
2801 3263 2860 3323 une
2887 3264 2991 3324 injure
3014 3262 3122 3322 grave,

336 3311 363 3371 Il
386 3309 534 3369 possède,
553 3306 656 3366 enfin,
675 3306 756 3366 cette
784 3304 896 3364 qualité
924 3301 1158 3361 indispensable
1186 3298 1267 3358 dans
1290 3297 1339 3357 son
1371 3295 1497 3355 métier,
1516 3294 1583 3354 l'art
1611 3294 1642 3354 de

1967 3309 2101 3369 puisqu'à
2132 3309 2242 3369 défaut
2268 3309 2388 3369 d'autre
2419 3309 2514 3369 grief,
2534 3309 2589 3369 elle
2620 3309 2655 3369 l'a
2685 3309 2811 3369 trouvée
2841 3309 3012 3369 suffisante
3038 3309 3117 3369 pour

297 3355 327 3415 se
354 3354 428 3414 faire
455 3353 556 3413 aimer
579 3350 631 3410 des
649 3350 820 3410 femmes...
834 3347 860 3407 Il
878 3347 944 3407 doit
966 3349 979 3409 y
1006 3347 1093 3407 avoir
1116 3346 1151 3406 un
1178 3344 1230 3404 don
1262 3343 1340 3403 Juan
1367 3340 1446 3400 dans
1469 3338 1539 3398 tout
1561 3337 1649 3397 cam¬

1766 3351 1921 3411 réclamer
1948 3353 1980 3413 sa
2007 3353 2139 3413 liberté.

295 3401 428 3461 brioleur
454 3398 647 3458 mondain...
669 3395 750 3455 Sans
772 3395 884 3455 doute,
906 3394 948 3454 les
979 3392 1124 3452 charmes
1155 3389 1279 3449 désuets
1310 3386 1344 3446 de
1374 3386 1395 3446 la
1426 3383 1580 3443 comtesse
1611 3383 1649 3443 de

1804 3404 1839 3464 Le
1866 3404 1938 3464 juge
1964 3406 2010 3466 n'a
2041 3407 2098 3467 pas
2124 3407 2273 3467 accueilli
2294 3407 2325 3467 sa
2351 3407 2547 3467 demande...
2568 3409 2599 3469 Il
2620 3408 2635 3468 a
2667 3407 2697 3467 eu
2728 3408 2810 3468 tort,
2832 3407 2908 3467 selon
2945 3407 3037 3467 nous,
3064 3408 3115 3468 car

302 3446 535 3506 Tessancourt,
553 3443 636 3503 ravie
663 3440 746 3500 qu’on
777 3440 896 3500 reparle
927 3437 1032 3497 d’elle,
1050 3439 1063 3499 à
1090 3437 1204 3497 propos
1231 3434 1266 3494 de
1293 3431 1403 3491 Serge,
1421 3431 1455 3491 ne
1482 3428 1649 3488 représen¬

1773 3450 1866 3510 est-il
1885 3452 1945 3512 rien
1978 3452 2010 3512 de
2034 3452 2103 3512 plus
2127 3454 2238 3514 grave,
2253 3453 2285 3513 de
2314 3454 2383 3514 plus
2407 3454 2569 3514 insultant
2593 3452 2667 3512 pour
2695 3452 2750 3512 une
2779 3452 2895 3512 femme
2919 3452 2979 3512 que
3007 3453 3039 3513 ne
3068 3451 3118 3511 ja¬

300 3491 370 3551 tent
392 3490 550 3550 peut-être
577 3488 629 3548 pas
656 3488 713 3548 une
735 3485 884 3545 conquête
911 3483 976 3543 bien
1008 3482 1188 3542 brillante...
1206 3479 1284 3539 Mais
1307 3477 1346 3537 les
1373 3475 1548 3535 fiançailles
1575 3475 1645 3535 avec

1773 3496 1850 3556 mais
1873 3497 2026 3557 répondre
2049 3497 2085 3557 un
2113 3499 2180 3559 mot
2203 3498 2258 3558 aux
2285 3500 2389 3560 scènes
2412 3500 2520 3560 qu'elle
2544 3500 2620 3560 fait,
2639 3500 2670 3560 de
2698 3500 2806 3560 garder
2834 3500 2883 3560 des
2906 3500 2992 3560 jours
3015 3498 3046 3558 et
3065 3497 3119 3557 des

297 3537 324 3597 la
356 3536 418 3596 fille
446 3535 482 3595 du
509 3534 680 3594 secrétaire
708 3531 743 3591 du
776 3529 992 3589 Commissaire
1024 3526 1059 3586 de
1087 3526 1204 3586 Police,
1223 3523 1294 3583 sont
1322 3523 1380 3583 une
1412 3520 1565 3580 plaisante
1593 3516 1646 3576 in¬

1774 3542 1854 3602 jours
1877 3541 1899 3601 la
1927 3541 2044 3601 bouche
2072 3541 2148 3601 close
2176 3544 2293 3604 devant
2316 3544 2360 3604 ses
2388 3544 2555 3604 reproches
2578 3544 2609 3604 ou
2641 3544 2686 3604 ses
2713 3544 2943 3604 supplications
2957 3544 3006 3604 ?...
3030 3543 3115 3603 Alors

303 3583 465 3643 vention...
483 3580 523 3640 On
556 3579 650 3639 dirait
673 3577 731 3637 une
759 3574 921 3634 trouvaille
949 3574 984 3634 de
1012 3571 1264 3631 vaudevilliste...
1283 3568 1359 3628 C'est
1382 3567 1409 3627 la
1437 3566 1508 3626 note
1531 3564 1648 3624 humo¬

1773 3588 1815 3648 les
1843 3589 1982 3649 disputes
2010 3589 2047 3649 ne
2076 3589 2214 3649 seraient
2238 3591 2307 3651 plus
2331 3589 2484 3649 possibles
2498 3589 2512 3649 ?
2540 3589 2623 3649 C'est
2652 3589 2674 3649 la
2708 3589 2791 3649 mort
2814 3589 2851 3649 du
2884 3587 3042 3647 mariage.

300 3628 430 3688 ristique
454 3626 489 3686 de
512 3625 701 3685 l'histoire...
716 3622 742 3682 Il
761 3622 896 3682 manque
919 3619 1126 3679 maintenant
1150 3617 1163 3677 à
1190 3616 1280 3676 Serge
1303 3613 1339 3673 de
1362 3613 1443 3673 Lenz
1466 3611 1524 3671 une
1547 3609 1646 3669 aven¬

1810 3642 1854 3702 On
1882 3643 2044 3703 comprend
2076 3643 2135 3703 très
2162 3643 2225 3703 bien
2257 3643 2334 3703 cette
2361 3643 2537 3703 vengeance
2561 3643 2628 3703 d’un
2660 3643 2741 3703 mari
2755 3644 2768 3704 ;
2787 3644 2813 3704 il
2832 3644 2868 3704 ne
2895 3643 3026 3703 pouvait
3049 3638 3116 3698 em¬

304 3673 369 3733 ture
396 3673 465 3733 plus
488 3673 633 3733 brillante
660 3667 734 3727 avec
761 3667 817 3727 une
845 3667 958 3727 actrice
985 3666 1015 3726 en
1051 3664 1121 3724 vue,
1144 3663 1200 3723 une
1227 3661 1327 3721 star...
1345 3657 1490 3717 N'a-t-on
1522 3655 1578 3715 pas
1601 3655 1648 3715 dit

1773 3688 1878 3748 ployer
1905 3688 1935 3748 de
1962 3688 2107 3748 meilleur
2134 3690 2239 3750 moyen
2271 3688 2349 3748 pour
2376 3688 2504 3748 pousser
2531 3688 2557 3748 sa
2588 3688 2702 3748 femme
2733 3688 2746 3748 à
2777 3688 3019 3748 l’exagération,
3038 3688 3116 3748 pour

303 3721 379 3781 qu'il
402 3720 487 3780 avait
510 3718 545 3778 un
577 3716 644 3776 jour
672 3715 734 3775 volé
762 3713 834 3773 chez
861 3712 897 3772 un
929 3712 1041 3772 auteur
1068 3710 1104 3770 un
1136 3706 1311 3766 manuscrit
1334 3703 1424 3763 d'une
1451 3703 1550 3763 pièce,
1573 3703 1649 3763 qu'il

1775 3732 1923 3792 l’amener
1950 3732 1959 3792 à
1990 3732 2043 3792 des
2069 3732 2161 3792 crises
2188 3732 2223 3792 de
2250 3732 2320 3792 rage
2347 3732 2610 3792 épouvantables.
2633 3732 2742 3792 Quelle
2769 3732 2941 3792 admirable
2967 3730 3125 3790 tactique.

300 3764 412 3824 l’avait
435 3762 520 3822 porté
553 3761 624 3821 chez
652 3759 710 3819 une
742 3757 868 3817 artiste,
887 3756 918 3816 et
946 3753 1022 3813 qu’il
1041 3753 1149 3813 aurait
1176 3750 1275 3810 réussi
1298 3750 1311 3810 à
1339 3750 1366 3810 la
1393 3748 1470 3808 faire
1497 3746 1605 3806 jouer,
1624 3744 1650 3804 si

1775 3775 1838 3835 Une
1861 3776 1974 3836 femme
1997 3776 2074 3836 peut
2097 3777 2237 3837 toujours
2260 3777 2409 3837 répondre
2437 3779 2445 3839 à
2473 3778 2495 3838 la
2523 3777 2636 3837 colère,
2655 3777 2668 3837 à
2695 3777 2717 3837 la
2746 3777 2899 3837 violence,
2917 3777 2949 3837 au
2977 3777 3094 3837 mépris
3112 3779 3121 3839 ;

307 3812 341 3872 un
373 3809 566 3869 événement
593 3805 729 3865 fâcheux
761 3804 795 3864 ne
827 3801 936 3861 l’avait
967 3801 1025 3861 mis
1056 3800 1069 3860 à
1100 3798 1227 3858 l’ombre
1258 3796 1333 3856 pour
1360 3793 1492 3853 quelque
1523 3792 1659 3852 temps...

1772 3822 1866 3882 mais,
1883 3822 1990 3882 contre
2012 3822 2037 3882 le
2059 3822 2191 3882 silence,
2205 3822 2238 3882 un
2269 3822 2379 3882 silence
2410 3822 2461 3882 qui
2479 3822 2516 3882 ne
2538 3822 2568 3882 se
2594 3822 2670 3882 lasse
2697 3822 2829 3882 jamais,
2847 3822 2897 3882 elle
2924 3822 2970 3882 n'a
2996 3822 3115 3882 aucune

302 3861 319 3921 A
355 3856 473 3916 l’heure
505 3855 535 3915 où
571 3852 689 3912 j’écris,
707 3849 742 3909 on
774 3846 879 3906 ignore
910 3846 1020 3906 encore
1056 3844 1104 3904 s’il
1126 3843 1161 3903 va
1192 3841 1254 3901 être
1289 3840 1430 3900 retrouvé
1461 3837 1492 3897 et
1523 3836 1650 3896 arrêté..

1778 3867 1861 3927 arme
1879 3867 1892 3927 ;
1914 3866 2023 3926 songez
2050 3867 2129 3927 donc
2147 3867 2160 3927 :
2182 3867 2235 3927 elle
2266 3867 2371 3927 attend
2402 3867 2565 3927 l'occasion
2596 3867 2631 3927 de
2658 3867 2811 3927 discuter,
2829 3867 2864 3927 de
2895 3865 3036 3925 déverser
3067 3867 3115 3927 sur

307 3903 401 3963 Mais,
418 3901 439 3961 il
461 3900 508 3960 est
530 3900 593 3960 fort
615 3897 778 3957 dommage
804 3894 838 3954 de
864 3891 975 3951 penser
1001 3891 1086 3951 qu’un
1121 3888 1244 3948 homme
1271 3885 1386 3945 comme
1412 3883 1458 3943 lui
1480 3882 1510 3942 va
1540 3882 1647 3942 encore

1775 3909 1822 3969 son
1854 3912 1950 3972 époux
1977 3912 2011 3972 un
2038 3912 2161 3972 torrent
2183 3912 2218 3972 de
2245 3912 2368 3972 paroles
2386 3912 2394 3972 ;
2417 3912 2443 3972 le
2465 3912 2605 3972 moindre
2632 3912 2698 3972 mot
2721 3912 2764 3972 lui
2786 3912 2988 3972 permettrait
3011 3911 3041 3971 de
3068 3908 3120 3968 re¬

307 3946 414 4006 passer
444 3944 477 4004 de
506 3943 639 4003 longues
665 3939 785 3999 années
811 3935 840 3995 en
873 3935 1018 3995 prison...

1776 3957 1906 4017 prendre
1938 3956 1969 4016 de
1997 3956 2105 4016 l’élan,
2128 3956 2159 4016 de
2192 3956 2331 4016 nourrir,
2354 3957 2390 4017 de
2418 3959 2584 4019 prolonger
2612 3956 2639 4016 la
2671 3956 2806 4016 querelle
2834 3956 2869 4016 du
2901 3956 3032 4016 ménage
3064 3956 3118 4016 qui

338 3992 381 4052 On
420 3989 564 4049 pourrait
591 3986 718 4046 trouver
749 3983 783 4043 un
818 3981 958 4041 meilleur
989 3980 1108 4040 emploi
1134 3977 1168 4037 de
1203 3977 1250 4037 ses
1280 3974 1434 4034 talents...
1451 3974 1481 4034 Il
1507 3971 1652 4031 pourrait

1773 4001 1908 4061 calmera
1941 4001 1987 4061 ses
2011 4001 2118 4061 nerfs,
2137 4001 2192 4061 qui
2216 4002 2262 4062 est
2286 4004 2523 4064 indispensable
2552 4003 2561 4063 à
2594 4003 2621 4063 sa
2655 4001 2738 4061 vie...
2762 4001 2840 4061 Mais
2869 4001 2924 4061 non
2949 4001 2962 4061 ;
2986 4000 3120 4060 l'adver¬

300 4035 397 4095 écrire
426 4034 472 4094 ses
495 4033 676 4093 mémoires,
691 4029 820 4089 débuter
844 4027 927 4087 dans
951 4025 988 4085 un
1016 4022 1206 4082 music-hall
1230 4022 1346 4082 comme
1374 4019 1662 4079 prestidigitateur,

1774 4049 1854 4109 saire
1884 4049 1912 4109 se
1936 4047 2012 4107 tait,
2031 4048 2055 4108 il
2074 4047 2179 4107 refuse
2208 4047 2231 4107 le
2260 4049 2422 4109 combat...
2442 4049 2522 4109 C'est
2547 4046 2704 4106 peut-être
2733 4046 2794 4106 très
2819 4046 2885 4106 fort
2909 4046 2947 4106 de
2976 4046 3004 4106 sa
3033 4046 3109 4106 part

305 4083 388 4143 faire
413 4079 447 4139 de
472 4079 501 4139 la
526 4077 711 4137 diplomatie
741 4073 750 4133 à
781 4074 804 4134 la
834 4073 868 4133 S.
888 4073 932 4133 D.
947 4073 1000 4133 N.,
1016 4070 1049 4130 ou
1084 4069 1191 4129 encore
1217 4067 1353 4127 s'établir
1378 4064 1564 4124 banquier...
1584 4062 1613 4122 Il
1633 4061 1647 4121 a

1776 4095 1859 4155 mais
1884 4092 1913 4152 ce
1938 4091 2021 4151 n'est
2041 4094 2099 4154 pas
2124 4094 2212 4154 jouer
2238 4094 2261 4154 la
2291 4094 2369 4154 règle
2399 4094 2433 4154 du
2463 4094 2551 4154 jeu...
2571 4094 2609 4154 La
2634 4093 2683 4153 vie
2709 4091 2718 4151 à
2748 4091 2826 4151 deux
2856 4091 2982 4151 devient
3007 4089 3120 4149 insup¬

309 4127 380 4187 déjà
405 4126 440 4186 un
471 4120 674 4180 coffre-fort,
687 4120 770 4180 celui
789 4118 860 4178 qu'il
879 4115 890 4175 a
921 4116 1022 4176 volé...
1041 4115 1076 4175 Et
1095 4114 1179 4174 puis,
1197 4112 1317 4172 comme
1335 4112 1389 4172 ça,
1408 4112 1431 4172 il
1450 4111 1479 4171 ne
1504 4108 1647 4168 change¬

1778 4140 1936 4200 portable,
1955 4138 2001 4198 s’il
2020 4138 2066 4198 n’y
2090 4139 2103 4199 a
2127 4138 2196 4198 plus
2220 4138 2326 4198 moyen
2359 4141 2391 4201 de
2420 4139 2447 4199 se
2471 4138 2657 4198 quereller...
2676 4138 2703 4198 Il
2722 4137 2736 4197 y
2760 4137 2773 4197 a
2801 4135 2866 4195 bien
2894 4135 2945 4195 des
2969 4135 3117 4195 ménages

308 4175 370 4235 rait
394 4171 453 4231 pas
476 4171 511 4231 de
535 4165 748 4225 profession...
767 4165 798 4225 ou
830 4165 853 4225 si
876 4163 930 4223 peu
958 4159 966 4219 !

2785 4180 2895 4240 uge
2913 4178 2953 4238 de
2977 4177 3127 4237 muclaue.

1920 4189 2082 4249 sa
2109 4184 2226 4244 onden
2286 4189 2350 4249 n
2403 4178 2585 4238 assant
