3392 4320
145 336 229 396 2.
288 336 891 396 Schnitzler's
959 339 1187 399 Death

1407 336 1533 396 box
1608 339 1838 399 43/13

704 1026 804 1086 heute
838 1026 914 1086 mag
949 1023 982 1083 er
1011 1024 1073 1084 den
1107 1022 1208 1082 cinen
1242 1024 1294 1084 als
1319 1021 1539 1081 unmodern,
1564 1021 1621 1081 den
1660 1019 1813 1079 anderen
1847 1019 1900 1079 als
1929 1019 2116 1079 Klassiker

711 1076 844 1136 gelten,
869 1075 902 1135 so
936 1073 1035 1133 rasch
1074 1074 1155 1134 ging
1194 1072 1255 1132 und
1299 1071 1441 1131 verging
1475 1069 1570 1129 diese
1604 1070 1771 1130 Epoche.
1795 1070 1843 1130 Er
1872 1068 1957 1128 aber
1991 1067 2110 1127 wurde

708 1123 837 1183 immer
861 1121 958 1181 mehr
987 1122 1014 1182 in
1042 1123 1116 1183 ihr,
1135 1121 1205 1181 was
1233 1119 1265 1179 er
1289 1118 1372 1178 stets
1400 1120 1488 1180 war:
1512 1119 1572 1179 der
1596 1118 1767 1178 Dichter.
1782 1118 1897 1178 Schon
1926 1116 2106 1176 äußerlich

711 1173 799 1233 trotz
836 1174 952 1234 seiner
985 1172 1129 1232 kleinen
1172 1171 1423 1231 gedrungenen
1465 1168 1608 1228 Gestalt
1642 1166 1706 1226 mit
1739 1166 1855 1226 seinen
1912 1166 2111 1226 mächtigen

708 1222 860 1282 schönen
900 1222 1018 1282 Kopf,
1053 1220 1116 1280 den
1156 1218 1470 1278 geistfunkelnden
1510 1216 1608 1276 ernst
1648 1216 1859 1276 lächelnden
1899 1214 2016 1274 Augen
2066 1213 2120 1273 als

708 1273 860 1333 Dichter
895 1270 1125 1330 legitimiert.
1150 1267 1468 1327 Unerschrocken,
1503 1265 1556 1325 wo
1591 1264 1625 1324 es
1655 1265 1747 1325 galt,
1787 1264 1841 1324 die
1876 1262 2007 1322 Rechte
2052 1258 2115 1318 der

711 1321 1019 1381 Menschlichkeit
1039 1320 1102 1380 und
1137 1317 1190 1377 des
1215 1316 1352 1376 Geistes
1377 1315 1411 1375 zu
1441 1315 1606 1375 wahren:
1627 1312 1675 1372 er,
1690 1315 1753 1375 der
1774 1312 2120 1372 Liebelei-Dichter,

708 1372 870 1432 schreibt
895 1369 1008 1429 seinen
1048 1368 1250 1428 „Professor
1280 1365 1520 1425 Bernhardi“,
1541 1364 1604 1424 das
1629 1363 1738 1423 Stück
1773 1361 1861 1421 ohne
1891 1360 2048 1420 Frauen,
2073 1362 2122 1422 alc

711 1419 853 1479 Kampf
873 1416 931 1476 der
957 1416 1064 1476 freien
1094 1416 1398 1476 Menschlichkeit
1419 1413 1521 1473 gegen
1551 1410 1796 1470 dogmatische
1826 1410 2124 1470 Beschränkung.

711 1467 744 1527 In
778 1467 891 1527 seiner
921 1466 1049 1526 letzten
1083 1467 1296 1527 Geschichte
1330 1463 1382 1523 die
1411 1461 1558 1521 Gebiete
1592 1460 1649 1520 des
1683 1460 1901 1520 Wahnsinns
1931 1460 1992 1520 mit
2016 1459 2111 1519 einer

713 1518 831 1578 Kunst
851 1515 1047 1575 streifend,
1063 1515 1116 1575 die
1141 1514 1175 1574 an
1205 1512 1455 1572 Dostojewski
1476 1512 1603 1572 reicht.
1618 1511 1696 1571 Man
1727 1511 1790 1571 hat
1810 1509 1947 1569 gesagt,
1963 1509 1997 1569 er
2017 1508 2115 1568 ahme

711 1566 768 1626 die
797 1566 997 1626 Franzosen
1036 1566 1145 1626 nach,
1174 1563 1360 1623 verwende
1394 1562 1455 1622 den
1489 1563 1737 1623 Raisonneur;
1761 1560 1847 1620 aber
1881 1559 1932 1619 all
1957 1557 2028 1617 dies
2057 1557 2119 1617 fiel

715 1615 832 1675 längst
853 1613 911 1673 von
941 1616 999 1676 ihm
1044 1616 1102 1676 ab,
1122 1614 1186 1674 und
1216 1613 1343 1673 immer
1368 1610 1466 1670 mehr
1491 1609 1598 1669 drang
1628 1609 1662 1669 er
1687 1607 1716 1667 in
1746 1607 1809 1667 das
1834 1607 1966 1667 „Weite
1996 1605 2113 1665 Land"

718 1664 777 1724 der
803 1664 918 1724 Seele,
939 1664 1013 1724 ging
1049 1663 1084 1723 er
1110 1663 1220 1723 leicht
1240 1661 1506 1721 erschaudernd
1542 1658 1601 1718 den
1637 1658 1833 1718 „einsamen
1874 1654 1999 1714 Weg“:
2019 1654 2114 1714 „Den

718 1712 793 1772 Weg
821 1714 923 1774 hinab
950 1712 1058 1772 gehen
1091 1710 1149 1770 wir
1177 1712 1236 1772 alle
1258 1712 1398 1772 allein.“
1420 1709 1538 1769 Neben
1566 1710 1635 1770 sich
1663 1709 1721 1769 den
1749 1706 1840 1766 Tod,
1857 1705 2121 1765 Weggefährte,

715 1764 780 1824 den
813 1763 846 1823 er
874 1763 1029 1823 niemals
1059 1761 1213 1821 vergalt.

782 1811 858 1871 Sein
885 1811 1013 1871 letzter
1034 1811 1117 1871 Satz
1143 1812 1183 1872 an
1210 1811 1322 1871 mich:
1349 1810 1478 1870 „Wann
1509 1808 1627 1868 werde
1653 1807 1699 1867 ich
1731 1805 1870 1865 endlich
1901 1805 1957 1865 die
1978 1802 2117 1862 Freude

706 1863 844 1923 haben,
864 1862 918 1922 Sie
949 1858 1289 1918 wiederzuschen?“
1319 1857 1546 1917 Erinnerung
1576 1858 1615 1918 an
1650 1855 1738 1915 viele
1764 1852 1847 1912 gute
1877 1853 2059 1913 Stunden,
2080 1852 2119 1912 da

716 1912 779 1972 das
814 1909 995 1969 Gespräch
1035 1909 1103 1969 wie
1138 1908 1211 1968 eine
1246 1908 1334 1968 hohe
1369 1907 1530 1967 Flamme
1560 1904 1633 1964 sich
1668 1905 1908 1965 entzündete.
1938 1903 2011 1963 Und
2046 1899 2114 1959 nun

711 1960 780 2020 mit
809 1960 869 2020 der
902 1960 1135 2020 brennenden
1178 1957 1312 2017 Wunde
1345 1956 1392 2016 ist
1420 1954 1457 2014 es
1486 1956 1593 2016 nicht
1621 1956 1704 2016 eben
1742 1954 1868 2014 leicht,
1897 1952 1962 2012 mit
1990 1951 2111 2011 nassen

716 2009 839 2069 Augen
871 2010 1112 2070 abzuwägen,
1128 2008 1246 2068 Urteil
1268 2008 1329 2068 und
1355 2008 1494 2068 Spruch
1526 2005 1835 2065 bereitzuhalten.
1851 2002 1922 2062 Und
1954 1999 2020 2059 mir
2041 1999 2123 2059 fällt

715 2058 789 2118 ein,
817 2058 882 2118 wie
915 2057 951 2117 er
980 2058 1049 2118 mir
1083 2057 1221 2117 einmal
1245 2055 1362 2115 sagte,
1390 2055 1441 2115 als
1469 2055 1520 2115 ich
1557 2052 1650 2112 über
1679 2052 1729 2112 ein
1767 2050 1874 2110 neues
1907 2050 2125 2110 Schauspiel

720 2108 780 2168 von
813 2107 868 2167 ihm
915 2106 1143 2166 geschrieben
1180 2106 1296 2166 hatte:
1320 2104 1399 2164 „Sie
1427 2103 1538 2163 haben
1572 2103 1664 2163 mich
1697 2100 1831 2160 wieder
1860 2099 1994 2159 einmal
2018 2098 2124 2158 über¬

717 2157 892 2217 schätzt!“
923 2156 1028 2216 Ohne
1063 2155 1385 2215 Bescheidenheit,
1405 2153 1561 2213 sachlich
1602 2153 1667 2213 und
1703 2148 1993 2208 unerschüttert.
2014 2145 2114 2205 Denn

714 2205 766 2265 er,
790 2205 852 2265 der
881 2205 934 2265 die
968 2204 1112 2264 Illusion
1151 2205 1212 2265 der
1242 2204 1347 2264 Liebe
1376 2202 1462 2262 stets
1491 2201 1558 2261 neu
1592 2201 1822 2261 wiedergab,
1847 2199 1966 2259 wurde
2000 2195 2124 2255 immer

723 2255 817 2315 mehr
853 2252 1154 2312 desillusioniert,
1179 2252 1269 2312 kühl
1300 2252 1385 2312 auch
1426 2253 1531 2313 gegen
1567 2247 1636 2307 sich
1672 2249 1802 2309 selbst.
1828 2246 1907 2306 Nun
1943 2246 2013 2306 soll
2038 2244 2118 2304 kein

712 2306 843 2366 Pathos
869 2303 925 2363 ihn
961 2303 1184 2363 belästigen,
1199 2302 1260 2362 das
1291 2300 1320 2360 er
1347 2300 1509 2360 maliziös
1540 2300 1753 2360 abgewehrt
1779 2297 1895 2357 hätte.
1916 2294 1987 2354 Wir
2013 2293 2124 2353 haben

720 2354 784 2414 nur
813 2354 845 2414 zu
878 2354 1082 2414 erkennen:
1111 2351 1171 2411 der
1195 2351 1343 2411 Dichter
1371 2349 1464 2409 einer
1493 2348 1697 2408 überreifen
1726 2345 1804 2405 Zeit
1828 2345 1892 2405 und
1931 2345 2023 2405 einer
2052 2340 2125 2400 ver¬

717 2404 898 2464 sunkenen
943 2402 1194 2462 Gesellschaft
1219 2401 1336 2461 starb.
1366 2399 1489 2459 Einer,
1514 2399 1577 2459 der
1607 2398 1700 2458 ganz
1735 2397 1769 2457 er
1799 2396 1916 2456 selbst
1947 2393 2034 2453 war.
2064 2392 2123 2452 Ein

718 2453 903 2513 Feinstez.
919 2452 950 2512 In
988 2452 1088 2512 jedem
1137 2450 1263 2510 Sinne:
1285 2449 1348 2509 Ein
1381 2446 1629 2506 Vollendeter.

1717 2590 1807 2650 DAS
1840 2590 2115 2650 BEGRÄBNIS

722 2596 860 2656 OSKAR
894 2593 1073 2653 MAURUS
1101 2592 1301 2652 FONTANA

781 2659 835 2719 An
870 2657 967 2717 einem
1017 2657 1213 2717 sonnigen,
1238 2655 1355 2715 kalten
1395 2652 1723 2712 Herbstvormittag
1758 2651 1871 2711 haben
1911 2649 1959 2709 sie
1989 2648 2126 2708 Arthur

724 2711 920 2771 Schnitzler
945 2707 1145 2767 begraben.
1161 2708 1199 2768 Er
1225 2706 1317 2766 hatte
1342 2706 1366 2766 in
1391 2704 1508 2764 seinem
1548 2703 1754 2763 Testament
1779 2700 1812 2760 um
1857 2699 1901 2759 ein
1931 2697 2126 2757 Begräbnis

718 2757 848 2817 letzter
870 2756 994 2816 Klasse
1022 2757 1190 2817 gebeten,
1212 2756 1271 2816 und
1304 2754 1369 2814 daß
1402 2754 1477 2814 man
1510 2753 1548 2813 an
1575 2751 1695 2811 seinem
1733 2751 1819 2811 Sarg
1852 2749 1949 2809 keine
1977 2746 2123 2806 Blumen

717 2807 942 2867 niederlege.
966 2807 1139 2867 Dennoch
1178 2805 1292 2865 waren
1331 2804 1479 2864 Blumen
1513 2802 1748 2862 gekommen.
1773 2798 1849 2858 Aus
1883 2797 2122 2857 Kopenhagen

724 2858 805 2918 „von
834 2857 924 2917 alten
954 2855 1139 2915 Freunden
1173 2855 1187 2915 .
1197 2855 1273 2915 Das
1293 2852 1436 2912 gehörte
1460 2852 1493 2912 zu
1522 2852 1613 2912 ihm.
1632 2849 1727 2909 Auch
1757 2849 1804 2909 ein
1833 2846 1957 2906 großer
1977 2845 2129 2905 schöner

715 2906 833 2966 Kranz
863 2906 932 2966 mit
957 2906 1050 2966 roten
1086 2903 1194 2963 Rosen
1229 2903 1302 2963 war
1332 2900 1534 2960 abgegeben
1569 2899 1736 2959 worden.
1757 2897 1870 2957 Keine
1900 2894 2058 2954 Schleife
2088 2894 2122 2954 an

717 2955 810 3015 ihm.
831 2956 909 3016 Wer
934 2954 1027 3014 diese
1052 2954 1179 3014 letzten
1209 2951 1332 3011 Grüße
1357 2951 1500 3011 sandte,
1520 2950 1593 3010 war
1618 2948 1721 3008 nicht
1742 2945 2007 3005 festzustellen.
2027 2943 2125 3003 Auch

725 3005 840 3065 dieses
865 3003 1077 3063 Schweigen
1113 3005 1178 3065 der
1204 3002 1309 3062 Liebe
1340 3000 1405 3060 und
1441 2999 1702 3059 Dankbarkeit
1728 2996 1874 3056 gehörte
1905 2996 1945 3056 zu
1976 2995 2071 3055 ihm.
2092 2991 2136 3051 Er

729 3055 822 3115 hätte
847 3053 934 3113 ohne
965 3050 1057 3110 diese
1083 3051 1254 3111 Blumen,
1274 3051 1323 3111 die
1353 3049 1411 3109 aus
1436 3049 1500 3109 dem
1544 3046 1696 3106 Dunkel
1711 3046 1804 3106 ihm,
1824 3044 1882 3104 der
1907 3044 1961 3104 ins
1986 3043 2133 3103 Dunkel

724 3106 823 3166 ging,
842 3103 955 3163 stumm
1001 3100 1164 3160 gereicht
1187 3100 1349 3160 wurden,
1372 3097 1472 3157 nicht
1495 3095 1672 3155 begraben
1704 3094 1840 3154 werden
1872 3092 2034 3152 können.

799 3153 862 3213 Vor
888 3151 946 3211 der
971 3151 1310 3211 Zeremonienhalle
1335 3145 1394 3205 des
1419 3145 1604 3205 jüdischen
1640 3142 1855 3202 Friedhofes
1881 3141 2047 3201 warteten
2082 3137 2131 3197 die

721 3202 988 3262 Schriftsteller
1024 3199 1142 3259 Wiens
1174 3197 1235 3257 und
1277 3198 1327 3258 die
1359 3194 1616 3254 Schauspieler
1647 3190 1765 3250 Wiens
1802 3190 1863 3250 und
1899 3190 1986 3250 viele
2023 3189 2125 3249 Ärzte

724 3252 793 3312 auf
812 3252 872 3312 den
900 3251 1007 3311 Sarg.
1021 3250 1244 3310 Schnitzlers
1267 3245 1449 3305 Gestalten
1482 3244 1593 3304 waren
1621 3241 1704 3301 noch
1737 3240 1872 3300 einmal
1891 3238 2136 3298 versammelt.

725 3304 804 3364 Man
845 3300 946 3360 hörte
982 3300 1071 3360 viele
1107 3297 1318 3357 tiefsinnige
1355 3294 1576 3354 literarische
1612 3291 1828 3351 Gespräche
1864 3289 1949 3349 über
1980 3288 2125 3348 Sterben

2056 3436 2131 3496 1707

736 3641 771 3701 er
803 3640 865 3700 und
901 3636 967 3696 alle
995 3634 1092 3694 seine
1124 3630 1417 3690 Mitgemanigten
1452 3623 1542 3683 stait
1566 3621 1628 3681 der
1656 3617 1933 3677 Repubiikaner
1961 3610 2141 3670 gestorben

743 3688 883 3748 wären.
899 3685 969 3745 Der
996 3679 1355 3739 Klassen-Kämpfer
1376 3675 1456 3735 sagt
1477 3672 1537 3732 mit
1563 3668 1695 3728 Recht:
1715 3664 1851 3724 Tränen
1882 3661 1948 3721 und
1979 3656 2155 3716 Wünsche

743 3740 819 3800 sind
851 3735 974 3795 billig.
990 3733 1103 3793 Heine
1135 3729 1217 3789 aber
1243 3727 1336 3787 lebte
1367 3722 1423 3782 von
1460 3722 1593 3782 Tränen
1630 3715 1692 3775 und
1728 3714 1929 3774 Wünschen
1966 3707 2027 3767 und
2064 3703 2156 3763 Auf¬

747 3786 952 3846 wallungen
992 3782 1058 3842 und
1102 3781 1207 3841 nicht
1237 3776 1289 3836 als
1323 3773 1457 3833 rauher
1491 3767 1639 3827 Krieger
1678 3764 1783 3824 unter
1817 3763 1879 3823 dem
1937 3759 2018 3819 Joch
2062 3755 2157 3815 einer

756 3835 1032 3895 Kriegsparole:
1058 3827 1087 3887 er
1114 3828 1188 3888 war
1214 3825 1259 3885 ein
1295 3823 1481 3883 Küinstler,
1502 3817 1576 3877 kein
1607 3813 1803 3873 Politiker.

820 3890 896 3950 Man
930 3887 1020 3947 kann
1054 3883 1182 3943 sagen:
1206 3881 1263 3941 der
1293 3875 1559 3935 Künstler-Typ
1593 3870 1669 3930 muß
1703 3865 1927 3925 ausgerottet
1952 3859 2089 3919 werden
2123 3857 2147 3917 in

752 3942 810 4002 der
840 3940 908 4000 Ara
943 3937 1002 3997 des
1027 3932 1218 3992 bewußten
1253 3924 1597 3984 Klassenkampfes.
1617 3918 1715 3978 Gut!
1740 3915 1818 3975 Man
1853 3912 1941 3972 kann
1976 3904 2103 3964 sagen:
2123 3900 2157 3960 es

754 3990 803 4050 ist
833 3989 881 4049 ein
921 3984 1170 4044 Verbrechen,
1200 3977 1366 4037 während
1406 3973 1469 4033 des
1499 3968 1758 4028 Endkampfes
1793 3964 1832 4024 um
1881 3960 1959 4020 eine
1989 3954 2155 4014 gerechte

755 4040 934 4100 Ordnung
966 4036 1023 4096 der
1050 4032 1282 4092 Menschheit
1304 4023 1520 4083 produktive
1553 4019 1679 4079 Kräfte
1706 4015 1763 4075 für
1790 4004 2159 4064 Phantasie-Gebilde

752 4092 793 4152 zu
822 4086 969 4146 vrd
1308 4068 1391 4128 muß
1420 4068 1497 4128 man
1526 4066 1609 4126 chen
1638 4062 1695 4122 die
1717 4059 1842 4119 Poeten
1878 4053 1990 4113 dieser
2012 4047 2088 4107 Zeit
2110 4045 2159 4105 er-
