3392 4320
105 254 218 314 12.

1391 249 1512 309 box
1590 249 1819 309 43/25

296 260 878 320 Schuitzler's
947 253 1180 313 Deatl

354 413 408 473 11

618 425 663 485 9

472 551 662 611 T

1028 606 1299 666 WYORK
1347 614 1652 674 AMERICAN

287 743 621 803 2TBR.

1095 772 1172 832 244

1244 789 1427 849 TBR.

183 823 356 883 Arthur
381 834 634 894 Shnitzler
674 829 831 889 Buried

182 886 288 946 Like
319 899 518 959 Pauper,
534 897 571 957 as
595 894 656 954 He
688 894 832 954 Willed

1089 939 1410 999 Schnitzler
1465 938 1592 998 Lies

179 976 367 1036 Literary,
400 984 469 1044 Art
507 984 570 1044 and
615 984 841 1044 Diplomatie

1131 1020 1179 1080 In
1219 1022 1443 1082 Pauper
1484 1021 1668 1081 Coffin

259 1025 412 1085 Figures
439 1028 565 1088 Attend
597 1028 761 1088 Funeral

205 1067 355 1127 VIENNA,
364 1067 431 1127 Oct.
445 1071 471 1131 23
489 1071 693 1131 (P).—Arthur
712 1075 849 1135 Schnitz¬

171 1098 230 1158 ler,
258 1098 316 1158 who
352 1101 414 1161 died
450 1103 481 1163 on
521 1103 702 1163 Wednesday
733 1106 843 1166 leaving

1188 1106 1261 1166 At
1289 1106 1417 1166 Own
1455 1109 1722 1169 Request

172 1129 223 1189 the
251 1133 407 1193 literature
435 1136 462 1196 of
489 1134 536 1194 the
568 1137 650 1197 world
682 1139 775 1199 richer
803 1139 846 1199 for

174 1163 217 1223 his
251 1166 397 1226 writings,
427 1169 482 1229 was
516 1169 614 1229 buried
651 1172 736 1232 today
769 1172 794 1232 in
831 1172 842 1232 a

1133 1191 1301 1251 VIENNA,
1316 1193 1390 1253 Oct.
1405 1192 1438 1252 23
1466 1193 1733 1253 (AP).—Arthur

175 1196 310 1256 pauper's
336 1201 416 1261 coffin
450 1202 505 1262 like
539 1202 549 1262 a
579 1204 645 1264 man
678 1204 806 1264 without
832 1206 843 1266 a

172 1229 294 1289 friend.

1079 1232 1286 1292 Schnitzler,
1308 1231 1376 1291 who
1407 1231 1471 1291 died
1506 1232 1540 1292 on
1580 1232 1735 1292 Wednes¬

207 1261 235 1321 It
258 1262 313 1322 was
335 1264 368 1324 at
387 1264 434 1324 his
456 1266 515 1326 own
545 1266 677 1326 request,
696 1264 842 1324 expressed

1085 1273 1162 1333 day,
1184 1270 1308 1330 leaving
1339 1270 1395 1330 the
1421 1270 1589 1330 literature
1619 1271 1653 1331 of
1680 1271 1731 1331 the
1753 1273 1765 1333 —

155 1291 196 1351 n
230 1294 243 1354 a
272 1295 379 1355 codicil
403 1295 431 1355 to
460 1297 473 1357 a
502 1297 567 1357 will
591 1297 703 1357 written
737 1300 844 1360 twenty

1085 1309 1179 1369 world
1210 1311 1317 1371 richer
1339 1309 1390 1369 for
1413 1309 1464 1369 his
1490 1310 1649 1370 writings,
1671 1310 1735 1370 was

171 1327 253 1387 years
278 1329 345 1389 ago,
367 1330 509 1390 directing
537 1330 608 1390 that
633 1330 665 1390 no
694 1332 747 1392 one
776 1332 846 1392 wear

1086 1350 1193 1410 buried
1224 1350 1319 1410 today
1345 1348 1370 1408 in
1401 1348 1414 1408 a
1440 1349 1591 1409 pauper's
1617 1351 1711 1411 coffin

168 1359 324 1419 mourning
353 1361 407 1421 and
443 1363 511 1423 that
536 1363 586 1423 the
611 1363 736 1423 funeral
758 1366 790 1426 be
819 1366 847 1426 of

1085 1388 1145 1448 like
1176 1387 1188 1447 a
1219 1388 1292 1448 man
1327 1387 1465 1447 without
1492 1387 1504 1447 a
1539 1387 1664 1447 friend.
1708 1388 1738 1448 It

168 1390 216 1450 the
246 1388 328 1448 "very
354 1393 428 1453 last"
455 1394 488 1454 or
515 1393 626 1453 pauper
652 1396 741 1456 class.

1085 1425 1149 1485 was
1175 1425 1211 1485 at
1232 1425 1280 1485 his
1305 1426 1370 1486 own
1400 1423 1542 1483 request.

209 1422 297 1482 There
326 1424 392 1484 were
421 1425 456 1485 no
485 1426 627 1486 wreaths,
645 1428 680 1488 no
709 1428 843 1488 obituary

164 1458 426 1518 announcements
452 1458 505 1518 and
535 1459 570 1519 no
596 1461 743 1521 honorary
772 1460 847 1520 pall¬

1127 1464 1231 1524 There
1253 1464 1331 1524 were
1353 1464 1390 1524 no
1416 1464 1570 1524 wreaths,
1587 1464 1625 1524 no
1650 1465 1733 1525 obit-

168 1490 293 1550 bearers.
346 1491 420 1551 Only
454 1491 464 1551 a
498 1491 635 1551 bouquet
665 1493 698 1553 of
728 1494 843 1554 blazing

1084 1503 1158 1563 uary
1190 1503 1472 1563 announcements
1496 1505 1554 1565 and
1586 1503 1621 1563 no
1649 1505 1731 1565 hon¬

168 1523 450 1583 chrysanthemums
493 1524 618 1584 relieved
668 1524 718 1584 the
765 1526 840 1586 stark

1083 1541 1177 1601 orary
1217 1542 1431 1602 pallbearers.
1479 1542 1560 1602 Only
1599 1542 1611 1602 a
1651 1545 1732 1605 bou¬

167 1555 324 1615 simplicity
348 1554 374 1614 of
394 1556 443 1616 the
467 1557 578 1617 rough,
593 1558 705 1618 wooden
732 1560 835 1620 coffin.

1079 1580 1159 1640 quet
1193 1580 1225 1640 of
1254 1581 1303 1641 red
1340 1582 1653 1642 chrysanthemums
1686 1581 1734 1641 re¬

202 1588 266 1648 But
286 1587 312 1647 it
335 1588 388 1648 was
415 1590 480 1650 not,
499 1590 575 1650 after
603 1591 655 1651 all,
671 1593 682 1653 a
713 1593 846 1653 pauper's

1082 1617 1183 1677 lieved
1215 1619 1267 1679 the
1295 1620 1378 1680 stark
1414 1622 1586 1682 simplicity
1617 1621 1652 1681 of
1675 1620 1727 1680 the

166 1619 334 1679 ceremony.
381 1619 441 1679 The
470 1622 592 1682 writer's
621 1624 735 1684 friends
764 1624 842 1684 came

169 1652 229 1712 from
272 1652 317 1712 far
340 1652 397 1712 and
428 1655 511 1715 near.
554 1655 702 1715 Literary,
722 1658 851 1718 artistic,

1083 1658 1184 1718 rough
1219 1658 1345 1718 wooden
1375 1658 1493 1718 coffin.

170 1685 339 1745 diplomatic
362 1685 413 1745 and
440 1687 550 1747 official
569 1688 668 1748 circles
691 1688 757 1748 were
779 1688 845 1748 rep¬

1126 1695 1190 1755 But
1212 1697 1238 1757 it
1260 1697 1319 1757 was
1342 1698 1414 1758 not,
1432 1695 1517 1755 after
1540 1697 1595 1757 all,
1613 1697 1625 1757 a
1652 1697 1733 1757 pau¬

168 1717 297 1777 resented
331 1717 386 1777 and
424 1718 450 1778 in
487 1718 564 1778 their
598 1721 750 1781 luxurious
784 1721 846 1781 cars

1085 1736 1168 1796 per's
1219 1736 1411 1796 ceremony.
1475 1736 1545 1796 The
1601 1737 1734 1797 writer's

172 1754 285 1814 blocked
314 1754 358 1814 the
379 1754 463 1814 roads
484 1754 601 1814 outside
622 1754 670 1814 the
691 1756 849 1816 cemetery.

1080 1774 1209 1834 friends
1239 1775 1326 1835 came
1360 1776 1427 1836 from
1469 1774 1523 1834 far
1553 1775 1611 1835 and
1645 1776 1740 1836 near.

1085 1813 1248 1873 Literary,
1274 1813 1420 1873 artistic,
1442 1815 1635 1875 diplomatic
1665 1813 1725 1873 and

1083 1851 1217 1911 official
1251 1851 1364 1911 circles
1403 1852 1482 1912 were
1525 1852 1730 1912 represented

390 1880 525 1940 Extract
546 1877 609 1937 from

1083 1891 1145 1951 and
1183 1893 1271 1953 their
1300 1891 1467 1951 luxurious
1497 1893 1568 1953 cars
1602 1893 1731 1953 blocked

1081 1930 1138 1990 the
1165 1933 1262 1993 roads
1289 1933 1413 1993 outside
1440 1933 1493 1993 the
1520 1933 1701 1993 cemetery.

423 2017 593 2077 Gazette

328 2079 533 2139 Montreal,
539 2076 682 2136 Canada

1125 2211 1218 2271 Y
1272 2211 1526 2271 AMERICAN

467 2208 543 2268 2A
589 2211 677 2271 90T.
700 2225 787 2285 1931

373 2331 664 2391 SCHNITZLER
703 2342 870 2402 BURIED

1223 2344 1351 2404 012

294 2427 470 2487 Austrian
514 2435 658 2495 Author
696 2445 867 2505 Interred
905 2449 937 2509 in

1114 2473 1421 2533 Schnitaler
1482 2472 1614 2532 Lies

445 2490 634 2550 Pauper's
665 2499 788 2559 Grave

337 2531 463 2591 Vienna,
498 2538 628 2598 October
656 2545 793 2605 23.—Dr.
824 2554 942 2614 Arthur

1134 2557 1183 2617 In
1235 2559 1454 2619 Pauper
1496 2556 1685 2616 Coffin

297 2565 480 2625 Schnitzler,
502 2572 564 2632 who
594 2575 657 2635 died
686 2577 719 2637 on
753 2586 936 2646 Wednesday

293 2599 411 2659 leaving
452 2604 503 2664 the
540 2609 632 2669 world
670 2614 773 2674 richer
807 2619 854 2679 for
892 2623 939 2683 his

1203 2640 1278 2700 At
1309 2640 1431 2700 Own
1470 2643 1727 2703 Request

296 2634 446 2694 writings,
480 2638 542 2698 was
580 2643 686 2703 burled
727 2650 815 2710 today
852 2653 878 2713 in
922 2655 933 2715 a

294 2667 434 2727 pauper's
464 2674 556 2734 coffin
586 2678 646 2738 like
672 2682 682 2742 a
716 2685 779 2745 man
813 2690 946 2750 without

285 2703 293 2763 a
330 2703 455 2763 friend.

1142 2727 1310 2787 VIENNA,
1325 2727 1401 2787 Oct.
1416 2726 1445 2786 23
1475 2727 1739 2787 (AP).—Arthur

318 2738 349 2798 It
381 2738 440 2798 was
476 2743 511 2803 at
539 2745 586 2805 his
622 2749 685 2809 own
721 2754 846 2814 request
878 2759 933 2819 ex¬

1097 2769 1293 2829 Schnitzler,
1315 2765 1381 2825 who
1416 2766 1478 2826 died
1512 2766 1545 2826 on
1583 2769 1738 2829 Wednes¬

281 2770 403 2830 pressed
434 2775 461 2835 In
488 2776 499 2836 a
531 2780 603 2840 codi
665 2784 692 2844 to
719 2785 730 2845 a
761 2790 826 2850 will
845 2793 933 2853 writ-

1092 2807 1174 2867 day,
1196 2805 1317 2865 leaving
1352 2804 1403 2864 the
1430 2805 1598 2865 literature
1629 2805 1659 2865 of
1689 2806 1741 2866 the

288 2805 327 2865 ten
359 2808 388 2868 20
414 2811 507 2871 years
532 2816 604 2876 ago,
626 2817 773 2877 recting
806 2826 874 2886 that
899 2829 931 2889 no

1095 2843 1186 2903 world
1220 2843 1325 2903 richer
1351 2842 1400 2902 for
1422 2842 1472 2902 his
1497 2844 1656 2904 writings,
1678 2844 1740 2904 was

284 2838 336 2898 one
372 2842 454 2902 wear
486 2849 650 2909 mourning
686 2856 742 2916 and
778 2859 849 2919 that
878 2862 927 2922 the

1097 2884 1205 2944 buried
1235 2884 1327 2944 today
1356 2882 1381 2942 in
1411 2882 1418 2942 a
1448 2883 1598 2943 pauper's
1624 2885 1719 2945 coffin

285 2873 411 2933 funeral
438 2879 473 2939 be
511 2882 542 2942 of
573 2886 623 2946 the
661 2889 749 2949 “very
788 2895 864 2955 last"
899 2900 933 2960 or

282 2911 418 2971 pauper,
437 2916 540 2976 class.

1094 2921 1152 2981 like
1186 2921 1198 2981 a
1228 2921 1298 2981 man
1337 2921 1470 2981 without
1500 2919 1512 2979 a
1542 2921 1667 2981 friend.
1709 2922 1742 2982 It

317 2944 414 3004 There
447 2948 523 3008 were
556 2952 592 3012 no
626 2957 775 3017 wrenths,
804 2962 836 3022 no
869 2965 925 3025 ob¬

1085 2959 1160 3019 was
1186 2960 1219 3020 at
1241 2960 1291 3020 his
1317 2957 1379 3017 own
1410 2957 1552 3017 request.

279 2978 378 3038 Ituary
407 2989 677 3049 announcements
703 2995 756 3055 and
785 2996 816 3056 no
845 2998 923 3058 hon¬

1135 2996 1240 3056 There
1265 2997 1338 3057 were
1363 2998 1399 3058 no
1424 2999 1578 3059 wreaths,
1595 2999 1632 3059 no
1661 2999 1741 3059 obit-

282 3012 366 3072 orary
399 3018 600 3078 pallbearers.
643 3026 714 3086 Only
746 3026 756 3086 a
792 3033 927 3093 bouquet

1096 3038 1171 3098 uary
1199 3037 1478 3097 announcements
1506 3038 1565 3098 and
1593 3038 1628 3098 no
1656 3037 1738 3097 hon¬

274 3044 305 3104 of
331 3049 448 3109 blazing
477 3058 777 3118 chrysanthemums
796 3066 920 3126 relleved

1092 3076 1188 3136 orary
1225 3075 1439 3135 pallbearers.
1488 3076 1568 3136 Only
1606 3076 1621 3136 a
1662 3077 1738 3137 bou¬

283 3079 327 3139 the
353 3082 429 3142 stark
456 3089 617 3149 simplicity
661 3094 690 3154 of
728 3097 775 3157 the
816 3102 929 3162 rough,

1094 3114 1172 3174 quet
1201 3112 1236 3172 of
1264 3114 1315 3174 red
1351 3114 1662 3174 chrysanthemums
1694 3110 1741 3170 re¬

279 3115 401 3175 wooden
434 3124 552 3184 coffin.

1094 3151 1192 3211 lieved
1223 3151 1274 3211 the
1305 3152 1390 3212 stark
1421 3154 1592 3214 simplicity
1627 3154 1656 3214 of
1683 3154 1734 3214 the

1091 3190 1189 3250 rough
1222 3190 1349 3250 wooden
1379 3190 1497 3250 coffin.

1135 3227 1194 3287 But
1215 3226 1240 3286 it
1262 3226 1324 3286 was
1346 3229 1417 3289 not.
1435 3229 1519 3289 after
1545 3229 1603 3289 all,
1616 3229 1629 3289 a
1654 3229 1738 3289 pau¬

1482 3267 1548 3327 The
1606 3267 1738 3327 writer's

1091 3267 1178 3327 per’s
1231 3267 1423 3327 ceremony.

1090 3305 1216 3365 friends
1244 3306 1334 3366 came
1366 3306 1429 3366 from
1477 3305 1528 3365 far
1556 3305 1619 3365 and
1651 3307 1745 3367 near.

1095 3345 1258 3405 Literary,
1284 3343 1426 3403 artistic,
1452 3345 1645 3405 diplomatic
1674 3345 1737 3405 and

1093 3383 1223 3443 official
1254 3384 1368 3444 circles
1411 3382 1486 3442 were
1529 3384 1737 3444 represented

1095 3421 1153 3481 and
1191 3422 1274 3482 their
1304 3422 1471 3482 luxurious
1501 3422 1572 3482 cars
1606 3425 1731 3485 blocked

1094 3459 1146 3519 the
1175 3461 1267 3521 roads
1296 3461 1417 3521 outside
1446 3461 1498 3521 the
1527 3461 1704 3521 cemetery.

823 3663 1038 3723 LAULA
1065 3640 1242 3700 REBESME
1269 3615 1447 3675 MACRNIO

1290 3719 1354 3779 331

994 3730 1151 3790 AOK

794 3797 849 3857 Die
884 3799 1063 3859 Beisetzung
1098 3796 1215 3856 Arthur
1250 3793 1450 3853 Schnitzlers.
1485 3789 1554 3849 Aus
1589 3790 1705 3850 Wien

709 3838 783 3898 wird
818 3837 880 3897 uns
909 3838 1085 3898 gemeldet:
1108 3841 1176 3901 Auf
1205 3835 1257 3895 dem
1309 3827 1576 3887 Zentralfriedhof
1605 3828 1713 3888 wurde

714 3877 835 3937 Freitag
863 3873 1048 3933 nachmittag
1075 3871 1122 3931 ver
1149 3870 1366 3930 Schriftsteller
1388 3868 1504 3928 Arthur
1531 3865 1711 3925 Schnitz¬

714 3915 774 3975 ler
803 3914 854 3974 zur
878 3913 976 3973 letzten
1009 3912 1093 3972 Ruhe
1121 3909 1257 3969 geleitet.
1285 3909 1341 3969 Die
1365 3905 1556 3965 israelitische
1580 3903 1715 3963 Kultus¬

717 3953 870 4013 gemeinde
906 3952 986 4012 hatte
1017 3949 1069 4009 dem
1118 3948 1339 4008 Verstorbenen
1375 3945 1418 4005 ein
1454 3944 1635 4004 Ehrengrab
1666 3937 1719 3997 ge¬

715 3992 822 4052 stiftet.
864 3990 916 4050 An
963 3989 1014 4049 der
1056 3987 1453 4047 Beisetzungsfeierlichkeit
1491 3981 1622 4041 nahmen
1674 3979 1720 4039 die

713 4029 1058 4089 Familienmitglieder
1087 4027 1149 4087 und
1183 4026 1260 4086 viele
1294 4026 1437 4086 Freunde
1466 4022 1523 4082 und
1562 4020 1715 4080 Verehrer

717 4071 768 4131 des
799 4071 943 4131 Dichters
975 4068 1041 4128 teil.

2075 473 2166 533 NY
2213 477 2370 537 TIMES

1947 668 2120 728 ARTHUR
2147 674 2421 734 SCHNITZLER
2448 676 2601 736 BURIED

1949 747 2034 807 Rites
2054 751 2111 811 Are
2132 751 2164 811 of
2180 754 2497 814 Simplest—Money
2518 760 2611 820 Saved

2005 795 2034 855 to
2060 796 2097 856 Go
2123 798 2152 858 to
2178 801 2343 861 Hospitals
2368 803 2393 863 in
2423 804 2558 864 Vienna.

1975 844 2151 904 VIENNA.
2198 849 2273 909 Oct.
2315 852 2348 912 23
2400 852 2622 912 ().—Arthur

1944 888 2135 948 Schnitzler,
2154 891 2238 951 whom
2280 891 2330 951 the
2357 891 2448 951 world
2476 894 2551 954 knew
2590 897 2620 957 as

1942 933 1957 993 a
1995 930 2109 990 master
2144 930 2178 990 of
2209 930 2319 990 letters
2350 935 2460 995 rather
2491 935 2563 995 than
2605 936 2616 996 a

1944 972 2047 1032 doctor
2069 972 2098 1032 of
2121 972 2290 1032 medicine,
2309 975 2371 1035 was
2393 975 2496 1035 buried
2522 977 2614 1037 today

1944 1016 1966 1076 in
1995 1013 2006 1073 a
2032 1014 2179 1074 pauper's
2205 1014 2297 1074 grave
2323 1014 2352 1074 of
2375 1018 2422 1078 his
2445 1016 2507 1076 own
2533 1017 2621 1077 crea¬

1945 1053 2025 1113 tion.
2066 1055 2166 1115 There
2199 1055 2275 1115 were
2308 1058 2429 1118 neither
2458 1058 2611 1118 honorary

1944 1094 2132 1154 pallbearers
2181 1096 2236 1156 nor
2285 1099 2425 1159 wreaths
2474 1100 2529 1160 nor
2577 1100 2614 1160 an

1939 1135 2082 1195 obituary
2113 1136 2372 1196 announcement
2398 1140 2423 1200 to
2453 1140 2538 1200 mark
2572 1142 2620 1202 the

1944 1178 2066 1238 passing
2114 1178 2148 1238 of
2192 1180 2247 1240 the
2295 1181 2467 1241 dramatist
2511 1182 2613 1242 whose

1948 1217 2094 1277 "Anatol"
2127 1216 2183 1276 and
2212 1219 2302 1279 other
2331 1221 2469 1281 writings
2498 1222 2530 1282 on
2563 1224 2615 1284 gay

1950 1257 2093 1317 Viennese
2124 1258 2177 1318 life
2204 1258 2347 1318 enriched
2378 1260 2427 1320 the
2454 1263 2616 1323 literature

1941 1300 1972 1360 of
1993 1300 2037 1360 his
2058 1301 2259 1361 generation.
2297 1303 2373 1363 Only
2398 1303 2405 1363 a
2434 1303 2567 1363 bouquet
2588 1306 2619 1366 of

1939 1344 2057 1404 blazing
2100 1345 2407 1405 chrysanthemums
2451 1348 2616 1408 decorated

1944 1384 1988 1444 the
2015 1387 2182 1447 simplicity
2214 1387 2244 1447 of
2271 1387 2320 1447 the
2347 1390 2466 1450 rough,
2489 1390 2608 1450 wooden

1941 1425 2060 1485 coffin.

1970 1467 2036 1527 The
2068 1467 2202 1527 funeral
2228 1467 2351 1527 service
2388 1470 2542 1530 consisted
2579 1472 2615 1532 of

1940 1498 1988 1558 the
2012 1500 2137 1560 reading
2166 1500 2198 1560 of
2219 1500 2230 1560 a
2259 1503 2373 1563 Jewish
2401 1504 2510 1564 ritual,
2531 1504 2619 1564 with-

1941 1530 1993 1590 out
2019 1531 2089 1591 song
2121 1532 2157 1592 or
2186 1533 2331 1593 sermon,
2352 1534 2413 1594 and
2442 1536 2509 1596 took
2544 1535 2611 1595 only

1940 1565 1982 1625 ten
2013 1563 2170 1623 minutes.
2208 1565 2342 1625 Friends
2370 1566 2438 1626 from
2480 1569 2622 1629 artistie,

1938 1599 2116 1659 diplomatic
2147 1598 2204 1658 and
2239 1599 2364 1659 official
2387 1599 2497 1659 circles
2524 1600 2607 1660 stood

1938 1630 2052 1690 around
2079 1631 2128 1691 the
2155 1628 2249 1688 grave
2273 1631 2330 1691 and
2357 1631 2436 1691 their
2460 1631 2520 1691 fine
2547 1631 2615 1691 cars

1939 1663 2064 1723 blocked
2096 1661 2149 1721 the
2181 1664 2274 1724 roads
2307 1664 2428 1724 leading
2461 1667 2525 1727 into
2562 1666 2610 1726 the

1937 1694 2096 1754 cemetery

1964 1728 2138 1788 Schnitzler
2162 1727 2287 1787 ordered
2317 1727 2341 1787 in
2365 1729 2377 1789 a
2406 1728 2471 1788 will
2487 1730 2604 1790 written

1937 1757 2047 1817 twenty
2089 1760 2179 1820 years
2218 1760 2274 1820 ago
2309 1760 2385 1820 that
2404 1758 2453 1818 'he
2491 1760 2609 1820 receive

1929 1793 1948 1853 a
1975 1792 2081 1852 simple
2104 1792 2234 1852 funeral
2253 1793 2310 1853 and
2337 1793 2409 1853 that
2429 1793 2478 1853 the
2501 1795 2607 1855 money

1934 1823 2026 1883 saved
2059 1825 2188 1885 thereby
2217 1826 2249 1886 be
2282 1828 2468 1888 distributed
2497 1828 2606 1888 among

1935 1858 2107 1918 hospitals.

2060 2115 2182 2175 Arkur
2229 2110 2464 2170 Schnißlers
2499 2104 2633 2164 Killes
2668 2103 2937 2163 Begrähnis.

2105 2187 2222 2247 Wien,
2243 2187 2298 2247 23.
2319 2184 2492 2244 Oktober.
2506 2184 2616 2244 Heute
2645 2184 2762 2244 mittag
2797 2181 2872 2241 fand
2908 2181 2934 2241 in

2067 2234 2223 2294 schlichter
2253 2234 2362 2294 Weise
2392 2234 2440 2294 die
2471 2232 2699 2292 Leichenfeier
2749 2231 2802 2291 für
2834 2229 2941 2289 Artur

2061 2285 2240 2345 Schnitzler
2271 2282 2367 2342 statt.
2410 2284 2451 2344 Im
2500 2282 2602 2342 Laufe
2633 2281 2686 2341 des
2723 2279 2939 2339 Vormittags

2057 2335 2180 2395 fanden
2221 2330 2277 2390 sich
2311 2333 2339 2393 im
2397 2332 2509 2392 Hause
2544 2330 2742 2390 Schnitzlers
2782 2330 2939 2390 Freunde

2065 2384 2120 2444 der
2148 2382 2298 2442 Familie
2332 2381 2403 2441 ein.
2432 2381 2581 2441 Hierauf
2610 2381 2726 2441 wurde
2760 2378 2821 2438 der
2855 2379 2943 2439 Sarg

2058 2429 2117 2489 auf
2148 2431 2201 2491 den
2238 2431 2521 2491 Leichenfourgon
2552 2428 2696 2488 gestellt,
2739 2428 2943 2488 geschmückt

2062 2477 2124 2537 mit
2147 2479 2203 2539 dem
2249 2480 2378 2540 Kranze
2407 2478 2463 2538 des
2492 2476 2768 2536 Burgtheaters.
2785 2476 2830 2536 Es
2859 2476 2943 2536 folg¬

2057 2528 2108 2588 ten
2150 2527 2201 2587 die
2231 2527 2432 2587 Mitglieder
2462 2527 2519 2587 der
2566 2527 2716 2587 Familie
2769 2527 2838 2587 und
2890 2526 2942 2586 die

2062 2575 2220 2635 Freunde
2249 2577 2305 2637 des
2339 2577 2515 2637 Dichters.
2555 2575 2645 2635 Nach
2697 2577 2753 2637 den
2793 2575 2945 2635 Trauer¬

2062 2626 2270 2686 zeremonien
2316 2626 2456 2686 erfolgte
2490 2626 2574 2686 dann
2637 2624 2687 2684 die
2744 2623 2935 2683 Beisetzung

2059 2670 2091 2730 in
2146 2674 2204 2734 dem
2270 2673 2334 2733 von
2389 2672 2448 2732 der
2497 2671 2734 2731 israelitischen
2794 2672 2945 2732 Kultus¬

2063 2721 2238 2781 gemeinde
2267 2721 2488 2781 gewidmeten
2529 2724 2749 2784 Ehrengrabe
2784 2724 2846 2784 auf
2875 2724 2925 2784 dem

2064 2775 2200 2835 Wiener
2231 2775 2547 2835 Zentralfriedhof.

2117 3065 2148 3125 2
2183 3076 2233 3136 4.
2252 3095 2368 3155 0kr.
2387 3119 2487 3179 1991

2704 3464 2812 3524 1937

2455 3510 2473 3570 2
2504 3506 2552 3566 4.
2581 3508 2775 3568 Oainns

1952 3584 2011 3644 Auf
2042 3584 2092 3644 dem
2138 3584 2409 3644 Zentralfriedhof
2439 3585 2464 3645 in
2500 3584 2585 3644 Wien
2626 3583 2726 3643 wurde
2757 3580 2887 3640 Freitag
2918 3578 3028 3638 mittag
3063 3575 3113 3635 der

1913 3623 2124 3683 Schriftsteller
2154 3624 2271 3684 Arthur
2301 3623 2531 3683 Schnitzler
2556 3623 2609 3683 zur
2635 3620 2732 3680 letzten
2767 3620 2855 3680 Ruhe
2885 3616 3022 3676 geleitet.
3057 3613 3115 3673 Die

1914 3662 2099 3722 israelitische
2135 3662 2416 3722 Kultusgemeinde
2447 3660 2532 3720 hatte
2563 3661 2612 3721 dem
2658 3658 2879 3718 Verstorbenen
2915 3656 2959 3716 ein
2995 3653 3115 3713 Ehren¬

1914 3702 1977 3762 grab
2004 3698 2135 3758 gestüter
2163 3696 2204 3756 An
2231 3694 2284 3754 der
2311 3697 2697 3757 Vellatunaafeierlichkeit
2718 3696 2845 3756 nahmen
2872 3696 2919 3756 die
2941 3692 3115 3752 Familien¬

1917 3742 2089 3802 mitglieder
2113 3739 2170 3799 und
2200 3739 2280 3799 viele
2304 3740 2441 3800 Freunde
2471 3738 2528 3798 und
2552 3737 2701 3797 Verehrer
2731 3736 2777 3796 des
2806 3736 2944 3796 Dichters
2968 3736 3042 3796 teil.
