3344 4352
170 286 297 346 12.
357 288 948 348 Schnitzler's
1008 288 1243 348 Death

621 852 878 912 DOBS

1136 857 1338 917 VER

706 912 728 972 I.
743 912 865 972 österr.
875 915 1026 975 behördl.
1040 915 1337 975 konzessioniertes

662 952 891 1012 Unternehmen
923 953 971 1013 für
998 953 1382 1013 Zeitungs-Ausschnitte

713 1008 858 1068 WIEN,
886 1016 938 1076 I.,
966 1016 1244 1076 WOLLZEILE
1291 1016 1337 1076 11

808 1064 1021 1124 TELEPHON
1058 1065 1235 1125 R-23-0-43

613 1204 834 1264 Ausschnitt
861 1207 950 1267 aus:

699 1309 801 1369 From

730 1428 915 1488 JEWISH
966 1421 1117 1481 WORLD

729 1475 956 1535 London.

767 1574 1047 1634 18.11.31.

670 1643 794 1703 Arthur
822 1643 1012 1703 Schnitzler
1039 1646 1097 1706 and
1128 1643 1181 1703 His
1208 1642 1435 1702 Jewishness.

538 1688 737 1748 Discussing
762 1691 817 1751 the
841 1691 990 1751 attitude
1019 1691 1051 1751 of
1075 1691 1130 1751 the
1158 1691 1224 1751 late
1252 1691 1377 1751 Arthur
1402 1688 1592 1748 Schnitzier

495 1737 640 1797 towards
661 1736 744 1796 Jews
770 1739 832 1799 and
866 1739 919 1799 the
945 1740 1082 1800 relation
1116 1740 1149 1800 of
1166 1739 1219 1799 his
1249 1739 1299 1799 art
1320 1738 1345 1798 to
1379 1735 1590 1795 Jewishness.

495 1786 506 1846 a
527 1786 639 1846 writer
656 1786 679 1846 in
700 1786 752 1846 the
777 1786 982 1846 FORWERTS
1002 1788 1119 1848 recalls
1140 1789 1212 1849 that
1228 1787 1280 1847 the
1301 1785 1458 1845 deceased
1478 1783 1586 1843 authur

498 1830 558 1890 was
582 1836 732 1896 brought
748 1834 784 1894 up
817 1834 845 1894 in
874 1835 906 1895 an
934 1837 1156 1897 assimilative
1185 1832 1419 1892 atmosphere.

535 1879 596 1939 Iis
633 1879 761 1939 fathier,
782 1879 823 1939 he
854 1876 952 1936 says,
973 1876 1039 1936 was
1072 1876 1081 1936 a
1113 1876 1246 1936 leading
1283 1873 1432 1933 medical
1463 1871 1556 1931 man,
1577 1872 1586 1932 à

494 1919 667 1979 Professor
699 1919 723 1979 in
756 1918 768 1978 a
796 1918 1014 1978 University,
1030 1918 1091 1978 and
1120 1917 1244 1977 Arthur
1269 1915 1430 1975 certainly
1467 1912 1515 1972 did
1539 1913 1599 1973 not

490 1960 619 2020 receive
651 1961 713 2021 any
737 1959 854 2019 Jewish
894 1959 1097 2019 education.
1136 1956 1202 2016 But
1226 1954 1304 2014 even
1328 1953 1379 2013 so,
1399 1953 1598 2013 Schnitzler

500 2004 554 2064 had
578 2001 675 2061 never
695 2001 774 2061 tried
801 1999 828 2059 to
852 2001 973 2061 escape
997 2000 1059 2060 from
1106 1998 1243 2058 Judaism
1279 1996 1313 2056 or
1333 1995 1360 2055 to
1388 1995 1528 2055 conceal
1548 1995 1599 2055 his

491 2043 684 2103 adherence
704 2043 728 2103 to
753 2043 801 2103 the
826 2040 942 2100 Jewish
967 2040 1104 2100 people.
1145 2040 1189 2100 On
1217 2039 1269 2099 the
1286 2037 1459 2097 contrary,
1476 2037 1508 2097 he
1532 2037 1592 2097 had

493 2087 527 2147 on
550 2085 725 2145 occasions
744 2085 953 2145 emphasised
976 2082 1025 2142 his
1044 2082 1185 2142 interest
1200 2082 1226 2142 in
1250 2079 1299 2139 the
1318 2079 1378 2139 fate
1402 2079 1436 2139 of
1452 2077 1500 2137 his
1520 2076 1588 2136 race

501 2129 546 2189 He
567 2127 704 2187 devoted
730 2124 792 2184 two
813 2124 850 2184 of
868 2124 917 2184 his
943 2124 1046 2184 works
1072 2124 1096 2184 to
1122 2121 1238 2181 Jewish
1264 2121 1447 2181 problems.
1489 2118 1522 2178 In
1547 2118 1601 2178 his

498 2165 706 2225 novel“The
740 2165 827 2225 Road
853 2165 882 2225 to
915 2165 1107 2225 Freedom,”
1128 2162 1274 2222 perhaps
1304 2159 1362 2219 one
1396 2158 1433 2218 of
1455 2156 1504 2216 his
1530 2156 1604 2216 best

497 2210 678 2270 creations,
695 2207 731 2267 he
756 2207 954 2267 manifested
990 2206 1042 2266 his
1068 2205 1229 2265 constant
1254 2201 1403 2261 thought
1424 2201 1529 2261 about
1549 2201 1601 2261 the

505 2249 617 2309 Jewish
645 2249 818 2309 question,
830 2249 886 2309 and
915 2247 995 2307 gave
1019 2246 1107 2306 clear
1128 2246 1224 2306 proof
1245 2244 1316 2304 that
1337 2243 1373 2303 he
1397 2243 1461 2303 was
1478 2241 1594 2301 deeply

491 2292 678 2352 concerned
702 2289 808 2349 about
833 2289 889 2349 the
922 2288 1097 2348 problems
1126 2287 1346 2347 confronting
1383 2284 1440 2344 the
1477 2282 1594 2342 Jewish

502 2333 635 2393 people.
677 2334 705 2394 It
727 2332 751 2392 is
773 2331 843 2391 true
864 2330 939 2390 that
960 2330 1151 2390 Schnitzler
1181 2328 1243 2388 had
1277 2326 1335 2386 not
1364 2325 1547 2385 attempted
1581 2325 1593 2385 a

497 2375 638 2435 solution
664 2373 693 2433 to
719 2372 768 2432 the
794 2371 911 2431 Jewish
953 2371 1133 2431 question,
1155 2370 1217 2430 and
1255 2366 1284 2426 if
1310 2365 1368 2425 one
1402 2365 1498 2425 reads
1532 2365 1586 2425 him

496 2416 654 2476 correctly
682 2413 717 2473 he
741 2413 906 2473 appeared
946 2413 973 2473 to
1009 2411 1096 2471 have
1132 2410 1222 2470 come
1258 2408 1285 2468 to
1317 2407 1368 2467 the
1404 2407 1601 2467 conclusion

500 2458 572 2518 that
593 2458 629 2518 no
654 2455 791 2515 general
808 2455 953 2515 solution
982 2455 1047 2515 was
1072 2452 1237 2512 possible,
1250 2450 1306 2510 but
1323 2449 1396 2509 that
1412 2449 1440 2509 it
1457 2449 1550 2509 must
1571 2449 1603 2509 be

500 2499 695 2559 individual
708 2498 771 2558 and
796 2497 980 2557 personal;
1001 2494 1076 2554 that
1097 2492 1193 2552 every
1219 2492 1273 2552 Jew
1311 2491 1373 2551 had
1399 2490 1427 2550 to
1449 2488 1519 2548 seek
1557 2490 1607 2550 for

498 2540 643 2600 himself
660 2538 710 2598 the
736 2538 806 2598 road
832 2538 860 2598 to
886 2535 1053 2595 freedom.
1095 2534 1161 2594 But
1183 2534 1257 2594 that
1275 2532 1382 2592 might
1408 2530 1491 2590 have
1521 2530 1600 2590 been

497 2583 504 2643 a
533 2581 606 2641 very
639 2580 780 2640 general
809 2577 882 2637 idea
919 2577 1069 2637 without
1094 2577 1105 2637 a
1142 2574 1219 2634 very
1256 2574 1394 2634 definite
1427 2571 1487 2631 and
1528 2571 1609 2631 con¬

494 2622 620 2682 sidered
645 2621 791 2681 attitude
812 2619 959 2679 towards
980 2619 1204 2679 Jewishness.
1245 2613 1445 2673 Schnitzler
1466 2613 1527 2673 was
1552 2613 1604 2673 the

504 2663 600 2723 victim
641 2664 673 2724 of
690 2661 819 2721 violent
840 2661 974 2721 attacks
1006 2659 1042 2719 by
1076 2659 1331 2719 anti-Semites,
1347 2655 1408 2715 but
1433 2654 1469 2714 he
1502 2654 1606 2714 never

504 2706 628 2766 replied
666 2705 695 2765 to
733 2703 807 2763 that
845 2703 949 2763 spirit
978 2703 1011 2763 of
1045 2700 1182 2760 hatred,
1216 2700 1311 2760 being
1354 2697 1515 2757 probably
1553 2697 1607 2757 too

508 2748 604 2808 proud
649 2744 709 2804 and
750 2744 802 2804 too
843 2743 1066 2803 philosophic
1106 2741 1134 2801 to
1175 2740 1247 2800 feel
1280 2738 1429 2798 insulted
1459 2736 1494 2796 or
1527 2735 1603 2795 even

502 2787 695 2847 embittered
745 2785 781 2845 by
826 2783 882 2843 the
923 2783 1092 2843 ferocious
1137 2783 1295 2843 hostility
1336 2777 1485 2837 towards
1526 2779 1615 2839 him.

508 2831 604 2891 After
641 2828 700 2888 all,
733 2826 773 2886 he
814 2825 902 2885 knew
955 2825 1007 2885 his
1047 2825 1176 2885 artistic
1225 2820 1402 2880 greatness
1443 2820 1503 2880 and
1552 2819 1603 2879 the

508 2870 716 2930 recognition
743 2867 778 2927 by
802 2867 857 2927 the
881 2867 978 2927 world
1010 2866 1045 2926 of
1069 2865 1119 2925 his
1152 2864 1226 2924 vast
1246 2863 1355 2923 merits
1383 2863 1418 2923 as
1446 2861 1457 2921 a
1493 2861 1622 2921 writer.

512 2914 535 2974 If
556 2912 592 2972 he
613 2911 661 2971 did
686 2909 775 2969 reply
800 2909 828 2969 to
860 2909 913 2969 the
946 2908 1201 2968 anti-Semites,
1214 2905 1238 2965 it
1259 2903 1323 2963 was
1344 2903 1420 2963 with
1446 2902 1457 2962 a
1478 2901 1611 2961 gesture

508 2953 543 3013 of
568 2950 761 3010 contempt,
790 2950 822 3010 as
862 2950 898 3010 he
931 2948 983 3008 did
1027 2947 1055 3007 in
1096 2947 1152 3007 the
1189 2944 1309 3004 second
1346 2942 1378 3002 of
1407 2943 1458 3003 his
1499 2942 1607 3002 works

505 2995 528 3055 in
557 2992 658 3052 which
688 2992 724 3052 he
749 2991 841 3051 dealt
858 2989 935 3049 with
964 2989 1020 3049 the
1049 2986 1167 3046 Jewish
1200 2983 1379 3043 question,
1395 2984 1444 3044 his
1465 2983 1618 3043 remark¬

506 3036 578 3096 able
607 3034 716 3094 drama
741 3033 752 3093 “
773 3031 947 3091 Professor
967 3030 1181 3090 Bernhardi.”
1235 3025 1343 3085 Apart
1364 3025 1433 3085 from
1474 3025 1522 3085 the
1546 3024 1611 3084 two

504 3076 611 3136 works
646 3074 864 3134 mentioned,
891 3073 944 3133 the
979 3071 1097 3131 article
1132 3070 1335 3130 concludes,
1354 3067 1450 3127 there
1485 3065 1538 3125 are
1577 3066 1614 3126 no

515 3117 631 3177 visible
664 3117 760 3177 signs
793 3115 820 3175 in
853 3115 905 3175 his
938 3114 1066 3174 writing
1103 3112 1208 3172 which
1244 3110 1312 3170 may
1349 3109 1381 3169 be
1414 3108 1482 3168 said
1515 3106 1542 3166 to
1575 3106 1611 3166 be

508 3158 832 3218 characteristically
856 3156 998 3216 Jewish.
1039 3153 1087 3213 He
1120 3153 1185 3213 was
1205 3151 1318 3211 rather
1335 3148 1424 3208 more
1449 3147 1610 3207 typically

518 3201 701 3261 Viennese,
745 3198 869 3258 having
924 3195 1150 3255 reproduced,
1178 3193 1213 3253 as
1252 3192 1396 3252 perhaps
1436 3190 1474 3250 no
1514 3189 1615 3249 other

516 3240 640 3300 worker
669 3240 725 3300 had
766 3240 871 3300 done,
900 3237 1070 3297 Viennese
1106 3237 1183 3297 life,
1207 3232 1361 3292 thought
1389 3233 1450 3293 and
1491 3231 1623 3291 habits.

508 3283 707 3343 Schnitzler
727 3279 825 3339 wrote
852 3279 981 3339 mainly
1013 3279 1118 3339 about
1142 3276 1216 3336 love
1248 3276 1306 3336 and
1338 3273 1459 3333 death,
1482 3273 1615 3333 neither

505 3325 538 3385 of
572 3323 676 3383 which
710 3321 769 3381 can
803 3321 840 3381 be
870 3321 941 3381 said
979 3320 1008 3380 to
1046 3318 1084 3378 be
1118 3318 1307 3378 peculiarly
1341 3315 1487 3375 Jewish.
1538 3315 1613 3375 Any

516 3365 644 3425 writing
695 3365 773 3425 that
815 3362 844 3422 is
890 3361 1052 3421 typically
1094 3359 1214 3419 Jewish
1261 3357 1289 3417 is
1336 3356 1472 3416 usually
1523 3356 1614 3416 more

512 3406 693 3466 concerned
722 3404 794 3464 with
823 3404 964 3464 morals,
977 3402 1086 3462 ethics
1111 3401 1171 3461 and
1204 3400 1312 3460 social
1325 3398 1466 3458 justice.
1507 3396 1612 3456 There

505 3451 544 3511 is,
573 3449 608 3509 of
636 3446 774 3506 course,
802 3446 813 3506 a
853 3446 991 3506 specific
1031 3441 1102 3501 love
1138 3440 1248 3500 which
1292 3440 1367 3500 may
1407 3438 1442 3498 be
1478 3437 1620 3497 charac¬

516 3490 636 3550 terised
673 3488 709 3548 as
742 3486 882 3546 Jewish,
912 3485 972 3545 but
1004 3485 1032 3545 it
1065 3483 1129 3543 was
1162 3482 1328 3542 certainly
1360 3482 1420 3542 not
1445 3479 1497 3539 the
1538 3479 1614 3539 kind

515 3529 661 3589 depicted
703 3527 740 3587 by
779 3526 992 3586 Schnitzler.
1030 3524 1097 3584 His
1131 3523 1336 3583 description
1378 3522 1411 3582 of
1441 3518 1516 3578 love
1554 3520 1621 3580 was

519 3571 712 3631 essentially
745 3568 777 3628 of
801 3569 857 3629 the
882 3567 1047 3627 Viennese
1085 3565 1234 3625 quality,
1254 3562 1359 3622 partly
1392 3562 1524 3622 serious
1553 3562 1613 3622 and

522 3614 625 3674 partly
659 3613 809 3673 playful,
835 3610 921 3670 more
955 3608 1080 3668 human
1114 3607 1259 3667 perhaps
1293 3604 1368 3664 than
1406 3604 1535 3664 Godly,
1556 3604 1618 3664 and

519 3655 606 3715 more
627 3655 735 3715 sinful
756 3653 831 3713 than
860 3652 956 3712 holy,
969 3650 1085 3710 giving
1119 3649 1131 3709 a
1164 3649 1239 3709 true
1261 3647 1385 3707 picture
1415 3646 1452 3706 of
1473 3646 1526 3706 the
1552 3644 1626 3704 pre¬

523 3697 583 3757 war
608 3697 735 3757 Vienna
760 3696 821 3756 and
846 3694 891 3754 its
916 3694 1050 3754 people.

1461 288 1594 348 box
1674 291 1855 351 44/2

1952 968 2674 1028 OBSERVER

2040 1034 2061 1094 I.
2080 1039 2199 1099 österr.
2209 1043 2359 1103 behördl.
2373 1046 2666 1106 konzessioniertes

1988 1080 2223 1140 Unternehmen
2255 1082 2303 1142 für
2326 1088 2713 1148 Zeitungs-Ausschnitte

2050 1137 2191 1197 WIEN,
2220 1142 2266 1202 I.,
2294 1147 2573 1207 WOLLZEILE
2621 1150 2667 1210 11

2140 1192 2357 1252 TELEPHON
2389 1196 2563 1256 R-23-0-43

2313 1275 2355 1335 ER
2381 1258 2695 1318 VOLRZETUE

1881 1313 2016 1373 Extrait
2036 1315 2073 1375 du
2103 1318 2267 1378 Jourhat:

1866 1410 2009 1470 Adresse
2032 1413 2043 1473 :

1868 1509 1954 1569 Date
1973 1510 1990 1570 :

2223 1594 2273 1654 18
2314 1581 2558 1641 NUVEET

1949 1736 2004 1796 ck.
2023 1737 2096 1797 Wie
2121 1741 2232 1801 schwer
2257 1741 2287 1801 es
2319 1744 2498 1804 Arthur
2529 1750 2800 1810 Schnitzler.

1881 1786 1975 1846 dessen
2013 1789 2133 1849 äußere
2159 1792 2456 1852 Lebensumstände
2488 1795 2595 1855 bisher
2628 1798 2759 1858 immer,
2766 1800 2791 1860 so

1888 1837 2009 1897 günstig
2038 1840 2221 1900 geschildert
2238 1841 2387 1901 wurden,
2404 1843 2426 1903 in
2454 1844 2554 1904 seinen
2577 1846 2787 1906 dichterischen

1887 1887 2058 1947 Anfängen
2093 1888 2196 1948 hatte,
2216 1891 2313 1951 davon
2348 1894 2470 1954 erzählt
2496 1894 2583 1954 Felix
2608 1897 2725 1957 Salten
2760 1897 2784 1957 in

1884 1936 2095 1996 persönlichen
2122 1939 2399 1999 Erinnerungen,
2415 1942 2460 2002 die
2486 1944 2561 2004 „Die
2588 1944 2794 2004 Literarische

1859 2047 1948 2107 schaft
1974 2045 2080 2105 hatte.
2101 2044 2166 2104 Der
2192 2043 2252 2103 alte
2278 2042 2449 2102 Schnitzler
2480 2038 2585 2098 wollte
2611 2037 2667 2097 von
2697 2036 2747 2096 dem

1861 2097 2067 2157 dichterischen
2099 2093 2223 2153 Talent
2244 2091 2346 2151 seines
2373 2088 2502 2148 Sohnes
2534 2088 2632 2148 nichts
2658 2085 2761 2145 wissen

1861 2144 1917 2204 und
1948 2144 1994 2204 sah
2021 2144 2051 2204 es
2082 2144 2232 2204 geradezu
2264 2140 2309 2200 als
2341 2138 2407 2198 eine
2434 2137 2604 2197 „schlimme
2630 2135 2769 2195 Verfeh¬

1864 2194 1956 2254 lung“
1988 2192 2044 2252 an.
2066 2192 2163 2252 Eines
2195 2191 2298 2251 Tages
2329 2186 2406 2246 hielt
2428 2186 2458 2246 er
2485 2186 2598 2246 Salten
2630 2184 2691 2244 an,
2707 2182 2764 2242 von

1864 2241 1913 2301 dem
1949 2240 1979 2300 er
2004 2240 2125 2300 wußte,
2146 2240 2196 2300 daß
2222 2240 2251 2300 er
2277 2238 2337 2298 mit
2358 2237 2408 2297 dem
2449 2237 2554 2297 Sohne
2580 2234 2771 2294 befreundet

1861 2288 1946 2348 war,
1966 2290 2027 2350 und
2053 2289 2224 2349 wetterte:
2245 2288 2330 2348 „Ihr
2356 2287 2437 2347 wißt
2457 2288 2482 2348 ja
2508 2286 2563 2346 gar
2589 2285 2684 2345 nicht,
2705 2282 2770 2342 was

1864 2337 1915 2397 für
1941 2335 2008 2395 eine
2034 2335 2153 2395 Sünde
2179 2335 2246 2395 Ihr
2277 2335 2406 2395 begeht,
2427 2334 2515 2394 wenn
2552 2333 2618 2393 Ihr
2645 2330 2773 2390 Arthur

1862 2388 1887 2448 in
1919 2388 2016 2448 seinen
2048 2386 2286 2446 Schreibereien
2318 2385 2467 2445 bestärkt.
2484 2383 2530 2443 Er
2551 2380 2607 2440 hat
2629 2379 2685 2439 alle
2711 2377 2778 2437 Ga¬

1864 2437 1915 2497 ben
1946 2436 2002 2496 für
2029 2434 2116 2494 einen
2152 2435 2306 2495 tüchtigen
2344 2434 2425 2494 Arzt
2452 2434 2513 2494 und
2545 2431 2595 2491 zum
2637 2430 2765 2490 Dichten

1864 2490 1921 2550 gar
1949 2484 2070 2544 keine!“
2097 2484 2166 2544 Der
2193 2485 2293 2545 Vater
2320 2485 2426 2545 berief
2453 2484 2494 2544 sich
2527 2479 2622 2539 dabei
2643 2480 2701 2540 auf
2723 2479 2770 2539 ein

1866 2535 1976 2595 Urteil
1992 2535 2042 2595 des
2068 2533 2184 2593 großen
2210 2534 2452 2594 Schauspielers
2479 2530 2716 2590 Sonnenthal,
2726 2527 2781 2587 der

1866 2585 1913 2645 ihm
1961 2584 1987 2644 in
2019 2583 2109 2643 einem
2152 2583 2268 2643 Briefe
2295 2582 2491 2642 geschrieben
2523 2580 2629 2640 hatte,
2651 2577 2777 2637 Arthur

1866 2634 1906 2694 sei
1928 2636 2030 2696 „ganz
2057 2633 2258 2693 talentlos“.
2280 2632 2351 2692 Für
2373 2631 2424 2691 die
2451 2629 2641 2689 allgemeine
2673 2628 2781 2688 Stim¬

1866 2685 1981 2745 mung,
1998 2683 2024 2743 in
2057 2682 2109 2742 der
2136 2684 2183 2744 der
2210 2682 2305 2742 junge
2332 2682 2506 2742 Schnitzler
2528 2681 2575 2741 sich
2602 2680 2655 2740 zum
2692 2676 2781 2736 Dich¬

1866 2732 1911 2792 ter
1943 2732 2138 2792 durchrang,
2159 2730 2200 2790 ist
2221 2729 2251 2789 es
2283 2730 2354 2790 auch
2386 2729 2607 2789 bezeichnend,
2628 2727 2684 2787 daß
2715 2726 2782 2786 Jo¬

1866 2782 1992 2842 hannes
2023 2782 2169 2842 Brahms
2200 2779 2316 2839 Salten
2352 2780 2494 2840 einmal,
2515 2777 2565 2837 als
2591 2777 2626 2837 er
2647 2774 2788 2834 Schnitz¬

1873 2831 1927 2891 lers
1958 2832 2078 2892 Namen
2115 2831 2285 2891 erwähnen
2316 2829 2422 2889 hörte,
2443 2828 2518 2888 über
2543 2828 2594 2888 den
2625 2828 2705 2888 Tisch
2735 2824 2785 2884 zu¬

1869 2882 1966 2942 rief:„
2013 2882 2090 2942 Ach,
2126 2879 2188 2939 das
2235 2879 2275 2939 ist
2317 2879 2389 2939 auch
2436 2878 2466 2938 so
2508 2876 2559 2936 ein
2611 2876 2781 2936 moderner

1870 2929 2169 2989 Schweinehund!“
2216 2928 2391 2988 Schnitzler
2439 2927 2500 2987 hat
2542 2924 2640 2984 unter
2682 2924 2785 2984 dieser

1869 2980 2074 3040 Verachtung
2101 2978 2206 3038 seiner
2228 2977 2444 3037 literarischen
2476 2974 2645 3034 Tätigkeit
2667 2972 2692 3032 in
2725 2971 2777 3031 den

1874 3028 1964 3088 ersten
2000 3028 2125 3088 Jahren
2161 3025 2272 3085 schwer
2303 3025 2464 3085 gelitten,
2485 3022 2656 3082 besonders
2692 3022 2787 3082 unter

1872 3076 1923 3136 der
1949 3077 2154 3137 Einstellung
2186 3076 2288 3136 seines
2314 3076 2459 3136 Vaters,
2480 3073 2531 3133 den
2567 3073 2597 3133 er
2624 3072 2690 3132 sehr
2717 3073 2788 3133 ver¬

1870 3126 1954 3186 ehrte
1992 3126 2050 3186 und
2088 3126 2183 3186 dessen
2221 3125 2433 3185 Widerstand
2471 3124 2502 3184 er
2535 3124 2619 3184 nicht
2652 3122 2795 3182 begriff.

1875 3180 1959 3240 „Ihm
2002 3176 2065 3236 war
2092 3174 2118 3234 es
2145 3175 2213 3235 eine
2240 3174 2489 3234 fortwährende
2511 3171 2642 3231 Qual“,
2659 3171 2791 3231 schreibt

1874 3228 2010 3288 Salten,
2033 3225 2106 3285 „daß
2133 3225 2164 3285 er
2192 3224 2239 3284 als
2266 3224 2419 3284 Assistent
2441 3224 2541 3284 seines
2568 3222 2690 3282 Vaters
2717 3222 2790 3282 täg¬

1872 3277 1926 3337 lich
1959 3276 1985 3336 in
2018 3276 2071 3336 der
2099 3274 2261 3334 klinischen
2299 3273 2488 3333 Ambulanz
2516 3273 2645 3333 Dienste
2678 3270 2780 3330 leisten

1877 3326 1998 3386 mußte.
2020 3323 2220 3383 Gleichwohl
2241 3323 2331 3383 hatte
2353 3323 2410 3383 sein
2443 3322 2548 3382 Vater
2569 3322 2664 3382 recht,
2680 3321 2732 3381 als
2754 3321 2785 3381 er

1879 3374 1923 3434 ihm
1964 3375 2024 3435 alle
2045 3374 2155 3434 Gaben
2181 3373 2271 3433 eines
2296 3372 2386 3432 guten
2417 3374 2527 3434 Arztes
2553 3373 2709 3433 zusprach.
2729 3371 2789 3431 Ar¬

1878 3424 1952 3484 thur
1975 3425 2153 3485 Schnitzler
2175 3422 2260 3482 besaß
2293 3422 2385 3482 einen
2413 3422 2596 3482 seherischen
2629 3419 2715 3479 Blick
2737 3419 2785 3479 als

1875 3476 2107 3536 Diagnostiker
2129 3473 2187 3533 und
2214 3472 2457 3532 ausgeprägten
2489 3471 2722 3531 Forschersinn.
2738 3469 2785 3529 An

1879 3523 1930 3583 der
1956 3523 2075 3583 Klinik
2101 3522 2167 3582 war
2195 3520 2230 3580 ich
2262 3520 2344 3580 viele
2370 3520 2468 3580 Male
2494 3522 2618 3582 Zeuge,
2639 3519 2696 3579 wie
2727 3517 2794 3577 ver¬

1880 3572 2028 3632 blüffend
2051 3571 2100 3631 ihm
2140 3571 2338 3631 hypnotische
2361 3571 2516 3631 Versuche
2539 3568 2715 3628 gelangen.
2733 3565 2787 3625 Die

1875 3622 2133 3682 entscheidenden
2166 3622 2318 3682 Erfolge,
2341 3621 2388 3681 die
2415 3620 2446 3680 er
2473 3622 2525 3682 als
2552 3619 2673 3679 Dichter
2700 3617 2795 3677 fand,

1879 3673 1938 3733 hat
1961 3673 2020 3733 sein
2053 3673 2156 3733 Vater
2184 3670 2270 3730 nicht
2292 3673 2384 3733 mehr
2406 3670 2541 3730 erlebt.“
