3392 4320
125 294 181 354 2

262 300 858 360 Schuitzler's
929 292 1166 352 Deatl

682 918 869 978 VER

156 947 509 1007 DOBSE

254 1006 276 1066 I.
290 998 409 1058 österr.
419 989 570 1049 behördl.
580 977 883 1037 konzessioniertes

206 1042 438 1102 Unternehmen
466 1031 517 1091 für
545 1015 925 1075 Zeitungs-Ausschnitte

263 1101 410 1161 WIEN,
431 1097 484 1157 I.,
512 1083 787 1143 WOLLZEILE
835 1070 875 1130 11

365 1145 579 1205 TELEPHON
616 1129 788 1189 R-23-0-43

167 1300 392 1360 Ausschnitt
420 1289 510 1349 aus:

356 1394 532 1454 Kärntner
564 1378 809 1438 Volherauns
848 1379 986 1439 Villach

470 1487 536 1547 28
576 1488 720 1548 OKT.
740 1488 807 1548 13

191 1530 301 1590 vom:

261 1661 422 1721 Arthur
455 1658 674 1718 Schnitzler
708 1656 942 1716 gestorben.

232 2713 286 2773 Am
343 2713 537 2773 Samstag,
576 2712 637 2772 dem
687 2707 743 2767 24.
771 2705 921 2765 Oktober
961 2703 1060 2763 1931,

192 2763 230 2823 um
281 2766 364 2826 ½12
398 2762 470 2822 Uhr
505 2759 649 2819 mittags
694 2756 778 2816 fand
812 2754 844 2814 in
890 2754 1050 2814 schlichter

191 2814 299 2874 Weise
332 2811 380 2871 die
408 2809 636 2869 Leichenfeier
663 2805 717 2865 für
750 2802 885 2862 Arthur
913 2801 1054 2861 Schnitz¬

198 2862 238 2922 ler
275 2860 368 2920 statt.
394 2859 435 2919 Im
487 2858 595 2918 Laufe
627 2854 683 2914 des
715 2852 941 2912 Vormittags
973 2849 1055 2909 fan¬

197 2910 251 2970 den
284 2908 338 2968 sich
371 2908 397 2968 im
441 2907 555 2967 Hause
583 2904 783 2964 Schnitzlers
811 2900 903 2960 Karl
931 2898 1060 2958 Schön¬

203 2960 290 3020 herr,
330 2958 445 3018 Franz
484 2955 639 3015 Werfel,
678 2951 822 3011 Richard
861 2948 1060 3008 Beer=Hof¬

195 3009 290 3069 mann
337 3006 402 3066 und
443 3006 570 3066 andere
606 3002 768 3062 Freunde
805 2999 865 3059 der
901 2999 1053 3059 Familie

198 3057 272 3117 ein.
318 3055 474 3115 Mittags
510 3053 625 3113 wurde
661 3050 716 3110 der
747 3049 842 3109 Sarg
888 3047 952 3107 auf
993 3046 1048 3106 den

204 3106 478 3166 Leichenfourgon
516 3103 663 3163 gestellt,
685 3098 875 3158 geschmückt
907 3094 970 3154 mit
986 3094 1039 3154 dem

202 3155 335 3215 Kranze
367 3153 424 3213 des
460 3151 734 3211 Burgtheaters.
760 3148 806 3208 Es
843 3145 967 3205 folgten
1009 3142 1060 3202 die

203 3205 408 3265 Mitglieder
440 3202 498 3262 der
530 3200 682 3260 Familie
714 3196 777 3256 und
815 3196 867 3256 die
899 3193 1056 3253 Freunde

203 3252 254 3312 des
291 3252 466 3312 Dichters.
514 3247 586 3307 Der
623 3247 783 3307 Kondukt
815 3244 965 3304 bewegte
1007 3241 1058 3301 sich

204 3303 294 3363 durch
331 3299 380 3359 die
417 3297 756 3357 Sternwartestraße
793 3293 848 3353 zum
904 3291 1066 3351 Zentral¬

212 3351 368 3411 friedhof,
389 3348 438 3408 wo
469 3346 525 3406 der
551 3345 641 3405 Sarg
672 3345 702 3405 in
733 3345 793 3405 der
819 3339 1066 3399 Zeremonien¬

204 3399 288 3459 halle
324 3396 538 3456 aufgebahrt
573 3393 708 3453 wurde.
734 3392 818 3452 Nach
859 3389 918 3449 den
959 3387 1072 3447 Trau¬

209 3447 450 3507 erzeremonien
490 3441 633 3501 erfolgte
663 3440 751 3500 dann
791 3437 840 3497 die
870 3435 1062 3495 Beisetzung

209 3494 238 3554 in
279 3495 334 3555 dem
385 3492 445 3552 von
491 3491 546 3551 der
577 3488 835 3548 Israelitischen
881 3483 1072 3543 Kultusge¬

212 3545 342 3605 meinde
373 3541 589 3601 gewidmeten
630 3537 851 3597 Ehrengrab.
873 3533 917 3593 In
953 3532 1058 3592 seinen

212 3593 492 3653 Bestimmungen
546 3589 709 3649 bezüglich
768 3586 879 3646 seiner
927 3581 1074 3641 Beerdi¬

213 3645 299 3705 gung
343 3644 412 3704 hieß
451 3641 515 3701 es:
553 3638 752 3698 „Herzstich,
791 3634 882 3694 keine
920 3629 1076 3689 Kränze,

217 3691 304 3751 keine
340 3690 469 3750 Parte,
496 3687 567 3747 auch
609 3684 639 3744 in
682 3683 753 3743 eine
790 3682 934 3742 Zeitung
976 3676 1078 3736 nicht.

213 3739 413 3799 Begräbnis
451 3736 562 3796 letzter
599 3734 732 3794 Klasse.
780 3730 891 3790 Keine
939 3727 1081 3787 Reden,

222 3789 447 3849 Vermeidung
508 3784 595 3844 alles
655 3781 812 3841 rituellen
861 3777 1082 3837 Beiwerkes,

219 3838 456 3898 insbesondere
517 3832 572 3892 der
633 3828 937 3888 Leichenwächter,
983 3826 1073 3886 keine

219 3888 349 3948 Trauer
375 3885 491 3945 tragen
532 3882 602 3942 nach
638 3879 763 3939 meinem
809 3878 915 3938 Tode,
940 3873 1076 3933 absolut

224 3939 329 3999 keine.
357 3933 496 3993 Arthur
530 3928 741 3988 Schnitzler.“

1395 282 1520 342 box
1601 282 1829 342 43/25

1212 2694 1919 2754 OBSERVER

1298 2774 1316 2834 I.
1330 2766 1450 2826 österr.
1463 2753 1616 2813 behördl.
1623 2735 1927 2795 konzessioniertes

1256 2809 1486 2869 Unternehmen
1517 2794 1570 2854 für
1588 2773 1978 2833 Zeitungs-Ausschnitte

1310 2868 1453 2928 WIEN,
1483 2861 1532 2921 I.,
1562 2844 1843 2904 WOLLZEILE
1894 2827 1936 2887 11

1418 2908 1625 2968 TELEPHON
1662 2890 1832 2950 R-23-0-43

1225 3067 1437 3127 Ausschnitt
1467 3051 1552 3111 aus:

1629 3174 1696 3234 26
1755 3156 1880 3216 OKT.
1904 3138 2006 3198 1931

1387 3337 1671 3397 Kondolenzen
1725 3336 1791 3396 zum
1852 3333 1964 3393 Tode
2002 3330 2129 3390 Artur

1640 3399 1894 3459 Schnitzlers.

1411 3461 1448 3521 An
1491 3461 1539 3521 die
1572 3464 1774 3524 Angehörigen
1817 3462 1908 3522 Artur
1940 3458 2116 3518 Schnitzlers
2159 3456 2196 3516 ist

1330 3515 1394 3575 eine
1446 3513 1536 3573 große
1572 3512 1692 3572 Anzahl
1729 3510 1778 3570 von
1825 3509 2187 3569 Beileidskundgebungen

1329 3560 1383 3620 von
1427 3560 1598 3620 Behörden,
1633 3560 1887 3620 Körperschaften,
1917 3560 2074 3620 Freunden
2128 3556 2186 3616 und

1325 3610 1489 3670 Verehrern
1542 3611 1732 3671 eingelangt.
1792 3610 1855 3670 Der
1903 3608 2194 3668 Unterrichts¬

1327 3662 1517 3722 minister
1548 3661 1613 3721 Dr.
1634 3659 1830 3719 Czermak
1866 3656 1915 3716 hat
1951 3656 1986 3716 an
2022 3657 2072 3717 den
2102 3653 2187 3713 Sohn

1331 3709 1501 3769 Schnitzlers
1538 3707 1688 3767 folgendes
1719 3706 1911 3766 geschrieben:
1942 3705 2113 3765 „Anläßlich
2145 3702 2191 3762 des

1333 3760 1357 3820 so
1402 3757 1618 3817 unerwarteten
1678 3754 1737 3814 und
1782 3754 1939 3814 plötzlichen
1989 3751 2191 3811 Hinscheidens

1333 3808 1423 3868 Ihres
1449 3805 1544 3865 Herrn
1570 3805 1681 3865 Vaters
1712 3803 1777 3863 bitte
1803 3802 1837 3862 ich
1863 3802 1933 3862 Sie,
1954 3802 1999 3862 der
2025 3802 2196 3862 aufrichtig¬

1337 3856 1386 3916 sten
1426 3853 1637 3913 Anteilnahme
1687 3852 1746 3912 und
1791 3852 1845 3912 des
1890 3849 2067 3909 herzlichsten
2107 3847 2199 3907 Bei¬

1333 3904 1467 3964 leides
1499 3902 1566 3962 der
1593 3902 1946 3962 österreichischen
1983 3897 2201 3957 Kunstver¬

1330 3954 1520 4014 waltung
1573 3954 1727 4014 versichert
1775 3953 1800 4013 zu
1852 3951 1929 4011 sein.
1986 3946 2053 4006 Mit
2100 3945 2192 4005 Artur

2194 808 2352 868 Schnitzler
2392 805 2443 865 hat
2477 804 2703 864 Österreich
2744 803 2862 863 einen
2908 801 3049 861 seiner

2197 855 2512 915 bedeutendsten
2570 852 2647 912 und
2705 849 3057 909 repräsentativ¬

2198 907 2263 967 sten
2292 904 2474 964 Dichter,
2486 900 2762 960 Dramatiker
2785 899 2856 959 und
2884 897 3055 957 Schrift¬

2192 954 2335 1014 steller
2357 951 2580 1011 verloren,
2602 949 2649 1009 der
2676 948 2702 1008 es
2729 948 2755 1008 in
2788 945 3037 1005 hervorragendem

2199 1001 2286 1061 Maße
2320 1001 2488 1061 verstanden
2521 998 2587 1058 hat,
2614 998 2663 1058 die
2690 997 2865 1057 geistige
2898 995 3061 1055 Kultur

2200 1050 2373 1110 unserer
2420 1046 2610 1106 Heimat,
2663 1045 2744 1105 wie
2790 1044 2848 1104 sie
2889 1043 2963 1103 sich
3010 1040 3050 1100 in

2198 1100 2339 1160 seiner
2399 1095 2717 1155 künstlerischen
2789 1091 3053 1151 Auffassung

2203 1148 2327 1208 spiegelt,
2351 1145 2390 1205 in
2419 1144 2735 1204 meisterhafter
2764 1139 2894 1199 Weise
2923 1139 2950 1199 zu
2985 1136 3058 1196 schil¬

2201 1195 2262 1255 dern
2296 1195 2349 1255 und
2378 1193 2425 1253 den
2460 1190 2627 1250 Gebildeten
2661 1189 2733 1249 aller
2757 1187 2905 1247 Nationen
2940 1187 2968 1247 zu
2997 1183 3064 1243 ver¬

2202 1243 2330 1303 mitteln.
2357 1242 2455 1302 Dieser
2487 1239 2662 1299 bedeutende
2694 1237 2828 1297 Künstler
2859 1235 2915 1295 und
2942 1234 3060 1294 Mensch

2204 1291 2272 1351 wird
2296 1292 2388 1352 gewiß
2411 1291 2457 1351 für
2481 1291 2533 1351 alle
2556 1287 2677 1347 Zeiten,
2695 1286 2734 1346 die
2764 1285 2810 1345 sich
2834 1285 2879 1345 die
2903 1282 3052 1342 Schätzung

2204 1339 2369 1399 kultureller
2400 1339 2499 1399 Werte
2540 1337 2570 1397 zu
2611 1334 2761 1394 bewahren
2802 1332 2916 1392 wissen,
2947 1331 3062 1391 unver¬

2206 1392 2284 1452 gessen
2319 1387 2448 1447 bleiben.
2471 1387 2538 1447 Mit
2562 1386 2612 1446 dem
2652 1382 2815 1442 Ausdrucke
2844 1381 3058 1441 vorzüglichster

2209 1437 2416 1497 Hochachtung,
2433 1435 2480 1495 D.
2501 1436 2544 1496 E.
2560 1431 2725 1491 Czermak."

2239 1485 2474 1545 Bürgermeister
2499 1482 2545 1542 der
2569 1482 2663 1542 Stadt
2687 1480 2786 1540 Wien,
2805 1479 2928 1539 Seitz,
2946 1476 3063 1536 schrieb:

2238 1535 2315 1595 „Die
2343 1534 2475 1594 Stadt
2503 1530 2613 1590 Wien
2653 1527 2768 1587 nimmt
2802 1527 2856 1587 teil
2885 1527 2917 1587 an
2946 1526 3044 1586 Ihrem

2203 1584 2255 1644 und
2288 1582 2383 1642 Ihrer
2416 1581 2548 1641 Famille
2576 1578 2714 1638 Schmerz
2747 1577 2799 1637 und
2837 1575 2900 1635 auch
2933 1574 2970 1634 ich
3002 1571 3065 1631 per¬

2215 1634 2302 1694 önlich
2331 1628 2474 1688 empfinde
2503 1628 2558 1688 tief
2581 1627 2635 1687 mit
2659 1625 2780 1685 Ihnen.
2820 1623 2858 1683 An
2892 1620 2935 1680 der
2964 1620 3063 1680 Bahre

2206 1683 2293 1743 Ihres
2327 1678 2465 1738 Bruders
2499 1675 2620 1735 trauert
2660 1673 2725 1733 aber
2759 1672 2864 1732 nicht
2892 1671 2969 1731 nur
2997 1670 3063 1730 die

2206 1730 2365 1790 Heimat
2394 1728 2439 1788 des
2468 1727 2571 1787 großen
2606 1722 2754 1782 Menschen
2795 1723 2846 1783 und
2880 1721 2925 1781 des
2955 1720 3057 1780 großen

2203 1778 2354 1838 Dichters,
2387 1777 2506 1837 sondern
2544 1774 2647 1834 ganz
2674 1771 2955 1831 Deutschland
2989 1766 3064 1826 und

2200 1827 2263 1887 die
2292 1823 2564 1883 Menschheit,
2606 1822 2651 1882 die
2675 1819 2703 1879 er
2733 1816 2877 1876 beschenkt
2901 1816 2964 1876 hat.
3005 1813 3068 1873 Die

2203 1873 2284 1933 Welt
2311 1872 2349 1932 ist
2371 1871 2408 1931 um
2458 1872 2533 1932 einen
2566 1866 2745 1926 strahlenden
2783 1866 2864 1926 Geist
2887 1864 2989 1924 ärmer
3022 1862 3070 1922 ge¬

2207 1924 2337 1984 worden,
2360 1923 2404 1983 der
2428 1921 2478 1981 ins
2501 1920 2579 1980 Land
2603 1918 2653 1978 der
2676 1912 2907 1972 Unsterblichke)t
2930 1911 3071 1971 einzieht.

2204 1973 2268 2033 Wir
2302 1971 2496 2031 Zeitgenossen
2545 1966 2659 2026 werden
2703 1964 2767 2024 aber
2811 1962 2886 2022 nicht
2930 1962 2984 2022 nur
3017 1959 3065 2019 des

2205 2020 2338 2080 Dichters
2367 2018 2424 2078 mit
2449 2017 2628 2077 Verehrung
2657 2013 2715 2073 und
2739 2011 2941 2071 Dankbarkeit
2966 2008 3069 2068 geden¬

2206 2070 2269 2130 ken,
2298 2070 2420 2130 sondern
2461 2065 2529 2125 auch
2570 2064 2616 2124 des
2652 2062 2726 2122 edlen
2762 2061 2819 2121 und
2848 2058 3062 2118 hochgesinnten

2212 2116 2373 2176 Menschen,
2397 2116 2449 2176 der
2478 2115 2564 2175 unter
2594 2113 2645 2173 uns
2681 2109 2779 2169 gelebt
2802 2109 2865 2169 hat.
2907 2106 2975 2166 Mit
2999 2103 3045 2163 dem

2212 2166 2371 2226 Ausdrucke
2405 2163 2620 2223 vorzüglichster
2648 2157 2862 2217 Hochachtung,
2896 2153 2989 2213 Seitz.

2246 2218 2305 2278 Der
2379 2214 2609 2274 Präsident
2688 2207 2760 2267 des
2839 2205 3063 2265 Deutschen

2213 2262 2503 2322 Reichstages,
2534 2259 2686 2319 Zoebe,
2717 2255 2850 2315 schreibt:
2899 2255 2966 2315 „Zu
3009 2249 3057 2309 dem

2211 2314 2337 2374 schweren
2379 2310 2529 2370 Verluste,
2553 2308 2604 2368 den
2640 2306 2697 2366 Sie
2726 2302 2807 2362 durch
2837 2302 2888 2362 den
2924 2300 2981 2360 Tod
3022 2296 3068 2356 des

2204 2363 2253 2423 von
2304 2361 2365 2421 uns
2416 2360 2494 2420 allen
2550 2353 2767 2413 hochverehrten
2824 2351 2918 2411 Herrn
2970 2345 3069 2405 Artur

2211 2410 2367 2470 Schnitzler
2396 2406 2506 2466 erlitten
2541 2405 2645 2465 haben,
2669 2402 2784 2462 erlaube
2808 2399 2848 2459 ich
2872 2399 2946 2459 mir,
2964 2396 3062 2456 Ihnen

2211 2461 2302 2521 meine
2330 2457 2486 2517 herzlichste
2514 2452 2718 2512 Anteilnahme
2746 2446 2988 2506 auszusprechen.
3010 2443 3053 2503 Im

2210 2510 2364 2570 ganzen
2398 2505 2607 2565 deutschen
2647 2499 2773 2559 Volke
2813 2496 2884 2556 wird
2918 2494 2972 2554 das
3006 2490 3067 2550 An¬

2210 2557 2307 2617 denken
2343 2556 2388 2616 des
2418 2553 2550 2613 Mannes
2579 2549 2602 2609 in
2631 2548 2717 2608 hohen
2746 2544 2838 2604 Ehren
2868 2543 2999 2603 bleiben,
3023 2541 3069 2601 der

2210 2605 2254 2665 ihm
2312 2605 2340 2665 so
2391 2605 2510 2665 innige,
2550 2598 2794 2658 unvergängliche
2834 2593 2930 2653 Werke
2977 2590 3072 2650 seiner

2211 2653 2306 2713 Kunst
2337 2650 2474 2710 geschenkt
2499 2649 2565 2709 hat.
2583 2649 2625 2709 Im
2674 2643 2817 2703 herzlichen
2854 2640 2985 2700 Beileid,
3004 2640 3070 2700 Ihr

2213 2703 2368 2763 ergebener
2400 2698 2514 2758 Loebe."

2247 2751 2311 2811 Der
2371 2746 2669 2806 Generalintendant
2721 2740 2772 2800 der
2831 2735 3064 2795 österreichischen

2217 2797 2467 2857 Bundestheater,
2495 2792 2825 2852 Schneiderhan,
2853 2787 2929 2847 wies
2967 2785 3076 2845 darauf

2212 2851 2276 2911 hin,
2304 2849 2358 2909 wie
2391 2846 2455 2906 sehr
2494 2846 2543 2906 das
2576 2841 2684 2901 Wirken
2717 2839 2765 2899 des
2799 2835 2983 2895 Verewigten
3016 2831 3075 2891 mit

2214 2898 2257 2958 der
2286 2894 2440 2954 Geschichte
2480 2894 2530 2954 der
2564 2887 2797 2947 österreichischen
2837 2882 3074 2942 Bundestheater

2215 2945 2376 3005 verbunden
2409 2942 2468 3002 war
2496 2940 2549 3000 und
2577 2938 2684 2998 bleiben
2712 2936 2798 2996 wird,
2820 2934 2868 2994 und
2901 2932 3014 2992 schließt
3037 2929 3068 2989 an

2212 2995 2255 3055 den
2293 2993 2445 3053 Ausdruck
2473 2990 2565 3050 seines
2598 2987 2745 3047 Beileides
2783 2981 2826 3041 die
2854 2981 3082 3041 Versicherung,

2213 3045 2264 3105 daß
2315 3044 2365 3104 den
2417 3039 2649 3099 österreichischen
2689 3031 3067 3091 Bundestheatern

2213 3092 2272 3152 die
2303 3091 2453 3151 Pflege
2484 3088 2550 3148 der
2575 3084 2719 3144 Werke
2744 3082 2876 3142 Artur
2906 3079 3075 3139 Schniy¬

2211 3142 2302 3202 lers
2352 3139 2419 3199 stets
2476 3136 2536 3196 eine
2586 3133 2758 3193 ehrenvolle
2802 3130 2962 3190 Pflicht
3018 3127 3066 3187 sein

2214 3190 2326 3250 werde.

2264 3237 2365 3297 Ferner
2390 3232 2577 3292 kondolierten
2609 3232 2703 3292 unter
2720 3229 2844 3289 anderen
2876 3227 2922 3287 die
2939 3225 3071 3285 Preußi¬

2215 3287 2263 3347 sche
2291 3285 2448 3345 Akademie
2481 3281 2524 3341 der
2557 3278 2682 3338 Künste,
2710 3277 2752 3337 der
2786 3276 2894 3336 Rektor
2922 3276 2970 3336 der
3003 3273 3078 3333 Aka¬

2214 3335 2303 3395 demie
2330 3332 2383 3392 der
2416 3330 2564 3390 bildenden
2596 3327 2707 3387 Künste
2740 3326 2760 3386 in
2798 3325 2904 3385 Wien,
2925 3321 3079 3381 Professor

2224 3383 2419 3443 Holzmeister,
2441 3379 2489 3439 der
2517 3375 2749 3435 Schutzverband
2783 3372 2923 3432 deutscher
2951 3370 3080 3430 Schrift¬

2220 3432 2304 3492 steller
2353 3428 2379 3488 in
2427 3426 2602 3486 Österreich,
2640 3424 2687 3484 die
2731 3422 2969 3482 Genossenschaft
3012 3420 3081 3480 dra¬

2219 3477 2363 3537 matischer
2400 3475 2606 3535 Schriftsteller
2648 3472 2704 3532 und
2746 3470 2978 3530 Komponisten,
3020 3467 3071 3527 das

2220 3527 2352 3587 Deutsche
2395 3524 2622 3584 Volkstheater,
2675 3521 2728 3581 das
2776 3518 2903 3578 Theater
2951 3518 2977 3578 in
3031 3515 3077 3575 der

2225 3577 2390 3637 Josefstadt,
2429 3574 2473 3634 die
2518 3573 2600 3633 Lese-
2640 3570 2694 3630 und
2728 3566 2888 3626 Redehalle
2933 3565 3076 3625 deutscher

2219 3626 2381 3686 Studenten
2412 3623 2436 3683 in
2473 3623 2553 3683 Prag
2585 3623 2640 3683 und
2671 3620 2742 3680 viele
2768 3617 2900 3677 hundert
2926 3615 3047 3675 andere.
