3392 4320
168 246 281 306 12.
340 245 836 305 Schnitzler
894 249 932 309 s
1000 236 1238 296 Death

367 699 1164 759 OOBSERVER

530 754 556 814 I.
569 751 690 811 österr.
700 753 852 813 behördl.
865 749 1165 809 konzessioniertes

488 794 721 854 Unternehmen
748 791 796 851 für
818 789 1206 849 Zeitungs-Ausschnitte

542 847 685 907 WIEN,
712 855 758 915 I.,
785 850 1073 910 WOLLZEILE
1120 847 1165 907 11

632 903 848 963 TELEPHON
885 903 1065 963 R-23-0-43

439 1049 661 1109 Ausschnitt
689 1046 778 1106 aus:

714 1142 1020 1202 ACE

450 1273 549 1333 vom:
597 1279 871 1339 Aenaaui19
900 1299 917 1359 3
964 1305 1091 1365 OKT.
1112 1307 1211 1367 1937

508 1473 756 1533 Theater
809 1476 924 1536 und
975 1476 1207 1536 Kunst.

489 1569 552 1629 Jum
599 1565 737 1625 Ableben
772 1569 876 1629 Artur
905 1569 1119 1629 Schnitzlers.
1142 1571 1205 1631 Die
1235 1568 1286 1628 ge¬

416 1612 516 1672 samte
544 1612 788 1672 reichsdeutsche
815 1610 1076 1670 Oeffentlichkeit
1098 1613 1220 1673 nimmt
1247 1612 1283 1672 an

411 1655 462 1715 dem
510 1657 713 1717 Hinscheiden
750 1658 855 1718 Artur
881 1658 1075 1718 Schnitzlers
1107 1660 1278 1720 wärmsten

418 1700 544 1760 Anteil.
582 1703 761 1763 Sämtliche
793 1700 919 1760 Blätter
951 1703 1088 1763 bringen
1125 1703 1283 1763 ausführ¬

416 1745 490 1805 liche
527 1746 713 1806 Nachrufe,
746 1745 771 1805 in
820 1748 915 1808 denen
963 1748 1027 1808 sein
1070 1748 1281 1808 dichterisches

414 1790 563 1850 Schaffen
595 1791 657 1851 und
689 1791 735 1851 die
756 1790 974 1850 menschlichen
1011 1793 1197 1853 Qualitäten
1228 1791 1280 1851 des

419 1834 652 1894 Verstorbenen
689 1836 880 1896 gewürdigt
907 1837 1056 1897 werden.
1089 1837 1130 1897 Im
1182 1833 1285 1893 „Ber¬

416 1876 500 1936 liner
533 1879 729 1939 Tageblatt“
772 1881 899 1941 nimmt
937 1879 1053 1939 Alfred
1096 1879 1175 1939 Kerr
1224 1878 1276 1938 von

416 1921 590 1981 Schnitzler
617 1921 785 1981 Abschied,
807 1923 865 1983 von
897 1923 949 1983 dem
997 1923 1028 1983 er
1055 1924 1139 1984 sagt,
1161 1924 1213 1984 daß
1251 1922 1282 1982 er

414 1966 463 2026 als
494 1968 620 2028 Dichter
651 1966 746 2026 gleich
782 1967 853 2027 nach
883 1966 1034 2026 Gerhart
1061 1969 1277 2029 Hauptmann

408 2008 543 2068 kommt.
569 2010 631 2070 Die
658 2011 865 2071 Funkstunde
897 2012 1131 2072 veranstaltete
1153 2014 1272 2074 gestern

413 2055 533 2115 abends
584 2053 654 2113 eine
701 2053 912 2113 Totenfeier,
953 2055 1009 2115 bei
1050 2054 1104 2114 der
1156 2056 1281 2116 Walter

414 2097 470 2157 von
502 2097 600 2157 Molo
626 2097 673 2157 die
699 2100 942 2160 Gedenkworte
969 2100 1092 2160 sprach.
1124 2102 1207 2162 Auch
1238 2101 1284 2161 die

413 2142 584 2202 Londoner
610 2139 725 2199 Presse
751 2144 891 2204 widmet
918 2144 969 2204 dem
1017 2143 1147 2203 Dichter
1184 2144 1282 2204 lange

413 2187 593 2247 Nachrufe.
625 2185 697 2245 Vor
728 2187 805 2247 allem
863 2186 950 2246 seine
982 2188 1271 2248 Vorkriegswerke

408 2228 453 2288 die
494 2231 518 2291 in
570 2228 721 2288 England
768 2231 848 2291 weit
884 2231 1066 2291 verbreitet
1107 2234 1167 2294 und
1209 2234 1279 2294 sehr

410 2273 635 2333 volkstümlich
665 2276 797 2336 waren,
817 2276 944 2336 werden
979 2276 1003 2336 in
1038 2276 1091 2336 den
1126 2276 1272 2336 Blättern

404 2318 606 2378 ausführlich
633 2320 830 2380 behandelt.
863 2318 872 2378 —
935 2322 982 2382 In
1024 2321 1128 2381 seinem
1170 2321 1273 2381 letzten

413 2363 521 2423 Willen
565 2362 624 2422 hat
663 2364 771 2424 Artur
799 2363 977 2423 Schnitzler
1016 2364 1167 2424 folgende
1195 2363 1281 2423 Ver¬

404 2406 572 2466 fügungen
600 2408 786 2468 getroffen:
819 2411 1010 2471 „Herzstich,
1032 2411 1114 2471 keine
1142 2411 1289 2471 Kränze,

413 2449 497 2509 keine
524 2449 646 2509 Parte,
674 2452 742 2512 auch
775 2452 801 2512 in
839 2452 891 2512 der
923 2453 1067 2513 Zeitung
1099 2455 1200 2515 nicht,
1222 2453 1285 2513 Be¬

408 2495 543 2555 gräbnis
577 2494 680 2554 letzter
708 2497 833 2557 Klasse.
861 2495 931 2555 Das
965 2497 1057 2557 durch
1084 2498 1275 2558 Befolgung

406 2539 508 2599 dieser
558 2539 828 2599 Bestimmungen
888 2542 1056 2602 erübrigte
1105 2541 1191 2601 Geld
1241 2542 1283 2602 ist

409 2584 679 2644 Spitalszwecken
721 2585 966 2645 zuzuwenden.
1013 2587 1111 2647 Keine
1154 2587 1283 2647 Reden,

416 2629 632 2689 Vermeidung
674 2630 751 2690 allen
787 2629 931 2689 rituellen
968 2632 1158 2692 Beiwerks,
1190 2632 1272 2692 keine

413 2673 536 2733 Trauer
573 2676 686 2736 tragen
734 2676 806 2736 nach
843 2677 966 2737 meinem
1014 2679 1117 2739 Tode,
1148 2679 1282 2739 absolut

413 2718 520 2778 keine!

492 2944 1189 3004 OBSERVER

577 3019 602 3079 I.
619 3014 738 3074 österr.
749 3001 900 3061 behördl.
911 2987 1213 3047 konzessioniertes

535 3057 771 3117 Unternehmen
803 3045 847 3105 für
873 3028 1257 3088 Zeitungs-Ausschnitte

596 3113 738 3173 WIEN,
766 3109 813 3169 I.,
841 3093 1126 3153 WOLLZEILE
1174 3080 1214 3140 11

690 3157 912 3217 TELEPHON
948 3141 1124 3201 R-23-0-43

505 3313 727 3373 Ausschnitt
755 3304 842 3364 aus:

723 3423 785 3483 The
814 3405 984 3465 ficn-Yock

902 3513 959 3573 23
1009 3509 1133 3569 OKT.
1153 3504 1259 3564 1531

522 3545 627 3605 vom:

610 3629 1004 3689 SCHNITZLER’S
1057 3650 1187 3710 WILL

717 3683 853 3743 ASKS
905 3701 1098 3761 SIMPLE
1142 3715 1300 3775 RITES

605 3751 676 3811 (From
708 3757 758 3817 The
778 3763 857 3823 Heral
889 3771 932 3831 and
952 3776 1038 3836 Herald
1062 3785 1172 3845 Tribune
1192 3792 1286 3852 Bureau

635 3799 845 3859 VIENNA.
873 3819 1115 3879 Thursday.—In
1148 3834 1201 3894 his
1229 3837 1304 3897 will.

596 3831 706 3891 written
739 3838 766 3898 in
799 3845 891 3905 May,
910 3855 993 3915 1920,
1017 3863 1132 3923 Arthur
1160 3872 1307 3932 Schnitz¬

588 3868 643 3928 ler,
661 3874 765 3934 writer
787 3880 851 3940 who
878 3890 942 3950 died
968 3900 1150 3960 yesterday,
1168 3911 1288 3971 ordered

587 3907 659 3967 that
678 3913 732 3973 the
755 3920 873 3980 utmest
896 3934 1060 3994 simplicity
1088 3941 1119 4001 be
1147 3950 1287 4010 observed

583 3946 625 4006 at
643 3950 693 4010 his
712 3959 857 4019 funeral.
883 3966 925 4026 He
953 3975 1047 4035 asked
1065 3981 1098 4041 to
1125 3984 1150 4044 be
1177 3990 1279 4050 burled

583 3987 609 4047 in
646 3989 654 4049 a
692 3997 781 4057 ch-ap
819 4009 989 4069 pine-wood
1017 4024 1134 4084 coffin,
1153 4032 1287 4092 without

585 4027 720 4087 wreathe
745 4037 775 4097 or
801 4045 961 4105 speeches.

1459 229 1581 289 box
1659 228 1897 288 41/26

1646 718 2349 778 OBSERVER

1729 792 1751 852 I.
1765 786 1885 846 österr.
1895 780 2047 840 behördl.
2061 767 2360 827 konzessioniertes

1687 828 1919 888 Unternehmen
1950 820 1999 880 für
2026 808 2410 868 Zeitungs-Ausschnitte

1742 886 1887 946 WIEN,
1914 885 1961 945 I.,
1988 874 2274 934 WOLLZEILE
2321 863 2360 923 11

1841 934 2055 994 TELEPHON
2092 922 2264 982 R-23-0-43

1648 1084 1868 1144 Ausschnitt
1891 1073 1958 1133 aus

1871 1117 2023 1177 Beruner
2038 1084 2316 1144 bonsentetang,
2331 1057 2414 1117 vet

1982 1177 2461 1237 ABENDAUSGABE

1990 1289 2054 1349 23
2109 1277 2238 1337 OKT.
2258 1267 2358 1327 1721

1664 1312 1775 1372 vom:

1789 1436 2027 1496 Schnitzlers
2060 1434 2311 1494 literarischer
2345 1432 2543 1492 Nachlaß.

1725 1487 1766 1547 Im
1808 1485 1986 1545 Nachlaß
2035 1485 2147 1545 Arthur
2178 1482 2355 1542 Schnitzlers
2403 1482 2539 1542 befindet
2565 1481 2611 1541 sich
2642 1477 2688 1537 ein

1654 1523 1922 1583 Schauspiel,
1946 1524 2061 1584 betitelt
2090 1524 2190 1584 „Zug
2220 1521 2286 1581 der
2320 1520 2555 1580 Schatten".
2579 1518 2622 1578 Ob
2651 1518 2684 1578 es

1646 1561 1725 1621 ganz
1752 1563 1903 1623 vollendet
1925 1563 1974 1623 ist,
1992 1562 2062 1622 steht
2085 1560 2249 1620 allerdings
2280 1558 2355 1618 nicht
2377 1557 2444 1617 fest.
2466 1557 2608 1617 Daneben
2639 1555 2692 1615 hat

1653 1602 1811 1662 Schnitzler
1842 1600 1867 1660 in
1902 1600 1949 1660 der
1980 1599 2073 1659 letzten
2108 1599 2177 1659 Zeit
2203 1598 2263 1658 auch
2297 1596 2327 1656 an
2366 1596 2447 1656 einem
2491 1596 2606 1656 Roman
2641 1593 2692 1653 ge¬

1650 1637 1791 1697 arbeitet,
1808 1639 1857 1699 der
1883 1638 2049 1698 vermutlich
2078 1635 2144 1695 aber
2170 1635 2227 1695 nur
2253 1635 2273 1695 in
2303 1634 2502 1694 Fragmenten
2531 1633 2677 1693 vorliegen

1652 1676 1759 1736 dürfte.
1802 1676 1956 1736 Hingegen
1994 1676 2078 1736 birgt
2102 1675 2153 1735 des
2181 1673 2317 1733 Dichters
2350 1673 2476 1733 Nachlaß
2528 1672 2686 1732 zahlreiche

1654 1715 1926 1775 Aufzeichnungen,
1950 1714 1995 1774 die
2027 1713 2072 1773 sich
2104 1714 2131 1774 zu
2173 1713 2250 1773 einer
2282 1712 2537 1772 Autobiographie
2569 1711 2682 1771 werden

1649 1754 1911 1814 zusammenfügen
1951 1752 2082 1812 können.

1723 1793 1881 1853 Schnitzler
1911 1791 1963 1851 hat
1988 1791 2064 1851 schon
2098 1790 2151 1850 vor
2180 1790 2295 1850 Jahren
2329 1787 2391 1847 Dr.
2416 1790 2516 1850 Franz
2541 1787 2689 1847 Horch,

1646 1828 1693 1888 den
1732 1831 1960 1891 Dramaturgen
1999 1827 2051 1887 der
2081 1827 2223 1887 Verliner
2258 1826 2443 1886 Reinhardt=
2465 1825 2590 1885 üühnen,
2638 1823 2689 1883 der

1652 1866 1750 1926 früher
1783 1869 1806 1929 in
1840 1868 1961 1928 gleicher
1994 1865 2181 1925 Eigenschaft
2205 1866 2233 1926 im
2276 1866 2402 1926 Theater
2454 1863 2477 1923 in
2510 1864 2557 1924 der
2590 1861 2692 1921 Josef¬

1657 1906 1724 1966 stadt
1748 1907 1819 1967 tätig
1849 1906 1930 1966 war,
1954 1908 1982 1968 zu
2017 1906 2112 1966 seinem
2151 1906 2452 1966 literarischen
2486 1903 2692 1963 Nachlaß¬

1648 1948 1887 2008 verwalter
1915 1946 2140 2006 bestimmt.

1726 2039 1785 2099 Wie
1817 2040 1862 2100 der
1890 2040 1971 2100 Sohn
2008 2039 2058 2099 des
2090 2040 2290 2100 verstorbenen
2322 2039 2445 2099 Wiener
2472 2037 2681 2097 Dramatikers

1654 2081 1761 2141 Arthur
1794 2079 1954 2139 Schnitzler
1987 2079 2128 2139 mitteilt,
2152 2078 2203 2138 hat
2231 2078 2259 2138 er
2293 2077 2315 2137 im
2363 2076 2536 2136 Nachlaß
2593 2076 2686 2136 seines

1657 2118 1756 2178 Vaters
1825 2118 2034 2178 folgende
2080 2115 2394 2175 Verfügungen
2467 2113 2694 2173 vorgefunden:

1655 2157 1936 2217 „Bestimmungen,
1955 2157 1994 2217 die
2021 2156 2055 2216 ich
2082 2156 2157 2216 gleich
2188 2154 2249 2214 nach
2276 2155 2390 2215 meinem
2431 2154 2554 2214 Ableben
2585 2153 2615 2213 zu
2647 2150 2690 2210 er¬

1652 2194 1738 2254 füllen
1794 2197 1889 2257 bitte:
1931 2196 2095 2256 Herzstich.
2132 2193 2228 2253 Keine
2279 2193 2411 2253 Kränze.
2453 2192 2549 2252 Keine
2599 2190 2695 2250 Parte

1658 2234 1963 2294 (schwarzumrahmte
2016 2233 2370 2293 Trauerkundgebung),
2428 2230 2494 2290 auch
2552 2226 2578 2286 in
2640 2225 2688 2285 der

1654 2273 1780 2333 Zeitung
1812 2273 1897 2333 nicht.
1939 2270 2115 2330 Begräbnis
2147 2270 2242 2330 letzter
2274 2269 2382 2329 Klasse.
2423 2270 2491 2330 Das
2518 2267 2599 2327 durch
2636 2266 2690 2326 Be¬

1654 2312 1769 2372 folgung
1803 2313 1893 2373 dieser
1923 2311 2139 2371 Verfügungen
2173 2309 2321 2369 erübrigte
2370 2306 2446 2366 Geld
2490 2306 2528 2366 ist
2571 2306 2696 2366 Spital¬

1655 2351 1769 2411 zwecken
1804 2351 2024 2411 zuzuwenden.
2073 2348 2161 2408 Keine
2197 2348 2311 2408 Reden.
2351 2345 2553 2405 Vermeidung
2606 2343 2685 2403 allen

1655 2390 1791 2450 rituellen
1824 2390 1992 2450 Beiwerks.
2030 2388 2125 2448 Keine
2146 2387 2268 2447 Tcauer
2295 2387 2395 2447 tragen
2448 2387 2511 2447 nach
2559 2387 2675 2447 meinem

1654 2428 1734 2488 Tode
1763 2428 1772 2488 —
1825 2428 1953 2488 absolut
1981 2428 2076 2488 keine.

1787 2578 2016 2638 Ausschnitt
2040 2575 2131 2635 aus:

1792 2802 1913 2862 vom:

2006 2906 2019 2966 9
2053 2899 2081 2959 3
2130 2877 2253 2937 OKT.
2270 2859 2345 2919 199

1824 3359 1931 3419 Der
1968 3361 2202 3421 Nachlaß
2248 3357 2563 3417 Schnitzlers

2302 3426 2401 3486 Wien,
2426 3429 2471 3489 22.
2488 3427 2626 3487 Oktober.

1813 3488 1924 3548 Arthur
1954 3488 2116 3548 Schnitzler
2157 3487 2207 3547 hat
2243 3485 2293 3545 vor
2330 3485 2441 3545 Jahren
2476 3485 2536 3545 Dr.
2563 3487 2663 3547 Franz

1752 3539 1857 3599 Horch,
1882 3539 1929 3599 den
1968 3537 2188 3597 Dramaturgen
2223 3536 2275 3596 der
2304 3534 2448 3594 Berliner
2482 3533 2664 3593 Reinhardt¬

1756 3587 1894 3647 Bühnen,
1915 3587 1958 3647 der
1989 3587 2092 3647 vorher
2122 3584 2146 3644 in
2181 3585 2225 3645 der
2256 3584 2373 3644 gleichen
2409 3584 2591 3644 Eigenschaft
2616 3583 2650 3643 am

1749 3635 1877 3695 Theater
1912 3635 1936 3695 in
1975 3635 2024 3695 der
2059 3633 2245 3693 Josephstadt
2275 3634 2348 3694 tätig
2384 3633 2462 3693 war,
2487 3635 2516 3695 zu
2556 3633 2643 3693 seinem

1751 3682 2042 3742 Nachlaßverwalter
2072 3682 2234 3742 bestimmt.
2274 3679 2333 3739 Dr.
2353 3680 2441 3740 Horch
2471 3679 2550 3739 trifft
2580 3679 2663 3739 heute

1751 3733 1810 3793 hier
1840 3732 1899 3792 ein,
1924 3732 1958 3792 um
2004 3733 2043 3793 sich
2073 3730 2167 3790 sofort
2192 3730 2222 3790 an
2257 3727 2301 3787 die
2326 3727 2470 3787 Sichtung
2500 3729 2544 3789 des
2574 3730 2667 3790 Nach¬

1760 3781 1840 3841 lasses
1870 3781 1895 3841 zu
1926 3782 2057 3842 machen.
2093 3779 2132 3839 In
2168 3779 2254 3839 diesem
2300 3778 2425 3838 befindet
2451 3778 2496 3838 sich
2527 3778 2587 3838 auch
2617 3778 2657 3838 ein

1760 3829 1930 3889 Schauspiel
1962 3829 2055 3889 „Zug
2087 3829 2154 3889 der
2185 3829 2413 3889 Schatten".
2455 3826 2501 3886 Ob
2533 3829 2558 3889 es
2590 3829 2667 3889 ganz

1754 3878 1897 3938 vollendet
1927 3878 1976 3938 ist,
2002 3878 2070 3938 steht
2100 3876 2263 3936 allerdings
2298 3876 2357 3936 noch
2392 3875 2471 3935 nicht
2496 3874 2560 3934 fest.
2605 3875 2663 3935 Da¬

1756 3927 1839 3987 neben
1874 3927 1927 3987 hat
1953 3924 2109 3984 Schnißler
2139 3924 2163 3984 in
2198 3926 2290 3986 letzter
2316 3926 2379 3986 Zeit
2404 3924 2472 3984 auch
2502 3924 2536 3984 an
2571 3924 2649 3984 einem

1759 3975 1867 4035 Roman
1892 3975 2068 4035 gearbeitet,
2089 3975 2132 4035 der
2158 3975 2324 4035 vermutlich
2349 3975 2417 4035 aber
2443 3975 2496 4035 nun
2516 3975 2540 4035 in
2570 3976 2663 4036 Frag¬

1758 4026 1867 4086 menten
1896 4026 2039 4086 vorliegen
2067 4026 2177 4086 dürfte.
