3344 4256
324 258 905 318 Schnitzlers
975 260 1197 320 Death

1431 261 1554 321 box
1632 264 1817 324 42/6

2125 139 2245 199 vom:

2356 237 2458 297 72.
2478 229 2609 289 0KT.
2628 229 2693 289 193

2156 685 2346 745 Artur
2396 688 2713 748 Schnitzler

2341 786 2695 846 gestorben.

2192 846 2288 906 Artur
2317 849 2476 909 Schnitzler
2510 848 2543 908 ist
2573 852 2679 912 gestern
2713 854 2751 914 um
2800 855 2847 915 37
2882 857 2939 917 Uhr

2156 887 2261 947 abends
2294 885 2464 945 gestorben.
2487 889 2556 949 Der
2584 890 2717 950 Dichter,
2745 891 2795 951 der
2823 893 2873 953 sich

2159 924 2215 984 sost
2244 924 2281 984 sie
2300 927 2450 987 zigjährig
2489 926 2497 986 —
2555 927 2644 987 bester
2677 928 2865 988 Gesundheit
2899 929 2945 989 er¬

2161 962 2268 1022 freute,
2297 962 2348 1022 hat
2377 962 2485 1022 gestern
2527 965 2664 1025 mittags,
2692 965 2767 1025 ohne
2801 968 2852 1028 daß
2890 970 2932 1030 sich

2156 998 2258 1058 vorher
2289 1000 2493 1060 irgendwelche
2525 1003 2671 1063 brohende
2702 1004 2853 1064 Anzeichen
2889 1005 2937 1065 ge=

2156 1037 2235 1097 zeigt
2282 1037 2399 1097 hätten,
2422 1040 2506 1100 einen
2558 1042 2693 1102 schweren
2731 1045 2941 1105 Schlaganfall

2157 1076 2293 1136 erlitten.
2321 1076 2430 1136 Sieben
2472 1078 2613 1138 Stunden
2650 1080 2718 1140 lang
2755 1082 2805 1142 lag
2842 1082 2933 1142 Artur

2159 1115 2313 1175 Schnihler
2343 1115 2367 1175 in
2396 1118 2516 1178 völliger
2546 1118 2817 1178 Bewußtlosigkeit.
2837 1122 2933 1182 Gegen

2168 1153 2222 1213 halb
2252 1153 2262 1213 7
2292 1153 2351 1213 Uhr
2376 1156 2484 1216 abends
2509 1156 2613 1216 erlöste
2638 1158 2682 1218 ihn
2713 1159 2762 1219 der
2787 1159 2860 1219 Tod.

2345 2192 2447 2252 Artur
2477 2192 2674 2252 Schuitzler.

2117 2240 2198 2300 (Eine
2222 2243 2395 2303 Aufnahme
2415 2243 2453 2303 an
2483 2243 2578 2303 seinem
2618 2243 2665 2303 60.
2680 2246 2896 2306 Geburtstag.)

2157 2320 2223 2380 Mit
2268 2323 2374 2383 Artur
2425 2326 2603 2386 Schnitzler
2649 2323 2693 2383 ist
2739 2325 2827 2385 einer
2878 2328 2933 2388 der

2064 2374 2200 2434 größten
2249 2372 2384 2432 Dichter
2428 2373 2564 2433 unserer
2608 2372 2700 2432 Zeit,
2739 2374 2831 2434 einer
2880 2374 2934 2434 der

2065 2422 2190 2482 felnsten
2229 2419 2294 2479 und
2327 2422 2463 2482 klügsten
2502 2422 2714 2482 Oestereicher
2747 2422 2807 2482 und
2840 2422 2927 2482 einer

2065 2467 2111 2527 der
2158 2470 2371 2530 werwollsten
2423 2471 2589 2531 Menschen
2642 2470 2932 2530 dahingegangen.

2064 2516 2172 2576 Hohes
2204 2517 2439 2577 Menschenlum
2497 2517 2559 2577 und
2602 2515 2669 2575 eine
2706 2517 2846 2577 ruhige,
2878 2517 2940 2577 fast

2064 2562 2154 2622 weise
2181 2564 2213 2624 zu
2256 2564 2426 2624 nennende
2464 2565 2724 2625 Abgeklärtheit,
2751 2565 2932 2625 kennzeich¬

2064 2612 2154 2672 neten
2197 2610 2288 2670 seine
2326 2612 2448 2672 Bücher
2491 2613 2555 2673 und
2588 2613 2844 2673 Theaterstücke,
2876 2613 2940 2673 mit

2064 2660 2154 2720 denen
2192 2661 2240 2721 sich
2267 2661 2443 2721 Schnitzler
2470 2661 2523 2721 zum
2567 2660 2716 2720 geistigen
2754 2661 2935 2721 Repräsen¬

2070 2705 2172 2765 tanten
2215 2706 2271 2766 der
2303 2706 2561 2766 österreichischen
2604 2708 2852 2768 Vorkriegszeit
2879 2706 2935 2766 ge¬

2064 2753 2162 2813 macht
2184 2754 2251 2814 hat.
2267 2753 2340 2813 Ans
2361 2755 2559 2815 Schnitzlers
2580 2753 2710 2813 Werken
2737 2753 2841 2813 sprach
2863 2753 2930 2813 eine

2069 2804 2137 2864 solch
2175 2804 2249 2864 tiefe
2287 2802 2451 2862 Keuntnis
2489 2802 2547 2862 der
2579 2802 2792 2862 menschlichen
2835 2801 2929 2861 Seele

2093 2843 2102 2903 -
2138 2849 2163 2909 in
2204 2850 2299 2910 erster
2330 2849 2425 2909 Linie
2461 2852 2511 2912 der
2542 2852 2764 2912 Frauenseele
2795 2846 2804 2906 —
2865 2851 2925 2911 und

2074 2896 2139 2956 eine
2172 2897 2203 2957 so
2243 2898 2491 2958 allumfassende
2530 2897 2638 2957 Güte,
2666 2899 2730 2959 daß
2769 2899 2817 2959 sich
2861 2898 2909 2958 dem

2070 2944 2211 3004 Liebreiz
2250 2944 2352 3004 seines
2396 2947 2549 3007 Wortes,
2582 2944 2641 3004 der
2680 2945 2788 3005 Musik
2826 2946 2929 3006 seiner

2070 2995 2210 3055 Sprache
2252 2993 2313 3053 und
2361 2994 2412 3054 der
2454 2995 2558 3055 Kraft
2595 2992 2698 3052 seines
2730 2993 2927 3053 Verstandes

2070 3040 2221 3100 niemand
2257 3040 2282 3100 zu
2323 3042 2484 3102 entzieben
2521 3040 2712 3100 vermochte.
2734 3040 2930 3100 Schnitzlers

2063 3089 2137 3149 erste
2167 3087 2320 3147 Romane
2356 3087 2420 3147 und
2455 3087 2613 3147 Novellen
2649 3088 2797 3148 erregten
2837 3087 2925 3147 durch

2064 3135 2134 3195 ihre
2167 3135 2248 3195 freie
2276 3138 2422 3198 Fassung
2461 3135 2520 3195 und
2558 3138 2644 3198 durch
2684 3135 2732 3195 die
2760 3136 2932 3196 Kühnheit

2063 3183 2148 3243 ihres
2179 3183 2377 3243 Entwurfes
2413 3186 2591 3246 gewaltige
2617 3183 2830 3243 Seusation;
2856 3183 2921 3243 man

2068 3231 2184 3291 fühlte,
2206 3231 2258 3291 daß
2291 3231 2354 3291 hier
2381 3234 2428 3294 ein
2455 3231 2630 3291 wirklicher
2652 3231 2779 3291 Dichter
2806 3231 2933 3291 unend¬

2063 3279 2116 3339 lich
2143 3278 2340 3338 Wertvolles
2368 3281 2394 3341 zu
2426 3281 2516 3341 sagen
2549 3278 2644 3338 habe.

2147 3329 2185 3389 Am
2229 3332 2281 3392 15.
2302 3332 2368 3392 Mal
2398 3331 2470 3391 1862
2499 3329 2547 3389 als
2581 3332 2663 3392 Sohn
2697 3329 2779 3389 eines
2809 3332 2928 3392 Wiener

2073 3371 2174 3431 Arzles
2198 3371 2342 3431 geboren,
2363 3371 2396 3431 ist
2416 3371 2579 3431 Schnitzler
2604 3371 2763 3431 gleichfalls
2788 3372 2864 3432 Arzl
2884 3370 2932 3430 ge¬

2071 3410 2202 3470 worden.
2221 3408 2260 3468 Er
2287 3409 2383 3469 wirkte
2410 3410 2441 3470 an
2472 3410 2520 3470 der
2543 3410 2701 3470 Poliklinik
2723 3410 2780 3470 und
2807 3410 2829 3470 im
2869 3409 2930 3469 All¬

2068 3448 2214 3508 gemeinen
2251 3448 2491 3508 Krankenhaus,
2514 3448 2558 3508 bis
2590 3448 2621 3508 er
2653 3448 2701 3508 sich
2733 3448 2808 3508 dann
2845 3451 2933 3511 gänz¬

2068 3487 2113 3547 lich
2141 3487 2191 3547 der
2215 3487 2462 3547 Schriftstellerei
2485 3487 2636 3547 widmete.
2659 3487 2718 3547 Aus
2751 3487 2796 3547 der
2820 3488 2924 3548 großen

2076 3527 2153 3587 Fülle
2185 3525 2422 3585 Schnitzlerscher
2460 3526 2559 3586 Werle
2592 3526 2665 3586 seien
2702 3526 2765 3586 hier
2798 3526 2857 3586 nur
2889 3526 2934 3586 die

2064 3565 2232 3625 wichtigsten
2271 3565 2531 3625 bervorgehoben,
2580 3565 2631 3625 von
2692 3565 2744 3625 den
2783 3565 2930 3625 Theater¬

2073 3604 2165 3664 stücken
2199 3604 2362 3664 „Anatol".
2386 3604 2563 3664 „Liebelci".
2587 3604 2666 3664 „Der
2690 3602 2778 3662 junge
2807 3604 2932 3664 Medar¬

2671 3642 2846 3702 „Komödie
2881 3642 2934 3702 der

2068 3643 2155 3703 dus",
2218 3642 2392 3702 „Professor
2422 3642 2629 3702 Lernhardi“,

2241 3681 2323 3741 „Der
2353 3683 2420 3743 Ruf
2450 3681 2503 3741 des
2533 3681 2688 3741 Lebene",
2742 3681 2843 3741 „Fink
2873 3683 2931 3743 und

2075 3681 2210 3741 Worte",

2076 3721 2291 3781 Fliederbusch"
2329 3723 2386 3783 und
2425 3721 2525 3781 „Der
2559 3721 2759 3781 Reigen",
2789 3720 2841 3780 der
2875 3720 2922 3780 als

2072 3761 2130 3821 eine
2157 3760 2246 3820 Serie
2273 3761 2326 3821 von
2358 3762 2612 3822 Zwiegesprächen
2639 3759 2822 3819 erschienen,
2840 3762 2933 3822 später

2066 3803 2090 3863 zu
2127 3799 2213 3859 einem
2262 3798 2462 3858 Thealerstück
2491 3799 2622 3859 geformt
2652 3797 2753 3857 wurde
2790 3797 2848 3857 und
2881 3795 2933 3855 da=

2066 3839 2137 3899 mals
2171 3836 2221 3896 als
2255 3836 2310 3896 das
2344 3836 2473 3896 Kühnste
2508 3836 2562 3896 und
2596 3834 2726 3894 Freieste
2761 3836 2836 3896 galt,
2861 3833 2924 3893 was

2073 3876 2136 3936 über
2164 3877 2213 3937 das
2237 3875 2368 3935 Problem
2410 3875 2455 3935 der
2483 3875 2564 3935 Liebe
2592 3875 2701 3935 jemals
2729 3875 2751 3935 in
2783 3872 2924 3932 deutscher

2072 3917 2198 3977 Sprache
2221 3915 2396 3975 geschrieben
2428 3914 2531 3974 wurde

2148 3957 2204 4017 Von
2234 3956 2286 4016 den
2321 3956 2476 4016 Romanen
2515 3955 2571 4015 und
2602 3951 2735 4011 Nobellen
2771 3950 2843 4010 seien
2883 3950 2929 4010 vor

2073 3999 2140 4059 allem
2184 3995 2357 4055 „Leutnank
2382 3997 2502 4057 Gustl",
2532 3996 2608 4056 „Der
2638 3993 2705 4053 Weg
2735 3992 2782 4052 ins
2812 3992 2932 4052 Freie“.

2086 4039 2235 4099 „Fräulein
2271 4036 2357 4096 Else"
2404 4036 2490 4096 sowie
2549 4036 2641 4096 „Frau
2676 4033 2768 4093 Deale
2798 4033 2855 4093 und
2884 4032 2930 4092 ihr
