<?xml version="1.0" encoding="UTF-8" standalone="yes"?>
<PcGts xmlns="http://schema.primaresearch.org/PAGE/gts/pagecontent/2013-07-15" xmlns:xsi="http://www.w3.org/2001/XMLSchema-instance" xsi:schemaLocation="http://schema.primaresearch.org/PAGE/gts/pagecontent/2013-07-15 http://schema.primaresearch.org/PAGE/gts/pagecontent/2013-07-15/pagecontent.xsd">
    <Metadata>
        <Creator>prov=READ-COOP:name=PyLaia@TranskribusPlatform:version=2.12.1:model_id=39995:lm=none:date=09_04_2024_22:51</Creator>
        <Created>2019-10-07T20:40:01.933+02:00</Created>
        <LastChange>2024-04-09T22:51:57.086+02:00</LastChange>
        <TranskribusMetadata docId="224459" pageId="9583473" pageNr="622" tsid="157630951" status="IN_PROGRESS" userId="64420" imgUrl="https://files.transkribus.eu/Get?id=YZBNJDGGEZHGXXKWNCUBVNIQ&amp;fileType=view" xmlUrl="https://files.transkribus.eu/Get?id=YKKOMZUYWCFDLBVRIYZNSYJW" imageId="6209373"/>
    </Metadata>
    <Page imageFilename="224459_0622.jpeg" imageWidth="3392" imageHeight="4320">
        <ReadingOrder>
            <OrderedGroup id="ro_1712938200973" caption="Regions reading order">
                <RegionRefIndexed index="0" regionRef="tr_1"/>
            </OrderedGroup>
        </ReadingOrder>
        <TextRegion orientation="0.0" id="tr_1" custom="readingOrder {index:0;}">
            <Coords points="143,293 143,4235 2782,4235 2782,293"/>
            <TextLine id="tr_1_tl_1" custom="readingOrder {index:0;}">
                <Coords points="1430,351 1501,332 1563,355 1582,337 1663,331 1901,355 1904,254 1761,251 1695,278 1569,275 1538,291 1433,261"/>
                <Baseline points="1439,325 1465,325 1491,325 1517,325 1543,325 1569,324 1595,322 1621,322 1647,322 1673,322 1699,322 1725,322 1751,322 1777,322 1803,320 1829,318 1855,316 1881,316 1907,316"/>
                <Word id="tr_1_tl_1_w1" custom="readingOrder {index:0;}">
                    <Coords points="1435,285 1435,345 1560,345 1560,285"/>
                    <TextEquiv>
                        <Unicode>box</Unicode>
                    </TextEquiv>
                </Word>
                <Word id="tr_1_tl_1_w2" custom="readingOrder {index:1;}">
                    <Coords points="1639,282 1639,342 1873,342 1873,282"/>
                    <TextEquiv>
                        <Unicode>43/26</Unicode>
                    </TextEquiv>
                </Word>
                <TextEquiv>
                    <Unicode>box 43/26</Unicode>
                </TextEquiv>
            </TextLine>
            <TextLine id="tr_1_tl_2" custom="readingOrder {index:1;}">
                <Coords points="135,354 1250,361 1230,267 1034,260 940,301 440,274 284,320 135,275"/>
                <Baseline points="143,334 198,337 254,338 309,338 365,334 420,334 476,335 531,339 587,340 642,340 698,342 753,342 809,346 864,340 920,338 975,338 1031,334 1086,331 1142,333 1197,337 1253,343"/>
                <Word id="tr_1_tl_2_w1" custom="readingOrder {index:0;}">
                    <Coords points="134,296 134,356 255,356 255,296"/>
                    <TextEquiv>
                        <Unicode>12.</Unicode>
                    </TextEquiv>
                </Word>
                <Word id="tr_1_tl_2_w2" custom="readingOrder {index:1;}">
                    <Coords points="313,300 313,360 908,360 908,300"/>
                    <TextEquiv>
                        <Unicode>Schnitzler's</Unicode>
                    </TextEquiv>
                </Word>
                <Word id="tr_1_tl_2_w3" custom="readingOrder {index:2;}">
                    <Coords points="975,291 975,351 1210,351 1210,291"/>
                    <TextEquiv>
                        <Unicode>Death</Unicode>
                    </TextEquiv>
                </Word>
                <TextEquiv>
                    <Unicode>12. Schnitzler's Death</Unicode>
                </TextEquiv>
            </TextLine>
            <TextLine id="tr_1_tl_3" custom="readingOrder {index:2;}">
                <Coords points="703,568 1129,564 1156,558 1157,517 956,493 920,511 853,494 821,507 704,496"/>
                <Baseline points="710,561 736,559 762,558 789,558 815,558 841,558 868,556 894,555 920,555 947,555 973,555 999,555 1026,555 1052,553 1078,552 1105,552 1131,552 1158,552"/>
                <Word id="tr_1_tl_3_w1" custom="readingOrder {index:0;}">
                    <Coords points="713,518 713,578 925,578 925,518"/>
                    <TextEquiv>
                        <Unicode>TELEPHON</Unicode>
                    </TextEquiv>
                </Word>
                <Word id="tr_1_tl_3_w2" custom="readingOrder {index:1;}">
                    <Coords points="960,513 960,573 1124,573 1124,513"/>
                    <TextEquiv>
                        <Unicode>R-23-0-43</Unicode>
                    </TextEquiv>
                </Word>
                <TextEquiv>
                    <Unicode>TELEPHON R-23-0-43</Unicode>
                </TextEquiv>
            </TextLine>
            <TextLine id="tr_1_tl_4" custom="readingOrder {index:3;}">
                <Coords points="669,726 1314,727 1314,628 1250,623 1200,640 1172,618 970,608 889,673 781,653 669,682"/>
                <Baseline points="677,719 710,715 744,714 777,716 811,714 845,713 878,713 912,713 946,713 979,713 1013,714 1046,716 1080,716 1114,713 1147,711 1181,716 1215,716 1248,716 1282,716 1316,716"/>
                <Word id="tr_1_tl_4_w1" custom="readingOrder {index:0;}">
                    <Coords points="686,675 686,735 836,735 836,675"/>
                    <TextEquiv>
                        <Unicode>Neue</Unicode>
                    </TextEquiv>
                </Word>
                <Word id="tr_1_tl_4_w2" custom="readingOrder {index:1;}">
                    <Coords points="879,673 879,733 1031,733 1031,673"/>
                    <TextEquiv>
                        <Unicode>Free</Unicode>
                    </TextEquiv>
                </Word>
                <Word id="tr_1_tl_4_w3" custom="readingOrder {index:2;}">
                    <Coords points="1074,675 1074,735 1279,735 1279,675"/>
                    <TextEquiv>
                        <Unicode>Pree</Unicode>
                    </TextEquiv>
                </Word>
                <TextEquiv>
                    <Unicode>Neue Free Pree</Unicode>
                </TextEquiv>
            </TextLine>
            <TextLine id="tr_1_tl_5" custom="readingOrder {index:4;}">
                <Coords points="2437,723 2553,734 2610,723 2627,730 2638,721 2651,730 2680,726 2680,682 2647,669 2614,683 2606,676 2572,682 2546,666 2511,663 2489,679 2461,663 2437,677"/>
                <Baseline points="2445,719 2471,719 2497,719 2524,719 2550,719 2577,719 2603,719 2630,719 2656,718 2683,716"/>
                <Word id="tr_1_tl_5_w1" custom="readingOrder {index:0;}">
                    <Coords points="2444,679 2444,739 2515,739 2515,679"/>
                    <TextEquiv>
                        <Unicode>Nr.</Unicode>
                    </TextEquiv>
                </Word>
                <Word id="tr_1_tl_5_w2" custom="readingOrder {index:1;}">
                    <Coords points="2533,679 2533,739 2658,739 2658,679"/>
                    <TextEquiv>
                        <Unicode>24104</Unicode>
                    </TextEquiv>
                </Word>
                <TextEquiv>
                    <Unicode>Nr. 24104</Unicode>
                </TextEquiv>
            </TextLine>
            <TextLine id="tr_1_tl_6" custom="readingOrder {index:5;}">
                <Coords points="1757,733 2127,733 2127,666 2093,657 1974,689 1916,665 1826,687 1785,660 1757,669"/>
                <Baseline points="1764,719 1790,719 1816,719 1842,719 1868,719 1895,719 1921,719 1947,719 1973,719 1999,719 2026,719 2052,719 2078,719 2104,719 2131,719"/>
                <Word id="tr_1_tl_6_w1" custom="readingOrder {index:0;}">
                    <Coords points="1758,679 1758,739 1828,739 1828,679"/>
                    <TextEquiv>
                        <Unicode>22.</Unicode>
                    </TextEquiv>
                </Word>
                <Word id="tr_1_tl_6_w2" custom="readingOrder {index:1;}">
                    <Coords points="1846,679 1846,739 1994,739 1994,679"/>
                    <TextEquiv>
                        <Unicode>Oktober</Unicode>
                    </TextEquiv>
                </Word>
                <Word id="tr_1_tl_6_w3" custom="readingOrder {index:2;}">
                    <Coords points="2024,679 2024,739 2112,739 2112,679"/>
                    <TextEquiv>
                        <Unicode>1931</Unicode>
                    </TextEquiv>
                </Word>
                <TextEquiv>
                    <Unicode>22. Oktober 1931</Unicode>
                </TextEquiv>
            </TextLine>
            <TextLine id="tr_1_tl_7" custom="readingOrder {index:6;}">
                <Coords points="804,929 1027,893 1132,926 1740,910 1740,818 1461,821 1386,865 1193,818 804,848"/>
                <Baseline points="812,892 858,891 905,890 951,892 998,893 1044,895 1091,894 1137,892 1184,892 1230,892 1277,892 1324,894 1370,895 1417,895 1463,895 1510,893 1556,892 1603,892 1649,892 1696,889 1743,889"/>
                <Word id="tr_1_tl_7_w1" custom="readingOrder {index:0;}">
                    <Coords points="805,850 805,910 958,910 958,850"/>
                    <TextEquiv>
                        <Unicode>Der</Unicode>
                    </TextEquiv>
                </Word>
                <Word id="tr_1_tl_7_w2" custom="readingOrder {index:1;}">
                    <Coords points="1056,852 1056,912 1246,912 1246,852"/>
                    <TextEquiv>
                        <Unicode>Coo</Unicode>
                    </TextEquiv>
                </Word>
                <Word id="tr_1_tl_7_w3" custom="readingOrder {index:2;}">
                    <Coords points="1342,852 1342,912 1699,912 1699,852"/>
                    <TextEquiv>
                        <Unicode>Arthur</Unicode>
                    </TextEquiv>
                </Word>
                <TextEquiv>
                    <Unicode>Der Coo Arthur</Unicode>
                </TextEquiv>
            </TextLine>
            <TextLine id="tr_1_tl_8" custom="readingOrder {index:7;}">
                <Coords points="1799,936 1910,916 1971,943 2072,905 2163,946 2252,920 2435,919 2435,853 2377,824 2183,841 1927,818 1801,862"/>
                <Baseline points="1809,913 1840,899 1872,893 1903,895 1935,895 1966,894 1998,892 2029,895 2061,893 2092,893 2124,895 2155,895 2187,895 2218,895 2250,893 2281,892 2313,892 2344,892 2376,894 2407,895 2439,895"/>
                <Word id="tr_1_tl_8_w1" custom="readingOrder {index:0;}">
                    <Coords points="1813,854 1813,914 2417,914 2417,854"/>
                    <TextEquiv>
                        <Unicode>Ichnitzters.</Unicode>
                    </TextEquiv>
                </Word>
                <TextEquiv>
                    <Unicode>Ichnitzters.</Unicode>
                </TextEquiv>
            </TextLine>
            <TextLine id="tr_1_tl_9" custom="readingOrder {index:8;}">
                <Coords points="1169,1030 2062,1025 2062,956 1977,940 1502,957 1353,926 1296,964 1169,939"/>
                <Baseline points="1176,1009 1220,1003 1264,1003 1309,1000 1353,1000 1398,1000 1442,1000 1487,1000 1531,997 1576,997 1620,1000 1664,997 1709,1000 1753,1000 1798,1000 1842,1000 1887,1003 1931,1003 1976,1006 2020,1009 2065,1009"/>
                <Word id="tr_1_tl_9_w1" custom="readingOrder {index:0;}">
                    <Coords points="1176,963 1176,1023 1271,1023 1271,963"/>
                    <TextEquiv>
                        <Unicode>Die</Unicode>
                    </TextEquiv>
                </Word>
                <Word id="tr_1_tl_9_w2" custom="readingOrder {index:1;}">
                    <Coords points="1325,958 1325,1018 2043,1018 2043,958"/>
                    <TextEquiv>
                        <Unicode>Testamentseröffnung.</Unicode>
                    </TextEquiv>
                </Word>
                <TextEquiv>
                    <Unicode>Die Testamentseröffnung.</Unicode>
                </TextEquiv>
            </TextLine>
            <TextLine id="tr_1_tl_10" custom="readingOrder {index:9;}">
                <Coords points="562,1089 1602,1081 1588,1038 1475,1020 1321,1052 985,1007 562,1030"/>
                <Baseline points="570,1071 621,1071 673,1071 725,1071 777,1071 829,1071 880,1071 932,1071 984,1071 1036,1071 1088,1071 1139,1071 1191,1071 1243,1071 1295,1074 1347,1072 1398,1072 1450,1068 1502,1070 1554,1068 1606,1068"/>
                <Word id="tr_1_tl_10_w1" custom="readingOrder {index:0;}">
                    <Coords points="564,1031 564,1091 661,1091 661,1031"/>
                    <TextEquiv>
                        <Unicode>Heute</Unicode>
                    </TextEquiv>
                </Word>
                <Word id="tr_1_tl_10_w2" custom="readingOrder {index:1;}">
                    <Coords points="717,1031 717,1091 883,1091 883,1031"/>
                    <TextEquiv>
                        <Unicode>vormittag</Unicode>
                    </TextEquiv>
                </Word>
                <Word id="tr_1_tl_10_w3" custom="readingOrder {index:2;}">
                    <Coords points="940,1031 940,1091 982,1091 982,1031"/>
                    <TextEquiv>
                        <Unicode>ist</Unicode>
                    </TextEquiv>
                </Word>
                <Word id="tr_1_tl_10_w4" custom="readingOrder {index:3;}">
                    <Coords points="1026,1031 1026,1091 1081,1091 1081,1031"/>
                    <TextEquiv>
                        <Unicode>der</Unicode>
                    </TextEquiv>
                </Word>
                <Word id="tr_1_tl_10_w5" custom="readingOrder {index:4;}">
                    <Coords points="1124,1031 1124,1091 1290,1091 1290,1031"/>
                    <TextEquiv>
                        <Unicode>Sohn</Unicode>
                    </TextEquiv>
                </Word>
                <Word id="tr_1_tl_10_w6" custom="readingOrder {index:5;}">
                    <Coords points="1340,1028 1340,1088 1585,1088 1585,1028"/>
                    <TextEquiv>
                        <Unicode>Arthur</Unicode>
                    </TextEquiv>
                </Word>
                <TextEquiv>
                    <Unicode>Heute vormittag ist der Sohn Arthur</Unicode>
                </TextEquiv>
            </TextLine>
            <TextLine id="tr_1_tl_11" custom="readingOrder {index:10;}">
                <Coords points="1705,1106 2688,1119 2688,1059 2641,1044 1705,1055"/>
                <Baseline points="1713,1092 1764,1089 1816,1092 1867,1092 1919,1092 1970,1092 2022,1092 2073,1095 2125,1095 2176,1094 2228,1093 2279,1095 2331,1095 2382,1095 2434,1095 2485,1095 2537,1095 2588,1095 2640,1097 2692,1098"/>
                <Word id="tr_1_tl_11_w1" custom="readingOrder {index:0;}">
                    <Coords points="1709,1052 1709,1112 1969,1112 1969,1052"/>
                    <TextEquiv>
                        <Unicode>Schnitzlers</Unicode>
                    </TextEquiv>
                </Word>
                <Word id="tr_1_tl_11_w2" custom="readingOrder {index:1;}">
                    <Coords points="2012,1054 2012,1114 2124,1114 2124,1054"/>
                    <TextEquiv>
                        <Unicode>letzte</Unicode>
                    </TextEquiv>
                </Word>
                <Word id="tr_1_tl_11_w3" custom="readingOrder {index:2;}">
                    <Coords points="2167,1055 2167,1115 2675,1115 2675,1055"/>
                    <TextEquiv>
                        <Unicode>Burgtheaterproben.</Unicode>
                    </TextEquiv>
                </Word>
                <TextEquiv>
                    <Unicode>Schnitzlers letzte Burgtheaterproben.</Unicode>
                </TextEquiv>
            </TextLine>
            <TextLine id="tr_1_tl_12" custom="readingOrder {index:11;}">
                <Coords points="473,1125 1600,1130 1571,1074 473,1075"/>
                <Baseline points="480,1116 536,1119 592,1119 648,1119 704,1119 760,1119 816,1119 873,1119 929,1119 985,1118 1041,1114 1097,1118 1153,1119 1209,1119 1266,1119 1322,1117 1378,1116 1434,1116 1490,1116 1546,1114 1603,1110"/>
                <Word id="tr_1_tl_12_w1" custom="readingOrder {index:0;}">
                    <Coords points="474,1079 474,1139 768,1139 768,1079"/>
                    <TextEquiv>
                        <Unicode>Schnitzlers,</Unicode>
                    </TextEquiv>
                </Word>
                <Word id="tr_1_tl_12_w2" custom="readingOrder {index:1;}">
                    <Coords points="792,1079 792,1139 997,1139 997,1079"/>
                    <TextEquiv>
                        <Unicode>Heinrich</Unicode>
                    </TextEquiv>
                </Word>
                <Word id="tr_1_tl_12_w3" custom="readingOrder {index:2;}">
                    <Coords points="1033,1079 1033,1139 1297,1139 1297,1079"/>
                    <TextEquiv>
                        <Unicode>Schnitzler,</Unicode>
                    </TextEquiv>
                </Word>
                <Word id="tr_1_tl_12_w4" custom="readingOrder {index:3;}">
                    <Coords points="1321,1076 1321,1136 1373,1136 1373,1076"/>
                    <TextEquiv>
                        <Unicode>der</Unicode>
                    </TextEquiv>
                </Word>
                <Word id="tr_1_tl_12_w5" custom="readingOrder {index:4;}">
                    <Coords points="1410,1076 1410,1136 1432,1136 1432,1076"/>
                    <TextEquiv>
                        <Unicode>in</Unicode>
                    </TextEquiv>
                </Word>
                <Word id="tr_1_tl_12_w6" custom="readingOrder {index:5;}">
                    <Coords points="1468,1074 1468,1134 1573,1134 1573,1074"/>
                    <TextEquiv>
                        <Unicode>Berlin</Unicode>
                    </TextEquiv>
                </Word>
                <TextEquiv>
                    <Unicode>Schnitzlers, Heinrich Schnitzler, der in Berlin</Unicode>
                </TextEquiv>
            </TextLine>
            <TextLine id="tr_1_tl_13" custom="readingOrder {index:12;}">
                <Coords points="1965,1166 2050,1149 2430,1162 2430,1130 2356,1103 2265,1123 2204,1108 2069,1106 2043,1123 1965,1112"/>
                <Baseline points="1973,1143 1998,1143 2024,1143 2049,1143 2075,1143 2100,1143 2126,1144 2151,1146 2177,1146 2203,1146 2228,1146 2254,1146 2279,1146 2305,1146 2330,1146 2356,1146 2381,1146 2407,1146 2433,1146"/>
                <Word id="tr_1_tl_13_w1" custom="readingOrder {index:0;}">
                    <Coords points="1969,1103 1969,1163 2020,1163 2020,1103"/>
                    <TextEquiv>
                        <Unicode>Von</Unicode>
                    </TextEquiv>
                </Word>
                <Word id="tr_1_tl_13_w2" custom="readingOrder {index:1;}">
                    <Coords points="2048,1103 2048,1163 2151,1163 2151,1103"/>
                    <TextEquiv>
                        <Unicode>Ebba</Unicode>
                    </TextEquiv>
                </Word>
                <Word id="tr_1_tl_13_w3" custom="readingOrder {index:2;}">
                    <Coords points="2180,1106 2180,1166 2420,1166 2420,1106"/>
                    <TextEquiv>
                        <Unicode>Johanusen.</Unicode>
                    </TextEquiv>
                </Word>
                <TextEquiv>
                    <Unicode>Von Ebba Johanusen.</Unicode>
                </TextEquiv>
            </TextLine>
            <TextLine id="tr_1_tl_14" custom="readingOrder {index:13;}">
                <Coords points="466,1173 1590,1174 1559,1123 466,1127"/>
                <Baseline points="474,1164 530,1161 586,1162 642,1164 698,1161 754,1164 810,1164 866,1162 922,1164 978,1164 1034,1164 1090,1164 1146,1164 1202,1164 1258,1162 1314,1163 1370,1164 1426,1163 1482,1161 1538,1161 1594,1158"/>
                <Word id="tr_1_tl_14_w1" custom="readingOrder {index:0;}">
                    <Coords points="472,1122 472,1182 517,1182 517,1122"/>
                    <TextEquiv>
                        <Unicode>als</Unicode>
                    </TextEquiv>
                </Word>
                <Word id="tr_1_tl_14_w2" custom="readingOrder {index:1;}">
                    <Coords points="557,1122 557,1182 772,1182 772,1122"/>
                    <TextEquiv>
                        <Unicode>Schauspieler</Unicode>
                    </TextEquiv>
                </Word>
                <Word id="tr_1_tl_14_w3" custom="readingOrder {index:2;}">
                    <Coords points="806,1123 806,1183 862,1183 862,1123"/>
                    <TextEquiv>
                        <Unicode>und</Unicode>
                    </TextEquiv>
                </Word>
                <Word id="tr_1_tl_14_w4" custom="readingOrder {index:3;}">
                    <Coords points="897,1124 897,1184 1055,1184 1055,1124"/>
                    <TextEquiv>
                        <Unicode>Regisseur</Unicode>
                    </TextEquiv>
                </Word>
                <Word id="tr_1_tl_14_w5" custom="readingOrder {index:4;}">
                    <Coords points="1090,1124 1090,1184 1168,1184 1168,1124"/>
                    <TextEquiv>
                        <Unicode>tätig</Unicode>
                    </TextEquiv>
                </Word>
                <Word id="tr_1_tl_14_w6" custom="readingOrder {index:5;}">
                    <Coords points="1203,1123 1203,1183 1253,1183 1253,1123"/>
                    <TextEquiv>
                        <Unicode>ist,</Unicode>
                    </TextEquiv>
                </Word>
                <Word id="tr_1_tl_14_w7" custom="readingOrder {index:6;}">
                    <Coords points="1282,1122 1282,1182 1338,1182 1338,1122"/>
                    <TextEquiv>
                        <Unicode>mit</Unicode>
                    </TextEquiv>
                </Word>
                <Word id="tr_1_tl_14_w8" custom="readingOrder {index:7;}">
                    <Coords points="1373,1123 1373,1183 1468,1183 1468,1123"/>
                    <TextEquiv>
                        <Unicode>seiner</Unicode>
                    </TextEquiv>
                </Word>
                <Word id="tr_1_tl_14_w9" custom="readingOrder {index:8;}">
                    <Coords points="1497,1120 1497,1180 1581,1180 1581,1120"/>
                    <TextEquiv>
                        <Unicode>Frau</Unicode>
                    </TextEquiv>
                </Word>
                <TextEquiv>
                    <Unicode>als Schauspieler und Regisseur tätig ist, mit seiner Frau</Unicode>
                </TextEquiv>
            </TextLine>
            <TextLine id="tr_1_tl_15" custom="readingOrder {index:14;}">
                <Coords points="1717,1207 2748,1216 2758,1164 1715,1154"/>
                <Baseline points="1725,1191 1776,1191 1828,1194 1880,1194 1932,1194 1984,1194 2035,1197 2087,1197 2139,1195 2191,1197 2243,1195 2294,1196 2346,1194 2398,1197 2450,1199 2502,1197 2553,1197 2605,1197 2657,1197 2709,1200 2761,1197"/>
                <Word id="tr_1_tl_15_w1" custom="readingOrder {index:0;}">
                    <Coords points="1716,1151 1716,1211 1777,1211 1777,1151"/>
                    <TextEquiv>
                        <Unicode>Die</Unicode>
                    </TextEquiv>
                </Word>
                <Word id="tr_1_tl_15_w2" custom="readingOrder {index:1;}">
                    <Coords points="1801,1154 1801,1214 2102,1214 2102,1154"/>
                    <TextEquiv>
                        <Unicode>Hauptdarstellerin</Unicode>
                    </TextEquiv>
                </Word>
                <Word id="tr_1_tl_15_w3" custom="readingOrder {index:2;}">
                    <Coords points="2131,1155 2131,1215 2181,1215 2181,1155"/>
                    <TextEquiv>
                        <Unicode>des</Unicode>
                    </TextEquiv>
                </Word>
                <Word id="tr_1_tl_15_w4" custom="readingOrder {index:3;}">
                    <Coords points="2210,1155 2210,1215 2307,1215 2307,1155"/>
                    <TextEquiv>
                        <Unicode>letzten</Unicode>
                    </TextEquiv>
                </Word>
                <Word id="tr_1_tl_15_w5" custom="readingOrder {index:4;}">
                    <Coords points="2341,1158 2341,1218 2585,1218 2585,1158"/>
                    <TextEquiv>
                        <Unicode>Schnitzlerschen</Unicode>
                    </TextEquiv>
                </Word>
                <Word id="tr_1_tl_15_w6" custom="readingOrder {index:5;}">
                    <Coords points="2609,1158 2609,1218 2756,1218 2756,1158"/>
                    <TextEquiv>
                        <Unicode>Werkes,</Unicode>
                    </TextEquiv>
                </Word>
                <TextEquiv>
                    <Unicode>Die Hauptdarstellerin des letzten Schnitzlerschen Werkes,</Unicode>
                </TextEquiv>
            </TextLine>
            <TextLine id="tr_1_tl_16" custom="readingOrder {index:15;}">
                <Coords points="463,1211 1590,1220 1559,1166 463,1173"/>
                <Baseline points="471,1206 527,1209 583,1209 639,1207 695,1209 751,1208 807,1207 864,1207 920,1209 976,1209 1032,1209 1088,1209 1144,1209 1200,1207 1257,1209 1313,1207 1369,1206 1425,1208 1481,1206 1537,1206 1594,1203"/>
                <Word id="tr_1_tl_16_w1" custom="readingOrder {index:0;}">
                    <Coords points="468,1166 468,1226 494,1226 494,1166"/>
                    <TextEquiv>
                        <Unicode>in</Unicode>
                    </TextEquiv>
                </Word>
                <Word id="tr_1_tl_16_w2" custom="readingOrder {index:1;}">
                    <Coords points="526,1169 526,1229 615,1229 615,1169"/>
                    <TextEquiv>
                        <Unicode>Wien</Unicode>
                    </TextEquiv>
                </Word>
                <Word id="tr_1_tl_16_w3" custom="readingOrder {index:2;}">
                    <Coords points="648,1167 648,1227 864,1227 864,1167"/>
                    <TextEquiv>
                        <Unicode>eingetroffen.</Unicode>
                    </TextEquiv>
                </Word>
                <Word id="tr_1_tl_16_w4" custom="readingOrder {index:3;}">
                    <Coords points="886,1168 886,1228 927,1228 927,1168"/>
                    <TextEquiv>
                        <Unicode>Um</Unicode>
                    </TextEquiv>
                </Word>
                <Word id="tr_1_tl_16_w5" custom="readingOrder {index:4;}">
                    <Coords points="976,1169 976,1229 1017,1229 1017,1169"/>
                    <TextEquiv>
                        <Unicode>die</Unicode>
                    </TextEquiv>
                </Word>
                <Word id="tr_1_tl_16_w6" custom="readingOrder {index:5;}">
                    <Coords points="1044,1168 1044,1228 1245,1228 1245,1168"/>
                    <TextEquiv>
                        <Unicode>Mittagszeit</Unicode>
                    </TextEquiv>
                </Word>
                <Word id="tr_1_tl_16_w7" custom="readingOrder {index:6;}">
                    <Coords points="1272,1166 1272,1226 1371,1226 1371,1166"/>
                    <TextEquiv>
                        <Unicode>wurde</Unicode>
                    </TextEquiv>
                </Word>
                <Word id="tr_1_tl_16_w8" custom="readingOrder {index:7;}">
                    <Coords points="1398,1167 1398,1227 1424,1227 1424,1167"/>
                    <TextEquiv>
                        <Unicode>im</Unicode>
                    </TextEquiv>
                </Word>
                <Word id="tr_1_tl_16_w9" custom="readingOrder {index:8;}">
                    <Coords points="1467,1166 1467,1226 1582,1226 1582,1166"/>
                    <TextEquiv>
                        <Unicode>Beisein</Unicode>
                    </TextEquiv>
                </Word>
                <TextEquiv>
                    <Unicode>in Wien eingetroffen. Um die Mittagszeit wurde im Beisein</Unicode>
                </TextEquiv>
            </TextLine>
            <TextLine id="tr_1_tl_17" custom="readingOrder {index:16;}">
                <Coords points="1634,1247 2755,1255 2721,1203 1720,1228 1634,1197"/>
                <Baseline points="1642,1235 1697,1237 1753,1238 1809,1241 1865,1238 1921,1241 1976,1241 2032,1241 2088,1241 2144,1243 2200,1241 2255,1241 2311,1244 2367,1244 2423,1243 2479,1241 2534,1244 2590,1243 2646,1241 2702,1241 2758,1241"/>
                <Word id="tr_1_tl_17_w1" custom="readingOrder {index:0;}">
                    <Coords points="1634,1195 1634,1255 1682,1255 1682,1195"/>
                    <TextEquiv>
                        <Unicode>das</Unicode>
                    </TextEquiv>
                </Word>
                <Word id="tr_1_tl_17_w2" custom="readingOrder {index:1;}">
                    <Coords points="1748,1198 1748,1258 1785,1258 1785,1198"/>
                    <TextEquiv>
                        <Unicode>am</Unicode>
                    </TextEquiv>
                </Word>
                <Word id="tr_1_tl_17_w3" custom="readingOrder {index:2;}">
                    <Coords points="1845,1201 1845,1261 2055,1261 2055,1201"/>
                    <TextEquiv>
                        <Unicode>Burgtheater</Unicode>
                    </TextEquiv>
                </Word>
                <Word id="tr_1_tl_17_w4" custom="readingOrder {index:3;}">
                    <Coords points="2116,1201 2116,1261 2293,1261 2293,1201"/>
                    <TextEquiv>
                        <Unicode>aufgeführt</Unicode>
                    </TextEquiv>
                </Word>
                <Word id="tr_1_tl_17_w5" custom="readingOrder {index:4;}">
                    <Coords points="2337,1203 2337,1263 2461,1263 2461,1203"/>
                    <TextEquiv>
                        <Unicode>wurde,</Unicode>
                    </TextEquiv>
                </Word>
                <Word id="tr_1_tl_17_w6" custom="readingOrder {index:5;}">
                    <Coords points="2510,1203 2510,1263 2596,1263 2596,1203"/>
                    <TextEquiv>
                        <Unicode>Frau</Unicode>
                    </TextEquiv>
                </Word>
                <Word id="tr_1_tl_17_w7" custom="readingOrder {index:6;}">
                    <Coords points="2656,1201 2656,1261 2742,1261 2742,1201"/>
                    <TextEquiv>
                        <Unicode>Ebba</Unicode>
                    </TextEquiv>
                </Word>
                <TextEquiv>
                    <Unicode>das am Burgtheater aufgeführt wurde, Frau Ebba</Unicode>
                </TextEquiv>
            </TextLine>
            <TextLine id="tr_1_tl_18" custom="readingOrder {index:17;}">
                <Coords points="466,1255 1590,1262 1590,1220 1522,1214 466,1221"/>
                <Baseline points="474,1250 530,1254 586,1256 642,1254 698,1253 754,1253 810,1253 866,1253 922,1253 978,1253 1034,1254 1090,1254 1146,1253 1202,1253 1258,1253 1314,1253 1370,1253 1426,1253 1482,1251 1538,1252 1594,1253"/>
                <Word id="tr_1_tl_18_w1" custom="readingOrder {index:0;}">
                    <Coords points="467,1211 467,1271 521,1271 521,1211"/>
                    <TextEquiv>
                        <Unicode>von</Unicode>
                    </TextEquiv>
                </Word>
                <Word id="tr_1_tl_18_w2" custom="readingOrder {index:1;}">
                    <Coords points="572,1214 572,1274 693,1274 693,1214"/>
                    <TextEquiv>
                        <Unicode>Hofrat</Unicode>
                    </TextEquiv>
                </Word>
                <Word id="tr_1_tl_18_w3" custom="readingOrder {index:2;}">
                    <Coords points="738,1213 738,1273 893,1273 893,1213"/>
                    <TextEquiv>
                        <Unicode>Professor</Unicode>
                    </TextEquiv>
                </Word>
                <Word id="tr_1_tl_18_w4" custom="readingOrder {index:3;}">
                    <Coords points="938,1213 938,1273 1010,1273 1010,1213"/>
                    <TextEquiv>
                        <Unicode>Dr.</Unicode>
                    </TextEquiv>
                </Word>
                <Word id="tr_1_tl_18_w5" custom="readingOrder {index:4;}">
                    <Coords points="1044,1213 1044,1273 1160,1273 1160,1213"/>
                    <TextEquiv>
                        <Unicode>Julius</Unicode>
                    </TextEquiv>
                </Word>
                <Word id="tr_1_tl_18_w6" custom="readingOrder {index:5;}">
                    <Coords points="1210,1213 1210,1273 1482,1273 1482,1213"/>
                    <TextEquiv>
                        <Unicode>Schnitzler,</Unicode>
                    </TextEquiv>
                </Word>
                <Word id="tr_1_tl_18_w7" custom="readingOrder {index:6;}">
                    <Coords points="1521,1212 1521,1272 1570,1272 1570,1212"/>
                    <TextEquiv>
                        <Unicode>dem</Unicode>
                    </TextEquiv>
                </Word>
                <TextEquiv>
                    <Unicode>von Hofrat Professor Dr. Julius Schnitzler, dem</Unicode>
                </TextEquiv>
            </TextLine>
            <TextLine id="tr_1_tl_19" custom="readingOrder {index:18;}">
                <Coords points="1636,1294 2614,1316 2734,1308 2762,1258 1634,1244"/>
                <Baseline points="1642,1283 1698,1283 1754,1285 1810,1286 1867,1286 1923,1289 1979,1289 2035,1289 2092,1289 2148,1287 2204,1289 2260,1289 2317,1289 2373,1289 2429,1289 2485,1289 2542,1292 2598,1289 2654,1289 2710,1289 2767,1283"/>
                <Word id="tr_1_tl_19_w1" custom="readingOrder {index:0;}">
                    <Coords points="1634,1245 1634,1305 1922,1305 1922,1245"/>
                    <TextEquiv>
                        <Unicode>Johannsen,</Unicode>
                    </TextEquiv>
                </Word>
                <Word id="tr_1_tl_19_w2" custom="readingOrder {index:1;}">
                    <Coords points="1950,1249 1950,1309 2025,1309 2025,1249"/>
                    <TextEquiv>
                        <Unicode>stellt</Unicode>
                    </TextEquiv>
                </Word>
                <Word id="tr_1_tl_19_w3" custom="readingOrder {index:2;}">
                    <Coords points="2059,1249 2059,1309 2112,1309 2112,1249"/>
                    <TextEquiv>
                        <Unicode>uns</Unicode>
                    </TextEquiv>
                </Word>
                <Word id="tr_1_tl_19_w4" custom="readingOrder {index:3;}">
                    <Coords points="2146,1249 2146,1309 2358,1309 2358,1249"/>
                    <TextEquiv>
                        <Unicode>nachstehende</Unicode>
                    </TextEquiv>
                </Word>
                <Word id="tr_1_tl_19_w5" custom="readingOrder {index:4;}">
                    <Coords points="2391,1249 2391,1309 2559,1309 2559,1249"/>
                    <TextEquiv>
                        <Unicode>Eindrücke</Unicode>
                    </TextEquiv>
                </Word>
                <Word id="tr_1_tl_19_w6" custom="readingOrder {index:5;}">
                    <Coords points="2592,1249 2592,1309 2646,1309 2646,1249"/>
                    <TextEquiv>
                        <Unicode>zur</Unicode>
                    </TextEquiv>
                </Word>
                <Word id="tr_1_tl_19_w7" custom="readingOrder {index:6;}">
                    <Coords points="2674,1248 2674,1308 2755,1308 2755,1248"/>
                    <TextEquiv>
                        <Unicode>Ver¬</Unicode>
                    </TextEquiv>
                </Word>
                <TextEquiv>
                    <Unicode>Johannsen, stellt uns nachstehende Eindrücke zur Ver¬</Unicode>
                </TextEquiv>
            </TextLine>
            <TextLine id="tr_1_tl_20" custom="readingOrder {index:19;}">
                <Coords points="463,1306 1509,1315 1592,1309 1593,1269 464,1257"/>
                <Baseline points="471,1298 527,1301 583,1298 639,1298 696,1298 752,1298 808,1298 865,1298 921,1298 977,1298 1034,1298 1090,1300 1146,1298 1202,1298 1259,1298 1315,1296 1371,1295 1428,1297 1484,1296 1540,1298 1597,1295"/>
                <Word id="tr_1_tl_20_w1" custom="readingOrder {index:0;}">
                    <Coords points="468,1260 468,1320 591,1320 591,1260"/>
                    <TextEquiv>
                        <Unicode>Bruder</Unicode>
                    </TextEquiv>
                </Word>
                <Word id="tr_1_tl_20_w2" custom="readingOrder {index:1;}">
                    <Coords points="628,1258 628,1318 680,1318 680,1258"/>
                    <TextEquiv>
                        <Unicode>des</Unicode>
                    </TextEquiv>
                </Word>
                <Word id="tr_1_tl_20_w3" custom="readingOrder {index:2;}">
                    <Coords points="716,1258 716,1318 923,1318 923,1258"/>
                    <TextEquiv>
                        <Unicode>verstorbenen</Unicode>
                    </TextEquiv>
                </Word>
                <Word id="tr_1_tl_20_w4" custom="readingOrder {index:3;}">
                    <Coords points="960,1258 960,1318 1120,1318 1120,1258"/>
                    <TextEquiv>
                        <Unicode>Dichters,</Unicode>
                    </TextEquiv>
                </Word>
                <Word id="tr_1_tl_20_w5" custom="readingOrder {index:4;}">
                    <Coords points="1151,1258 1151,1318 1213,1318 1213,1258"/>
                    <TextEquiv>
                        <Unicode>und</Unicode>
                    </TextEquiv>
                </Word>
                <Word id="tr_1_tl_20_w6" custom="readingOrder {index:5;}">
                    <Coords points="1250,1257 1250,1317 1301,1317 1301,1257"/>
                    <TextEquiv>
                        <Unicode>der</Unicode>
                    </TextEquiv>
                </Word>
                <Word id="tr_1_tl_20_w7" custom="readingOrder {index:6;}">
                    <Coords points="1333,1255 1333,1315 1436,1315 1436,1255"/>
                    <TextEquiv>
                        <Unicode>beiden</Unicode>
                    </TextEquiv>
                </Word>
                <Word id="tr_1_tl_20_w8" custom="readingOrder {index:7;}">
                    <Coords points="1483,1257 1483,1317 1586,1317 1586,1257"/>
                    <TextEquiv>
                        <Unicode>Söhne</Unicode>
                    </TextEquiv>
                </Word>
                <TextEquiv>
                    <Unicode>Bruder des verstorbenen Dichters, und der beiden Söhne</Unicode>
                </TextEquiv>
            </TextLine>
            <TextLine id="tr_1_tl_21" custom="readingOrder {index:20;}">
                <Coords points="1634,1346 1654,1355 1668,1349 1693,1363 1720,1342 1748,1355 1782,1342 1782,1306 1759,1306 1741,1295 1717,1304 1704,1292 1693,1299 1676,1288 1656,1296 1634,1292"/>
                <Baseline points="1642,1334 1670,1331 1699,1331 1727,1329 1756,1329 1785,1331"/>
                <Word id="tr_1_tl_21_w1" custom="readingOrder {index:0;}">
                    <Coords points="1636,1291 1636,1351 1752,1351 1752,1291"/>
                    <TextEquiv>
                        <Unicode>fügung</Unicode>
                    </TextEquiv>
                </Word>
                <TextEquiv>
                    <Unicode>fügung</Unicode>
                </TextEquiv>
            </TextLine>
            <TextLine id="tr_1_tl_22" custom="readingOrder {index:21;}">
                <Coords points="463,1356 1583,1356 1583,1306 1460,1299 463,1308"/>
                <Baseline points="471,1343 526,1343 582,1343 638,1346 693,1343 749,1346 805,1346 860,1346 916,1346 972,1346 1028,1346 1083,1346 1139,1346 1195,1346 1250,1344 1306,1343 1362,1343 1417,1343 1473,1343 1529,1343 1585,1337"/>
                <Word id="tr_1_tl_22_w1" custom="readingOrder {index:0;}">
                    <Coords points="469,1303 469,1363 557,1363 557,1303"/>
                    <TextEquiv>
                        <Unicode>Hans</Unicode>
                    </TextEquiv>
                </Word>
                <Word id="tr_1_tl_22_w2" custom="readingOrder {index:1;}">
                    <Coords points="602,1305 602,1365 656,1365 656,1305"/>
                    <TextEquiv>
                        <Unicode>und</Unicode>
                    </TextEquiv>
                </Word>
                <Word id="tr_1_tl_22_w3" custom="readingOrder {index:2;}">
                    <Coords points="696,1305 696,1365 778,1365 778,1305"/>
                    <TextEquiv>
                        <Unicode>Karl</Unicode>
                    </TextEquiv>
                </Word>
                <Word id="tr_1_tl_22_w4" custom="readingOrder {index:3;}">
                    <Coords points="817,1306 817,1366 872,1366 872,1306"/>
                    <TextEquiv>
                        <Unicode>von</Unicode>
                    </TextEquiv>
                </Word>
                <Word id="tr_1_tl_22_w5" custom="readingOrder {index:4;}">
                    <Coords points="912,1306 912,1366 1149,1366 1149,1306"/>
                    <TextEquiv>
                        <Unicode>Rechtsanwalt</Unicode>
                    </TextEquiv>
                </Word>
                <Word id="tr_1_tl_22_w6" custom="readingOrder {index:5;}">
                    <Coords points="1182,1305 1182,1365 1254,1365 1254,1305"/>
                    <TextEquiv>
                        <Unicode>Dr.</Unicode>
                    </TextEquiv>
                </Word>
                <Word id="tr_1_tl_22_w7" custom="readingOrder {index:6;}">
                    <Coords points="1282,1303 1282,1363 1425,1363 1425,1303"/>
                    <TextEquiv>
                        <Unicode>Norbert</Unicode>
                    </TextEquiv>
                </Word>
                <Word id="tr_1_tl_22_w8" custom="readingOrder {index:7;}">
                    <Coords points="1459,1303 1459,1363 1586,1363 1586,1303"/>
                    <TextEquiv>
                        <Unicode>Hoff¬</Unicode>
                    </TextEquiv>
                </Word>
                <TextEquiv>
                    <Unicode>Hans und Karl von Rechtsanwalt Dr. Norbert Hoff¬</Unicode>
                </TextEquiv>
            </TextLine>
            <TextLine id="tr_1_tl_23" custom="readingOrder {index:22;}">
                <Coords points="1724,1384 2763,1393 2763,1321 2704,1314 2515,1356 2265,1315 1724,1346"/>
                <Baseline points="1731,1373 1782,1374 1834,1379 1886,1378 1938,1378 1990,1379 2041,1379 2093,1379 2145,1381 2197,1380 2249,1380 2300,1381 2352,1382 2404,1382 2456,1382 2508,1382 2559,1382 2611,1382 2663,1382 2715,1382 2767,1379"/>
                <Word id="tr_1_tl_23_w1" custom="readingOrder {index:0;}">
                    <Coords points="1725,1336 1725,1396 1890,1396 1890,1336"/>
                    <TextEquiv>
                        <Unicode>Schnitzler</Unicode>
                    </TextEquiv>
                </Word>
                <Word id="tr_1_tl_23_w2" custom="readingOrder {index:1;}">
                    <Coords points="1920,1338 1920,1398 1978,1398 1978,1338"/>
                    <TextEquiv>
                        <Unicode>war</Unicode>
                    </TextEquiv>
                </Word>
                <Word id="tr_1_tl_23_w3" custom="readingOrder {index:2;}">
                    <Coords points="2009,1339 2009,1399 2073,1399 2073,1339"/>
                    <TextEquiv>
                        <Unicode>über</Unicode>
                    </TextEquiv>
                </Word>
                <Word id="tr_1_tl_23_w4" custom="readingOrder {index:3;}">
                    <Coords points="2104,1340 2104,1400 2162,1400 2162,1340"/>
                    <TextEquiv>
                        <Unicode>alle</Unicode>
                    </TextEquiv>
                </Word>
                <Word id="tr_1_tl_23_w5" custom="readingOrder {index:4;}">
                    <Coords points="2187,1340 2187,1400 2298,1400 2298,1340"/>
                    <TextEquiv>
                        <Unicode>Maßen</Unicode>
                    </TextEquiv>
                </Word>
                <Word id="tr_1_tl_23_w6" custom="readingOrder {index:5;}">
                    <Coords points="2335,1342 2335,1402 2476,1402 2476,1342"/>
                    <TextEquiv>
                        <Unicode>geduldig</Unicode>
                    </TextEquiv>
                </Word>
                <Word id="tr_1_tl_23_w7" custom="readingOrder {index:6;}">
                    <Coords points="2506,1342 2506,1402 2564,1402 2564,1342"/>
                    <TextEquiv>
                        <Unicode>und</Unicode>
                    </TextEquiv>
                </Word>
                <Word id="tr_1_tl_23_w8" custom="readingOrder {index:7;}">
                    <Coords points="2594,1342 2594,1402 2677,1402 2677,1342"/>
                    <TextEquiv>
                        <Unicode>hatte</Unicode>
                    </TextEquiv>
                </Word>
                <Word id="tr_1_tl_23_w9" custom="readingOrder {index:8;}">
                    <Coords points="2707,1341 2707,1401 2747,1401 2747,1341"/>
                    <TextEquiv>
                        <Unicode>ein</Unicode>
                    </TextEquiv>
                </Word>
                <TextEquiv>
                    <Unicode>Schnitzler war über alle Maßen geduldig und hatte ein</Unicode>
                </TextEquiv>
            </TextLine>
            <TextLine id="tr_1_tl_24" custom="readingOrder {index:23;}">
                <Coords points="473,1409 1588,1397 1588,1355 473,1356"/>
                <Baseline points="480,1391 535,1391 591,1391 646,1391 702,1391 757,1389 813,1393 868,1391 924,1391 979,1391 1035,1391 1091,1391 1146,1394 1202,1393 1257,1391 1313,1391 1368,1391 1424,1391 1479,1391 1535,1391 1591,1388"/>
                <Word id="tr_1_tl_24_w1" custom="readingOrder {index:0;}">
                    <Coords points="473,1351 473,1411 601,1411 601,1351"/>
                    <TextEquiv>
                        <Unicode>mann</Unicode>
                    </TextEquiv>
                </Word>
                <Word id="tr_1_tl_24_w2" custom="readingOrder {index:1;}">
                    <Coords points="643,1351 643,1411 689,1411 689,1351"/>
                    <TextEquiv>
                        <Unicode>die</Unicode>
                    </TextEquiv>
                </Word>
                <Word id="tr_1_tl_24_w3" custom="readingOrder {index:2;}">
                    <Coords points="720,1351 720,1411 1292,1411 1292,1351"/>
                    <TextEquiv>
                        <Unicode>Testamentseröffnung</Unicode>
                    </TextEquiv>
                </Word>
                <Word id="tr_1_tl_24_w4" custom="readingOrder {index:3;}">
                    <Coords points="1329,1351 1329,1411 1586,1411 1586,1351"/>
                    <TextEquiv>
                        <Unicode>vorgenommen.</Unicode>
                    </TextEquiv>
                </Word>
                <TextEquiv>
                    <Unicode>mann die Testamentseröffnung vorgenommen.</Unicode>
                </TextEquiv>
            </TextLine>
            <TextLine id="tr_1_tl_25" custom="readingOrder {index:24;}">
                <Coords points="1637,1430 2765,1436 2763,1393 2695,1383 1636,1390"/>
                <Baseline points="1645,1418 1701,1422 1757,1422 1813,1423 1869,1424 1925,1424 1981,1424 2037,1424 2093,1427 2149,1425 2206,1427 2262,1427 2318,1427 2374,1427 2430,1427 2486,1427 2542,1427 2598,1428 2654,1428 2710,1427 2767,1430"/>
                <Word id="tr_1_tl_25_w1" custom="readingOrder {index:0;}">
                    <Coords points="1637,1382 1637,1442 1811,1442 1811,1382"/>
                    <TextEquiv>
                        <Unicode>unerhörtes</Unicode>
                    </TextEquiv>
                </Word>
                <Word id="tr_1_tl_25_w2" custom="readingOrder {index:1;}">
                    <Coords points="1846,1384 1846,1444 2027,1444 2027,1384"/>
                    <TextEquiv>
                        <Unicode>Feingefühl</Unicode>
                    </TextEquiv>
                </Word>
                <Word id="tr_1_tl_25_w3" custom="readingOrder {index:2;}">
                    <Coords points="2050,1386 2050,1446 2100,1446 2100,1386"/>
                    <TextEquiv>
                        <Unicode>für</Unicode>
                    </TextEquiv>
                </Word>
                <Word id="tr_1_tl_25_w4" custom="readingOrder {index:3;}">
                    <Coords points="2129,1385 2129,1445 2179,1445 2179,1385"/>
                    <TextEquiv>
                        <Unicode>den</Unicode>
                    </TextEquiv>
                </Word>
                <Word id="tr_1_tl_25_w5" custom="readingOrder {index:4;}">
                    <Coords points="2214,1387 2214,1447 2349,1447 2349,1387"/>
                    <TextEquiv>
                        <Unicode>Zustand</Unicode>
                    </TextEquiv>
                </Word>
                <Word id="tr_1_tl_25_w6" custom="readingOrder {index:5;}">
                    <Coords points="2378,1387 2378,1447 2519,1447 2519,1387"/>
                    <TextEquiv>
                        <Unicode>nervöser</Unicode>
                    </TextEquiv>
                </Word>
                <Word id="tr_1_tl_25_w7" custom="readingOrder {index:6;}">
                    <Coords points="2548,1388 2548,1448 2750,1448 2750,1388"/>
                    <TextEquiv>
                        <Unicode>Unsicherheit</Unicode>
                    </TextEquiv>
                </Word>
                <TextEquiv>
                    <Unicode>unerhörtes Feingefühl für den Zustand nervöser Unsicherheit</Unicode>
                </TextEquiv>
            </TextLine>
            <TextLine id="tr_1_tl_26" custom="readingOrder {index:25;}">
                <Coords points="554,1451 1593,1453 1568,1397 554,1397"/>
                <Baseline points="561,1436 612,1436 664,1437 716,1438 768,1438 820,1439 871,1439 923,1439 975,1438 1027,1436 1079,1436 1130,1438 1182,1439 1234,1439 1286,1438 1338,1436 1389,1436 1441,1436 1493,1436 1545,1436 1597,1436"/>
                <Word id="tr_1_tl_26_w1" custom="readingOrder {index:0;}">
                    <Coords points="560,1396 560,1456 629,1456 629,1396"/>
                    <TextEquiv>
                        <Unicode>Das</Unicode>
                    </TextEquiv>
                </Word>
                <Word id="tr_1_tl_26_w2" custom="readingOrder {index:1;}">
                    <Coords points="673,1398 673,1458 857,1458 857,1398"/>
                    <TextEquiv>
                        <Unicode>Testament</Unicode>
                    </TextEquiv>
                </Word>
                <Word id="tr_1_tl_26_w3" custom="readingOrder {index:2;}">
                    <Coords points="890,1398 890,1458 1020,1458 1020,1398"/>
                    <TextEquiv>
                        <Unicode>enthält</Unicode>
                    </TextEquiv>
                </Word>
                <Word id="tr_1_tl_26_w4" custom="readingOrder {index:3;}">
                    <Coords points="1059,1396 1059,1456 1145,1456 1145,1396"/>
                    <TextEquiv>
                        <Unicode>neben</Unicode>
                    </TextEquiv>
                </Word>
                <Word id="tr_1_tl_26_w5" custom="readingOrder {index:4;}">
                    <Coords points="1195,1398 1195,1458 1276,1458 1276,1398"/>
                    <TextEquiv>
                        <Unicode>einer</Unicode>
                    </TextEquiv>
                </Word>
                <Word id="tr_1_tl_26_w6" custom="readingOrder {index:5;}">
                    <Coords points="1314,1396 1314,1456 1460,1456 1460,1396"/>
                    <TextEquiv>
                        <Unicode>Reihe</Unicode>
                    </TextEquiv>
                </Word>
                <Word id="tr_1_tl_26_w7" custom="readingOrder {index:6;}">
                    <Coords points="1504,1396 1504,1456 1580,1456 1580,1396"/>
                    <TextEquiv>
                        <Unicode>von</Unicode>
                    </TextEquiv>
                </Word>
                <TextEquiv>
                    <Unicode>Das Testament enthält neben einer Reihe von</Unicode>
                </TextEquiv>
            </TextLine>
            <TextLine id="tr_1_tl_27" custom="readingOrder {index:26;}">
                <Coords points="1637,1475 2758,1478 2732,1433 1637,1438"/>
                <Baseline points="1645,1462 1700,1465 1756,1466 1812,1468 1868,1468 1924,1467 1979,1466 2035,1470 2091,1471 2147,1471 2203,1471 2258,1471 2314,1471 2370,1472 2426,1473 2482,1473 2537,1471 2593,1471 2649,1471 2705,1471 2761,1471"/>
                <Word id="tr_1_tl_27_w1" custom="readingOrder {index:0;}">
                    <Coords points="1637,1422 1637,1482 1689,1482 1689,1422"/>
                    <TextEquiv>
                        <Unicode>und</Unicode>
                    </TextEquiv>
                </Word>
                <Word id="tr_1_tl_27_w2" custom="readingOrder {index:1;}">
                    <Coords points="1721,1427 1721,1487 1879,1487 1879,1427"/>
                    <TextEquiv>
                        <Unicode>Ungeduld</Unicode>
                    </TextEquiv>
                </Word>
                <Word id="tr_1_tl_27_w3" custom="readingOrder {index:2;}">
                    <Coords points="1906,1426 1906,1486 1958,1486 1958,1426"/>
                    <TextEquiv>
                        <Unicode>des</Unicode>
                    </TextEquiv>
                </Word>
                <Word id="tr_1_tl_27_w4" custom="readingOrder {index:3;}">
                    <Coords points="1985,1431 1985,1491 2212,1491 2212,1431"/>
                    <TextEquiv>
                        <Unicode>Schauspielers</Unicode>
                    </TextEquiv>
                </Word>
                <Word id="tr_1_tl_27_w5" custom="readingOrder {index:4;}">
                    <Coords points="2244,1431 2244,1491 2296,1491 2296,1431"/>
                    <TextEquiv>
                        <Unicode>auf</Unicode>
                    </TextEquiv>
                </Word>
                <Word id="tr_1_tl_27_w6" custom="readingOrder {index:5;}">
                    <Coords points="2313,1431 2313,1491 2365,1491 2365,1431"/>
                    <TextEquiv>
                        <Unicode>den</Unicode>
                    </TextEquiv>
                </Word>
                <Word id="tr_1_tl_27_w7" custom="readingOrder {index:6;}">
                    <Coords points="2398,1433 2398,1493 2481,1493 2481,1433"/>
                    <TextEquiv>
                        <Unicode>ersten</Unicode>
                    </TextEquiv>
                </Word>
                <Word id="tr_1_tl_27_w8" custom="readingOrder {index:7;}">
                    <Coords points="2508,1431 2508,1491 2629,1491 2629,1431"/>
                    <TextEquiv>
                        <Unicode>Proben</Unicode>
                    </TextEquiv>
                </Word>
                <Word id="tr_1_tl_27_w9" custom="readingOrder {index:8;}">
                    <Coords points="2651,1431 2651,1491 2661,1491 2661,1431"/>
                    <TextEquiv>
                        <Unicode>—</Unicode>
                    </TextEquiv>
                </Word>
                <Word id="tr_1_tl_27_w10" custom="readingOrder {index:9;}">
                    <Coords points="2709,1431 2709,1491 2750,1491 2750,1431"/>
                    <TextEquiv>
                        <Unicode>so¬</Unicode>
                    </TextEquiv>
                </Word>
                <TextEquiv>
                    <Unicode>und Ungeduld des Schauspielers auf den ersten Proben — so¬</Unicode>
                </TextEquiv>
            </TextLine>
            <TextLine id="tr_1_tl_28" custom="readingOrder {index:27;}">
                <Coords points="460,1481 632,1512 1590,1492 1590,1457 1495,1440 460,1444"/>
                <Baseline points="468,1480 524,1480 580,1481 636,1483 693,1483 749,1483 805,1483 862,1483 918,1480 974,1483 1031,1483 1087,1483 1143,1483 1199,1483 1256,1483 1312,1481 1368,1480 1425,1479 1481,1477 1537,1479 1594,1474"/>
                <Word id="tr_1_tl_28_w1" custom="readingOrder {index:0;}">
                    <Coords points="462,1440 462,1500 563,1500 563,1440"/>
                    <TextEquiv>
                        <Unicode>rein</Unicode>
                    </TextEquiv>
                </Word>
                <Word id="tr_1_tl_28_w2" custom="readingOrder {index:1;}">
                    <Coords points="606,1443 606,1503 896,1503 896,1443"/>
                    <TextEquiv>
                        <Unicode>familiären</Unicode>
                    </TextEquiv>
                </Word>
                <Word id="tr_1_tl_28_w3" custom="readingOrder {index:2;}">
                    <Coords points="946,1443 946,1503 1314,1503 1314,1443"/>
                    <TextEquiv>
                        <Unicode>Bestimmungen</Unicode>
                    </TextEquiv>
                </Word>
                <Word id="tr_1_tl_28_w4" custom="readingOrder {index:3;}">
                    <Coords points="1363,1439 1363,1499 1435,1499 1435,1439"/>
                    <TextEquiv>
                        <Unicode>auch</Unicode>
                    </TextEquiv>
                </Word>
                <Word id="tr_1_tl_28_w5" custom="readingOrder {index:4;}">
                    <Coords points="1478,1438 1478,1498 1592,1498 1592,1438"/>
                    <TextEquiv>
                        <Unicode>Ver¬</Unicode>
                    </TextEquiv>
                </Word>
                <TextEquiv>
                    <Unicode>rein familiären Bestimmungen auch Ver¬</Unicode>
                </TextEquiv>
            </TextLine>
            <TextLine id="tr_1_tl_29" custom="readingOrder {index:28;}">
                <Coords points="1634,1519 2762,1534 2762,1491 2662,1477 1634,1475"/>
                <Baseline points="1642,1510 1698,1512 1754,1512 1810,1515 1866,1516 1922,1516 1978,1516 2034,1516 2090,1519 2146,1517 2203,1519 2259,1519 2315,1519 2371,1518 2427,1518 2483,1519 2539,1516 2595,1520 2651,1520 2707,1519 2764,1519"/>
                <Word id="tr_1_tl_29_w1" custom="readingOrder {index:0;}">
                    <Coords points="1634,1471 1634,1531 1718,1531 1718,1471"/>
                    <TextEquiv>
                        <Unicode>lange</Unicode>
                    </TextEquiv>
                </Word>
                <Word id="tr_1_tl_29_w2" custom="readingOrder {index:1;}">
                    <Coords points="1750,1472 1750,1532 1776,1532 1776,1472"/>
                    <TextEquiv>
                        <Unicode>er</Unicode>
                    </TextEquiv>
                </Word>
                <Word id="tr_1_tl_29_w3" custom="readingOrder {index:2;}">
                    <Coords points="1809,1475 1809,1535 1871,1535 1871,1475"/>
                    <TextEquiv>
                        <Unicode>noch</Unicode>
                    </TextEquiv>
                </Word>
                <Word id="tr_1_tl_29_w4" custom="readingOrder {index:3;}">
                    <Coords points="1904,1476 1904,1536 1998,1536 1998,1476"/>
                    <TextEquiv>
                        <Unicode>sucht.</Unicode>
                    </TextEquiv>
                </Word>
                <Word id="tr_1_tl_29_w5" custom="readingOrder {index:4;}">
                    <Coords points="2031,1477 2031,1537 2083,1537 2083,1477"/>
                    <TextEquiv>
                        <Unicode>Ich</Unicode>
                    </TextEquiv>
                </Word>
                <Word id="tr_1_tl_29_w6" custom="readingOrder {index:5;}">
                    <Coords points="2121,1477 2121,1537 2199,1537 2199,1477"/>
                    <TextEquiv>
                        <Unicode>kann</Unicode>
                    </TextEquiv>
                </Word>
                <Word id="tr_1_tl_29_w7" custom="readingOrder {index:6;}">
                    <Coords points="2247,1479 2247,1539 2310,1539 2310,1479"/>
                    <TextEquiv>
                        <Unicode>mich</Unicode>
                    </TextEquiv>
                </Word>
                <Word id="tr_1_tl_29_w8" custom="readingOrder {index:7;}">
                    <Coords points="2343,1478 2343,1538 2374,1538 2374,1478"/>
                    <TextEquiv>
                        <Unicode>an</Unicode>
                    </TextEquiv>
                </Word>
                <Word id="tr_1_tl_29_w9" custom="readingOrder {index:8;}">
                    <Coords points="2411,1478 2411,1538 2516,1538 2516,1478"/>
                    <TextEquiv>
                        <Unicode>Worte</Unicode>
                    </TextEquiv>
                </Word>
                <Word id="tr_1_tl_29_w10" custom="readingOrder {index:9;}">
                    <Coords points="2543,1479 2543,1539 2622,1539 2622,1479"/>
                    <TextEquiv>
                        <Unicode>kaum</Unicode>
                    </TextEquiv>
                </Word>
                <Word id="tr_1_tl_29_w11" custom="readingOrder {index:10;}">
                    <Coords points="2665,1479 2665,1539 2749,1539 2749,1479"/>
                    <TextEquiv>
                        <Unicode>mehr</Unicode>
                    </TextEquiv>
                </Word>
                <TextEquiv>
                    <Unicode>lange er noch sucht. Ich kann mich an Worte kaum mehr</Unicode>
                </TextEquiv>
            </TextLine>
            <TextLine id="tr_1_tl_30" custom="readingOrder {index:29;}">
                <Coords points="476,1546 1585,1535 1585,1492 1467,1481 476,1487"/>
                <Baseline points="483,1528 538,1528 593,1530 648,1528 704,1528 759,1528 814,1530 869,1531 925,1528 980,1528 1035,1528 1090,1528 1146,1528 1201,1528 1256,1528 1311,1528 1367,1528 1422,1527 1477,1527 1532,1526 1588,1522"/>
                <Word id="tr_1_tl_30_w1" custom="readingOrder {index:0;}">
                    <Coords points="472,1489 472,1549 705,1549 705,1489"/>
                    <TextEquiv>
                        <Unicode>fügungen</Unicode>
                    </TextEquiv>
                </Word>
                <Word id="tr_1_tl_30_w2" custom="readingOrder {index:1;}">
                    <Coords points="743,1490 743,1550 952,1550 952,1490"/>
                    <TextEquiv>
                        <Unicode>betreffs</Unicode>
                    </TextEquiv>
                </Word>
                <Word id="tr_1_tl_30_w3" custom="readingOrder {index:2;}">
                    <Coords points="983,1488 983,1548 1057,1548 1057,1488"/>
                    <TextEquiv>
                        <Unicode>des</Unicode>
                    </TextEquiv>
                </Word>
                <Word id="tr_1_tl_30_w4" custom="readingOrder {index:3;}">
                    <Coords points="1095,1488 1095,1548 1427,1548 1427,1488"/>
                    <TextEquiv>
                        <Unicode>literarischen</Unicode>
                    </TextEquiv>
                </Word>
                <Word id="tr_1_tl_30_w5" custom="readingOrder {index:4;}">
                    <Coords points="1465,1486 1465,1546 1587,1546 1587,1486"/>
                    <TextEquiv>
                        <Unicode>Nach¬</Unicode>
                    </TextEquiv>
                </Word>
                <TextEquiv>
                    <Unicode>fügungen betreffs des literarischen Nach¬</Unicode>
                </TextEquiv>
            </TextLine>
            <TextLine id="tr_1_tl_31" custom="readingOrder {index:30;}">
                <Coords points="1634,1563 2762,1578 2762,1534 2711,1526 1634,1518"/>
                <Baseline points="1642,1558 1698,1558 1754,1560 1810,1561 1866,1561 1922,1559 1978,1563 2034,1564 2090,1564 2146,1562 2203,1564 2259,1564 2315,1564 2371,1564 2427,1564 2483,1564 2539,1567 2595,1564 2651,1564 2707,1564 2764,1564"/>
                <Word id="tr_1_tl_31_w1" custom="readingOrder {index:0;}">
                    <Coords points="1634,1518 1634,1578 1794,1578 1794,1518"/>
                    <TextEquiv>
                        <Unicode>erinnern,</Unicode>
                    </TextEquiv>
                </Word>
                <Word id="tr_1_tl_31_w2" custom="readingOrder {index:1;}">
                    <Coords points="1830,1521 1830,1581 1874,1581 1874,1521"/>
                    <TextEquiv>
                        <Unicode>die</Unicode>
                    </TextEquiv>
                </Word>
                <Word id="tr_1_tl_31_w3" custom="readingOrder {index:2;}">
                    <Coords points="1910,1519 1910,1579 1945,1579 1945,1519"/>
                    <TextEquiv>
                        <Unicode>er</Unicode>
                    </TextEquiv>
                </Word>
                <Word id="tr_1_tl_31_w4" custom="readingOrder {index:3;}">
                    <Coords points="1981,1523 1981,1583 2086,1583 2086,1523"/>
                    <TextEquiv>
                        <Unicode>gesagt</Unicode>
                    </TextEquiv>
                </Word>
                <Word id="tr_1_tl_31_w5" custom="readingOrder {index:4;}">
                    <Coords points="2121,1522 2121,1582 2191,1582 2191,1522"/>
                    <TextEquiv>
                        <Unicode>hat.</Unicode>
                    </TextEquiv>
                </Word>
                <Word id="tr_1_tl_31_w6" custom="readingOrder {index:5;}">
                    <Coords points="2223,1524 2223,1584 2333,1584 2333,1524"/>
                    <TextEquiv>
                        <Unicode>Darum</Unicode>
                    </TextEquiv>
                </Word>
                <Word id="tr_1_tl_31_w7" custom="readingOrder {index:6;}">
                    <Coords points="2394,1524 2394,1584 2428,1584 2428,1524"/>
                    <TextEquiv>
                        <Unicode>um</Unicode>
                    </TextEquiv>
                </Word>
                <Word id="tr_1_tl_31_w8" custom="readingOrder {index:7;}">
                    <Coords points="2469,1524 2469,1584 2494,1584 2494,1524"/>
                    <TextEquiv>
                        <Unicode>so</Unicode>
                    </TextEquiv>
                </Word>
                <Word id="tr_1_tl_31_w9" custom="readingOrder {index:8;}">
                    <Coords points="2529,1525 2529,1585 2609,1585 2609,1525"/>
                    <TextEquiv>
                        <Unicode>mehr</Unicode>
                    </TextEquiv>
                </Word>
                <Word id="tr_1_tl_31_w10" custom="readingOrder {index:9;}">
                    <Coords points="2640,1524 2640,1584 2670,1584 2670,1524"/>
                    <TextEquiv>
                        <Unicode>an</Unicode>
                    </TextEquiv>
                </Word>
                <Word id="tr_1_tl_31_w11" custom="readingOrder {index:10;}">
                    <Coords points="2705,1524 2705,1584 2750,1584 2750,1524"/>
                    <TextEquiv>
                        <Unicode>die</Unicode>
                    </TextEquiv>
                </Word>
                <TextEquiv>
                    <Unicode>erinnern, die er gesagt hat. Darum um so mehr an die</Unicode>
                </TextEquiv>
            </TextLine>
            <TextLine id="tr_1_tl_32" custom="readingOrder {index:31;}">
                <Coords points="476,1578 1589,1582 1562,1532 476,1552"/>
                <Baseline points="483,1573 538,1571 593,1573 649,1573 704,1573 760,1573 815,1575 870,1576 926,1576 981,1575 1037,1573 1092,1576 1147,1573 1203,1573 1258,1571 1314,1572 1369,1573 1424,1572 1480,1572 1535,1571 1591,1570"/>
                <Word id="tr_1_tl_32_w1" custom="readingOrder {index:0;}">
                    <Coords points="471,1533 471,1593 719,1593 719,1533"/>
                    <TextEquiv>
                        <Unicode>lassesdes</Unicode>
                    </TextEquiv>
                </Word>
                <Word id="tr_1_tl_32_w2" custom="readingOrder {index:1;}">
                    <Coords points="754,1535 754,1595 985,1595 985,1535"/>
                    <TextEquiv>
                        <Unicode>Dichters,</Unicode>
                    </TextEquiv>
                </Word>
                <Word id="tr_1_tl_32_w3" custom="readingOrder {index:2;}">
                    <Coords points="1009,1533 1009,1593 1054,1593 1054,1533"/>
                    <TextEquiv>
                        <Unicode>die</Unicode>
                    </TextEquiv>
                </Word>
                <Word id="tr_1_tl_32_w4" custom="readingOrder {index:3;}">
                    <Coords points="1083,1535 1083,1595 1105,1595 1105,1535"/>
                    <TextEquiv>
                        <Unicode>in</Unicode>
                    </TextEquiv>
                </Word>
                <Word id="tr_1_tl_32_w5" custom="readingOrder {index:4;}">
                    <Coords points="1139,1533 1139,1593 1189,1593 1189,1533"/>
                    <TextEquiv>
                        <Unicode>den</Unicode>
                    </TextEquiv>
                </Word>
                <Word id="tr_1_tl_32_w6" custom="readingOrder {index:5;}">
                    <Coords points="1230,1532 1230,1592 1428,1592 1428,1532"/>
                    <TextEquiv>
                        <Unicode>wesentlichen</Unicode>
                    </TextEquiv>
                </Word>
                <Word id="tr_1_tl_32_w7" custom="readingOrder {index:6;}">
                    <Coords points="1462,1531 1462,1591 1586,1591 1586,1531"/>
                    <TextEquiv>
                        <Unicode>Einzel¬</Unicode>
                    </TextEquiv>
                </Word>
                <TextEquiv>
                    <Unicode>lassesdes Dichters, die in den wesentlichen Einzel¬</Unicode>
                </TextEquiv>
            </TextLine>
            <TextLine id="tr_1_tl_33" custom="readingOrder {index:32;}">
                <Coords points="1634,1610 2763,1616 2728,1569 1634,1573"/>
                <Baseline points="1642,1603 1698,1604 1754,1606 1810,1606 1867,1606 1923,1606 1979,1608 2035,1609 2092,1609 2148,1609 2204,1609 2260,1607 2317,1609 2373,1609 2429,1609 2485,1609 2542,1609 2598,1611 2654,1611 2710,1609 2767,1606"/>
                <Word id="tr_1_tl_33_w1" custom="readingOrder {index:0;}">
                    <Coords points="1634,1564 1634,1624 1802,1624 1802,1564"/>
                    <TextEquiv>
                        <Unicode>rührende,</Unicode>
                    </TextEquiv>
                </Word>
                <Word id="tr_1_tl_33_w2" custom="readingOrder {index:1;}">
                    <Coords points="1835,1566 1835,1626 1908,1626 1908,1566"/>
                    <TextEquiv>
                        <Unicode>mich</Unicode>
                    </TextEquiv>
                </Word>
                <Word id="tr_1_tl_33_w3" custom="readingOrder {index:2;}">
                    <Coords points="1957,1569 1957,1629 2131,1629 2131,1569"/>
                    <TextEquiv>
                        <Unicode>manchmal</Unicode>
                    </TextEquiv>
                </Word>
                <Word id="tr_1_tl_33_w4" custom="readingOrder {index:3;}">
                    <Coords points="2168,1569 2168,1629 2232,1629 2232,1569"/>
                    <TextEquiv>
                        <Unicode>fast</Unicode>
                    </TextEquiv>
                </Word>
                <Word id="tr_1_tl_33_w5" custom="readingOrder {index:4;}">
                    <Coords points="2275,1569 2275,1629 2491,1629 2491,1569"/>
                    <TextEquiv>
                        <Unicode>erschütternde</Unicode>
                    </TextEquiv>
                </Word>
                <Word id="tr_1_tl_33_w6" custom="readingOrder {index:5;}">
                    <Coords points="2523,1570 2523,1630 2629,1630 2629,1570"/>
                    <TextEquiv>
                        <Unicode>Macht</Unicode>
                    </TextEquiv>
                </Word>
                <Word id="tr_1_tl_33_w7" custom="readingOrder {index:6;}">
                    <Coords points="2661,1569 2661,1629 2750,1629 2750,1569"/>
                    <TextEquiv>
                        <Unicode>seiner</Unicode>
                    </TextEquiv>
                </Word>
                <TextEquiv>
                    <Unicode>rührende, mich manchmal fast erschütternde Macht seiner</Unicode>
                </TextEquiv>
            </TextLine>
            <TextLine id="tr_1_tl_34" custom="readingOrder {index:33;}">
                <Coords points="469,1639 1414,1629 1414,1583 1359,1578 469,1578"/>
                <Baseline points="477,1621 524,1618 571,1615 618,1618 665,1619 712,1621 759,1621 806,1621 853,1621 900,1621 947,1621 994,1619 1041,1620 1088,1621 1135,1619 1182,1620 1229,1619 1276,1618 1323,1618 1370,1618 1418,1618"/>
                <Word id="tr_1_tl_34_w1" custom="readingOrder {index:0;}">
                    <Coords points="470,1578 470,1638 557,1638 557,1578"/>
                    <TextEquiv>
                        <Unicode>heiten</Unicode>
                    </TextEquiv>
                </Word>
                <Word id="tr_1_tl_34_w2" custom="readingOrder {index:1;}">
                    <Coords points="591,1578 591,1638 685,1638 685,1578"/>
                    <TextEquiv>
                        <Unicode>jedoch</Unicode>
                    </TextEquiv>
                </Word>
                <Word id="tr_1_tl_34_w3" custom="readingOrder {index:2;}">
                    <Coords points="714,1581 714,1641 768,1641 768,1581"/>
                    <TextEquiv>
                        <Unicode>erst</Unicode>
                    </TextEquiv>
                </Word>
                <Word id="tr_1_tl_34_w4" custom="readingOrder {index:3;}">
                    <Coords points="791,1581 791,1641 890,1641 890,1581"/>
                    <TextEquiv>
                        <Unicode>später</Unicode>
                    </TextEquiv>
                </Word>
                <Word id="tr_1_tl_34_w5" custom="readingOrder {index:4;}">
                    <Coords points="913,1579 913,1639 1139,1639 1139,1579"/>
                    <TextEquiv>
                        <Unicode>veröffentlicht</Unicode>
                    </TextEquiv>
                </Word>
                <Word id="tr_1_tl_34_w6" custom="readingOrder {index:5;}">
                    <Coords points="1162,1579 1162,1639 1273,1639 1273,1579"/>
                    <TextEquiv>
                        <Unicode>werden</Unicode>
                    </TextEquiv>
                </Word>
                <Word id="tr_1_tl_34_w7" custom="readingOrder {index:6;}">
                    <Coords points="1307,1578 1307,1638 1411,1638 1411,1578"/>
                    <TextEquiv>
                        <Unicode>sollen.</Unicode>
                    </TextEquiv>
                </Word>
                <TextEquiv>
                    <Unicode>heiten jedoch erst später veröffentlicht werden sollen.</Unicode>
                </TextEquiv>
            </TextLine>
            <TextLine id="tr_1_tl_35" custom="readingOrder {index:34;}">
                <Coords points="1634,1657 2762,1671 2752,1617 1634,1610"/>
                <Baseline points="1642,1647 1698,1649 1754,1649 1810,1652 1866,1650 1922,1653 1978,1651 2034,1652 2090,1653 2146,1653 2203,1653 2259,1655 2315,1653 2371,1656 2427,1658 2483,1657 2539,1656 2595,1656 2651,1656 2707,1656 2764,1656"/>
                <Word id="tr_1_tl_35_w1" custom="readingOrder {index:0;}">
                    <Coords points="1635,1608 1635,1668 1717,1668 1717,1608"/>
                    <TextEquiv>
                        <Unicode>bloße</Unicode>
                    </TextEquiv>
                </Word>
                <Word id="tr_1_tl_35_w2" custom="readingOrder {index:1;}">
                    <Coords points="1746,1610 1746,1670 1978,1670 1978,1610"/>
                    <TextEquiv>
                        <Unicode>Anwesenheit.</Unicode>
                    </TextEquiv>
                </Word>
                <Word id="tr_1_tl_35_w3" custom="readingOrder {index:2;}">
                    <Coords points="2001,1613 2001,1673 2216,1673 2216,1613"/>
                    <TextEquiv>
                        <Unicode>Stundenlang</Unicode>
                    </TextEquiv>
                </Word>
                <Word id="tr_1_tl_35_w4" custom="readingOrder {index:3;}">
                    <Coords points="2250,1614 2250,1674 2294,1674 2294,1614"/>
                    <TextEquiv>
                        <Unicode>saß</Unicode>
                    </TextEquiv>
                </Word>
                <Word id="tr_1_tl_35_w5" custom="readingOrder {index:4;}">
                    <Coords points="2328,1614 2328,1674 2360,1674 2360,1614"/>
                    <TextEquiv>
                        <Unicode>er</Unicode>
                    </TextEquiv>
                </Word>
                <Word id="tr_1_tl_35_w6" custom="readingOrder {index:5;}">
                    <Coords points="2389,1617 2389,1677 2466,1677 2466,1617"/>
                    <TextEquiv>
                        <Unicode>ganz</Unicode>
                    </TextEquiv>
                </Word>
                <Word id="tr_1_tl_35_w7" custom="readingOrder {index:6;}">
                    <Coords points="2483,1616 2483,1676 2543,1676 2543,1616"/>
                    <TextEquiv>
                        <Unicode>still</Unicode>
                    </TextEquiv>
                </Word>
                <Word id="tr_1_tl_35_w8" custom="readingOrder {index:7;}">
                    <Coords points="2566,1616 2566,1676 2593,1676 2593,1616"/>
                    <TextEquiv>
                        <Unicode>da</Unicode>
                    </TextEquiv>
                </Word>
                <Word id="tr_1_tl_35_w9" custom="readingOrder {index:8;}">
                    <Coords points="2633,1616 2633,1676 2682,1676 2682,1616"/>
                    <TextEquiv>
                        <Unicode>und</Unicode>
                    </TextEquiv>
                </Word>
                <Word id="tr_1_tl_35_w10" custom="readingOrder {index:9;}">
                    <Coords points="2710,1616 2710,1676 2749,1676 2749,1616"/>
                    <TextEquiv>
                        <Unicode>ich</Unicode>
                    </TextEquiv>
                </Word>
                <TextEquiv>
                    <Unicode>bloße Anwesenheit. Stundenlang saß er ganz still da und ich</Unicode>
                </TextEquiv>
            </TextLine>
            <TextLine id="tr_1_tl_36" custom="readingOrder {index:35;}">
                <Coords points="562,1674 1588,1670 1568,1623 564,1629"/>
                <Baseline points="570,1662 621,1662 672,1665 723,1665 774,1667 825,1668 876,1665 927,1668 978,1668 1029,1665 1080,1665 1131,1665 1182,1665 1233,1665 1284,1662 1335,1662 1386,1662 1437,1663 1488,1665 1539,1665 1591,1662"/>
                <Word id="tr_1_tl_36_w1" custom="readingOrder {index:0;}">
                    <Coords points="557,1622 557,1682 612,1682 612,1622"/>
                    <TextEquiv>
                        <Unicode>Ein</Unicode>
                    </TextEquiv>
                </Word>
                <Word id="tr_1_tl_36_w2" custom="readingOrder {index:1;}">
                    <Coords points="640,1625 640,1685 784,1685 784,1625"/>
                    <TextEquiv>
                        <Unicode>Nachsatz</Unicode>
                    </TextEquiv>
                </Word>
                <Word id="tr_1_tl_36_w3" custom="readingOrder {index:2;}">
                    <Coords points="807,1627 807,1687 857,1687 857,1627"/>
                    <TextEquiv>
                        <Unicode>zum</Unicode>
                    </TextEquiv>
                </Word>
                <Word id="tr_1_tl_36_w4" custom="readingOrder {index:3;}">
                    <Coords points="897,1627 897,1687 1080,1687 1080,1627"/>
                    <TextEquiv>
                        <Unicode>Testament</Unicode>
                    </TextEquiv>
                </Word>
                <Word id="tr_1_tl_36_w5" custom="readingOrder {index:4;}">
                    <Coords points="1102,1625 1102,1685 1269,1685 1269,1625"/>
                    <TextEquiv>
                        <Unicode>behandelt</Unicode>
                    </TextEquiv>
                </Word>
                <Word id="tr_1_tl_36_w6" custom="readingOrder {index:5;}">
                    <Coords points="1292,1622 1292,1682 1336,1682 1336,1622"/>
                    <TextEquiv>
                        <Unicode>die</Unicode>
                    </TextEquiv>
                </Word>
                <Word id="tr_1_tl_36_w7" custom="readingOrder {index:6;}">
                    <Coords points="1359,1624 1359,1684 1580,1684 1580,1624"/>
                    <TextEquiv>
                        <Unicode>Verfügungen</Unicode>
                    </TextEquiv>
                </Word>
                <TextEquiv>
                    <Unicode>Ein Nachsatz zum Testament behandelt die Verfügungen</Unicode>
                </TextEquiv>
            </TextLine>
            <TextLine id="tr_1_tl_37" custom="readingOrder {index:36;}">
                <Coords points="1642,1715 2762,1711 2724,1660 1640,1657"/>
                <Baseline points="1650,1698 1705,1695 1761,1695 1817,1697 1872,1698 1928,1699 1984,1700 2039,1698 2095,1698 2151,1701 2207,1701 2262,1701 2318,1701 2374,1701 2429,1701 2485,1701 2541,1701 2596,1704 2652,1701 2708,1701 2764,1704"/>
                <Word id="tr_1_tl_37_w1" custom="readingOrder {index:0;}">
                    <Coords points="1635,1656 1635,1716 1712,1716 1712,1656"/>
                    <TextEquiv>
                        <Unicode>hatte</Unicode>
                    </TextEquiv>
                </Word>
                <Word id="tr_1_tl_37_w2" custom="readingOrder {index:1;}">
                    <Coords points="1735,1655 1735,1715 1779,1715 1779,1655"/>
                    <TextEquiv>
                        <Unicode>oft</Unicode>
                    </TextEquiv>
                </Word>
                <Word id="tr_1_tl_37_w3" custom="readingOrder {index:2;}">
                    <Coords points="1802,1657 1802,1717 1852,1717 1852,1657"/>
                    <TextEquiv>
                        <Unicode>das</Unicode>
                    </TextEquiv>
                </Word>
                <Word id="tr_1_tl_37_w4" custom="readingOrder {index:3;}">
                    <Coords points="1880,1659 1880,1719 2080,1719 2080,1659"/>
                    <TextEquiv>
                        <Unicode>unheimliche</Unicode>
                    </TextEquiv>
                </Word>
                <Word id="tr_1_tl_37_w5" custom="readingOrder {index:4;}">
                    <Coords points="2103,1661 2103,1721 2230,1721 2230,1661"/>
                    <TextEquiv>
                        <Unicode>Gefühl,</Unicode>
                    </TextEquiv>
                </Word>
                <Word id="tr_1_tl_37_w6" custom="readingOrder {index:5;}">
                    <Coords points="2248,1661 2248,1721 2297,1721 2297,1661"/>
                    <TextEquiv>
                        <Unicode>als</Unicode>
                    </TextEquiv>
                </Word>
                <Word id="tr_1_tl_37_w7" custom="readingOrder {index:6;}">
                    <Coords points="2320,1661 2320,1721 2425,1721 2425,1661"/>
                    <TextEquiv>
                        <Unicode>gehöre</Unicode>
                    </TextEquiv>
                </Word>
                <Word id="tr_1_tl_37_w8" custom="readingOrder {index:7;}">
                    <Coords points="2448,1661 2448,1721 2476,1721 2476,1661"/>
                    <TextEquiv>
                        <Unicode>er</Unicode>
                    </TextEquiv>
                </Word>
                <Word id="tr_1_tl_37_w9" custom="readingOrder {index:8;}">
                    <Coords points="2499,1661 2499,1721 2554,1721 2554,1661"/>
                    <TextEquiv>
                        <Unicode>gar</Unicode>
                    </TextEquiv>
                </Word>
                <Word id="tr_1_tl_37_w10" custom="readingOrder {index:9;}">
                    <Coords points="2577,1662 2577,1722 2654,1722 2654,1662"/>
                    <TextEquiv>
                        <Unicode>nicht</Unicode>
                    </TextEquiv>
                </Word>
                <Word id="tr_1_tl_37_w11" custom="readingOrder {index:10;}">
                    <Coords points="2671,1661 2671,1721 2754,1721 2754,1661"/>
                    <TextEquiv>
                        <Unicode>mehr</Unicode>
                    </TextEquiv>
                </Word>
                <TextEquiv>
                    <Unicode>hatte oft das unheimliche Gefühl, als gehöre er gar nicht mehr</Unicode>
                </TextEquiv>
            </TextLine>
            <TextLine id="tr_1_tl_38" custom="readingOrder {index:37;}">
                <Coords points="457,1724 1588,1718 1588,1671 457,1673"/>
                <Baseline points="465,1707 521,1710 577,1710 633,1710 690,1713 746,1713 802,1711 859,1710 915,1713 971,1713 1028,1713 1084,1713 1140,1710 1196,1713 1253,1713 1309,1713 1365,1713 1422,1713 1478,1713 1534,1710 1591,1710"/>
                <Word id="tr_1_tl_38_w1" custom="readingOrder {index:0;}">
                    <Coords points="463,1668 463,1728 516,1728 516,1668"/>
                    <TextEquiv>
                        <Unicode>des</Unicode>
                    </TextEquiv>
                </Word>
                <Word id="tr_1_tl_38_w2" custom="readingOrder {index:1;}">
                    <Coords points="538,1670 538,1730 694,1730 694,1670"/>
                    <TextEquiv>
                        <Unicode>Dichters,</Unicode>
                    </TextEquiv>
                </Word>
                <Word id="tr_1_tl_38_w3" custom="readingOrder {index:2;}">
                    <Coords points="717,1671 717,1731 878,1731 878,1671"/>
                    <TextEquiv>
                        <Unicode>betreffend</Unicode>
                    </TextEquiv>
                </Word>
                <Word id="tr_1_tl_38_w4" custom="readingOrder {index:3;}">
                    <Coords points="906,1673 906,1733 953,1733 953,1673"/>
                    <TextEquiv>
                        <Unicode>sein</Unicode>
                    </TextEquiv>
                </Word>
                <Word id="tr_1_tl_38_w5" custom="readingOrder {index:4;}">
                    <Coords points="981,1670 981,1730 1299,1730 1299,1670"/>
                    <TextEquiv>
                        <Unicode>Leichenbegängnis,</Unicode>
                    </TextEquiv>
                </Word>
                <Word id="tr_1_tl_38_w6" custom="readingOrder {index:5;}">
                    <Coords points="1316,1673 1316,1733 1375,1733 1375,1673"/>
                    <TextEquiv>
                        <Unicode>doch</Unicode>
                    </TextEquiv>
                </Word>
                <Word id="tr_1_tl_38_w7" custom="readingOrder {index:6;}">
                    <Coords points="1402,1673 1402,1733 1515,1733 1515,1673"/>
                    <TextEquiv>
                        <Unicode>werden</Unicode>
                    </TextEquiv>
                </Word>
                <Word id="tr_1_tl_38_w8" custom="readingOrder {index:7;}">
                    <Coords points="1543,1670 1543,1730 1585,1730 1585,1670"/>
                    <TextEquiv>
                        <Unicode>die</Unicode>
                    </TextEquiv>
                </Word>
                <TextEquiv>
                    <Unicode>des Dichters, betreffend sein Leichenbegängnis, doch werden die</Unicode>
                </TextEquiv>
            </TextLine>
            <TextLine id="tr_1_tl_39" custom="readingOrder {index:38;}">
                <Coords points="1642,1762 2763,1764 2763,1711 2715,1708 1642,1715"/>
                <Baseline points="1650,1746 1705,1743 1761,1743 1817,1743 1873,1743 1929,1745 1985,1743 2040,1743 2096,1746 2152,1746 2208,1746 2264,1746 2320,1746 2376,1747 2431,1748 2487,1748 2543,1749 2599,1749 2655,1748 2711,1748 2767,1752"/>
                <Word id="tr_1_tl_39_w1" custom="readingOrder {index:0;}">
                    <Coords points="1637,1706 1637,1766 1662,1766 1662,1706"/>
                    <TextEquiv>
                        <Unicode>zu</Unicode>
                    </TextEquiv>
                </Word>
                <Word id="tr_1_tl_39_w2" custom="readingOrder {index:1;}">
                    <Coords points="1694,1703 1694,1763 1745,1763 1745,1703"/>
                    <TextEquiv>
                        <Unicode>den</Unicode>
                    </TextEquiv>
                </Word>
                <Word id="tr_1_tl_39_w3" custom="readingOrder {index:2;}">
                    <Coords points="1776,1703 1776,1763 1952,1763 1952,1703"/>
                    <TextEquiv>
                        <Unicode>Lebenden,</Unicode>
                    </TextEquiv>
                </Word>
                <Word id="tr_1_tl_39_w4" custom="readingOrder {index:3;}">
                    <Coords points="1979,1703 1979,1763 2014,1763 2014,1703"/>
                    <TextEquiv>
                        <Unicode>sei</Unicode>
                    </TextEquiv>
                </Word>
                <Word id="tr_1_tl_39_w5" custom="readingOrder {index:4;}">
                    <Coords points="2041,1706 2041,1766 2227,1766 2227,1706"/>
                    <TextEquiv>
                        <Unicode>unmerkbar</Unicode>
                    </TextEquiv>
                </Word>
                <Word id="tr_1_tl_39_w6" custom="readingOrder {index:5;}">
                    <Coords points="2264,1706 2264,1766 2403,1766 2403,1706"/>
                    <TextEquiv>
                        <Unicode>erloschen</Unicode>
                    </TextEquiv>
                </Word>
                <Word id="tr_1_tl_39_w7" custom="readingOrder {index:6;}">
                    <Coords points="2451,1708 2451,1768 2507,1768 2507,1708"/>
                    <TextEquiv>
                        <Unicode>und</Unicode>
                    </TextEquiv>
                </Word>
                <Word id="tr_1_tl_39_w8" custom="readingOrder {index:7;}">
                    <Coords points="2549,1708 2549,1768 2652,1768 2652,1708"/>
                    <TextEquiv>
                        <Unicode>könne</Unicode>
                    </TextEquiv>
                </Word>
                <Word id="tr_1_tl_39_w9" custom="readingOrder {index:8;}">
                    <Coords points="2689,1708 2689,1768 2756,1768 2756,1708"/>
                    <TextEquiv>
                        <Unicode>noch</Unicode>
                    </TextEquiv>
                </Word>
                <TextEquiv>
                    <Unicode>zu den Lebenden, sei unmerkbar erloschen und könne noch</Unicode>
                </TextEquiv>
            </TextLine>
            <TextLine id="tr_1_tl_40" custom="readingOrder {index:39;}">
                <Coords points="460,1759 1585,1764 1545,1717 460,1728"/>
                <Baseline points="468,1758 524,1757 580,1755 636,1757 692,1755 748,1755 804,1756 860,1758 916,1758 972,1760 1028,1758 1084,1760 1140,1761 1196,1761 1252,1760 1308,1758 1364,1758 1420,1758 1476,1756 1532,1757 1588,1755"/>
                <Word id="tr_1_tl_40_w1" custom="readingOrder {index:0;}">
                    <Coords points="466,1715 466,1775 664,1775 664,1715"/>
                    <TextEquiv>
                        <Unicode>endgültigen</Unicode>
                    </TextEquiv>
                </Word>
                <Word id="tr_1_tl_40_w2" custom="readingOrder {index:1;}">
                    <Coords points="693,1716 693,1776 924,1776 924,1716"/>
                    <TextEquiv>
                        <Unicode>Dispositionen</Unicode>
                    </TextEquiv>
                </Word>
                <Word id="tr_1_tl_40_w3" custom="readingOrder {index:2;}">
                    <Coords points="958,1719 958,1779 1007,1779 1007,1719"/>
                    <TextEquiv>
                        <Unicode>von</Unicode>
                    </TextEquiv>
                </Word>
                <Word id="tr_1_tl_40_w4" custom="readingOrder {index:3;}">
                    <Coords points="1041,1719 1041,1779 1085,1779 1085,1719"/>
                    <TextEquiv>
                        <Unicode>der</Unicode>
                    </TextEquiv>
                </Word>
                <Word id="tr_1_tl_40_w5" custom="readingOrder {index:4;}">
                    <Coords points="1107,1721 1107,1781 1245,1781 1245,1721"/>
                    <TextEquiv>
                        <Unicode>Familie</Unicode>
                    </TextEquiv>
                </Word>
                <Word id="tr_1_tl_40_w6" custom="readingOrder {index:5;}">
                    <Coords points="1268,1718 1268,1778 1328,1778 1328,1718"/>
                    <TextEquiv>
                        <Unicode>erst</Unicode>
                    </TextEquiv>
                </Word>
                <Word id="tr_1_tl_40_w7" custom="readingOrder {index:6;}">
                    <Coords points="1351,1718 1351,1778 1372,1778 1372,1718"/>
                    <TextEquiv>
                        <Unicode>im</Unicode>
                    </TextEquiv>
                </Word>
                <Word id="tr_1_tl_40_w8" custom="readingOrder {index:7;}">
                    <Coords points="1417,1716 1417,1776 1510,1776 1510,1716"/>
                    <TextEquiv>
                        <Unicode>Laufe</Unicode>
                    </TextEquiv>
                </Word>
                <Word id="tr_1_tl_40_w9" custom="readingOrder {index:8;}">
                    <Coords points="1533,1716 1533,1776 1582,1776 1582,1716"/>
                    <TextEquiv>
                        <Unicode>des</Unicode>
                    </TextEquiv>
                </Word>
                <TextEquiv>
                    <Unicode>endgültigen Dispositionen von der Familie erst im Laufe des</Unicode>
                </TextEquiv>
            </TextLine>
            <TextLine id="tr_1_tl_41" custom="readingOrder {index:40;}">
                <Coords points="1634,1795 2333,1825 2471,1796 2555,1829 2763,1799 2725,1754 1634,1759"/>
                <Baseline points="1642,1785 1698,1788 1754,1790 1810,1789 1867,1791 1923,1789 1979,1791 2035,1791 2092,1791 2148,1791 2204,1791 2260,1793 2317,1794 2373,1795 2429,1795 2485,1797 2542,1797 2598,1797 2654,1795 2710,1794 2767,1797"/>
                <Word id="tr_1_tl_41_w1" custom="readingOrder {index:0;}">
                    <Coords points="1640,1746 1640,1806 1715,1806 1715,1746"/>
                    <TextEquiv>
                        <Unicode>nicht</Unicode>
                    </TextEquiv>
                </Word>
                <Word id="tr_1_tl_41_w2" custom="readingOrder {index:1;}">
                    <Coords points="1737,1749 1737,1809 1796,1809 1796,1749"/>
                    <TextEquiv>
                        <Unicode>fort</Unicode>
                    </TextEquiv>
                </Word>
                <Word id="tr_1_tl_41_w3" custom="readingOrder {index:2;}">
                    <Coords points="1820,1750 1820,1810 1868,1810 1868,1750"/>
                    <TextEquiv>
                        <Unicode>von</Unicode>
                    </TextEquiv>
                </Word>
                <Word id="tr_1_tl_41_w4" custom="readingOrder {index:3;}">
                    <Coords points="1901,1749 1901,1809 1987,1809 1987,1749"/>
                    <TextEquiv>
                        <Unicode>seinem</Unicode>
                    </TextEquiv>
                </Word>
                <Word id="tr_1_tl_41_w5" custom="readingOrder {index:4;}">
                    <Coords points="2032,1751 2032,1811 2140,1811 2140,1751"/>
                    <TextEquiv>
                        <Unicode>Werk.</Unicode>
                    </TextEquiv>
                </Word>
                <Word id="tr_1_tl_41_w6" custom="readingOrder {index:5;}">
                    <Coords points="2157,1751 2157,1811 2216,1811 2216,1751"/>
                    <TextEquiv>
                        <Unicode>Nie</Unicode>
                    </TextEquiv>
                </Word>
                <Word id="tr_1_tl_41_w7" custom="readingOrder {index:6;}">
                    <Coords points="2239,1753 2239,1813 2336,1813 2336,1753"/>
                    <TextEquiv>
                        <Unicode>werde</Unicode>
                    </TextEquiv>
                </Word>
                <Word id="tr_1_tl_41_w8" custom="readingOrder {index:7;}">
                    <Coords points="2358,1755 2358,1815 2396,1815 2396,1755"/>
                    <TextEquiv>
                        <Unicode>ich</Unicode>
                    </TextEquiv>
                </Word>
                <Word id="tr_1_tl_41_w9" custom="readingOrder {index:8;}">
                    <Coords points="2424,1755 2424,1815 2467,1815 2467,1755"/>
                    <TextEquiv>
                        <Unicode>die</Unicode>
                    </TextEquiv>
                </Word>
                <Word id="tr_1_tl_41_w10" custom="readingOrder {index:9;}">
                    <Coords points="2489,1756 2489,1816 2760,1816 2760,1756"/>
                    <TextEquiv>
                        <Unicode>unveränderliche</Unicode>
                    </TextEquiv>
                </Word>
                <TextEquiv>
                    <Unicode>nicht fort von seinem Werk. Nie werde ich die unveränderliche</Unicode>
                </TextEquiv>
            </TextLine>
            <TextLine id="tr_1_tl_42" custom="readingOrder {index:41;}">
                <Coords points="469,1835 606,1806 1191,1820 1191,1776 1153,1764 469,1762"/>
                <Baseline points="477,1803 512,1803 548,1803 584,1803 620,1803 656,1803 692,1803 727,1803 763,1803 799,1803 835,1803 871,1803 907,1803 943,1803 978,1803 1014,1803 1050,1803 1086,1803 1122,1803 1158,1803 1194,1803"/>
                <Word id="tr_1_tl_42_w1" custom="readingOrder {index:0;}">
                    <Coords points="470,1763 470,1823 599,1823 599,1763"/>
                    <TextEquiv>
                        <Unicode>heutigen</Unicode>
                    </TextEquiv>
                </Word>
                <Word id="tr_1_tl_42_w2" custom="readingOrder {index:1;}">
                    <Coords points="634,1763 634,1823 849,1823 849,1763"/>
                    <TextEquiv>
                        <Unicode>Nachmittags</Unicode>
                    </TextEquiv>
                </Word>
                <Word id="tr_1_tl_42_w3" custom="readingOrder {index:2;}">
                    <Coords points="878,1763 878,1823 1019,1823 1019,1763"/>
                    <TextEquiv>
                        <Unicode>getroffen</Unicode>
                    </TextEquiv>
                </Word>
                <Word id="tr_1_tl_42_w4" custom="readingOrder {index:3;}">
                    <Coords points="1053,1763 1053,1823 1183,1823 1183,1763"/>
                    <TextEquiv>
                        <Unicode>werden.</Unicode>
                    </TextEquiv>
                </Word>
                <TextEquiv>
                    <Unicode>heutigen Nachmittags getroffen werden.</Unicode>
                </TextEquiv>
            </TextLine>
            <TextLine id="tr_1_tl_43" custom="readingOrder {index:42;}">
                <Coords points="1639,1856 2322,1856 2322,1812 2265,1796 1639,1796"/>
                <Baseline points="1647,1836 1680,1834 1714,1833 1748,1834 1782,1836 1816,1836 1850,1836 1884,1836 1918,1836 1952,1834 1986,1835 2019,1836 2053,1836 2087,1836 2121,1836 2155,1836 2189,1836 2223,1839 2257,1837 2291,1837 2325,1836"/>
                <Word id="tr_1_tl_43_w1" custom="readingOrder {index:0;}">
                    <Coords points="1640,1793 1640,1853 1828,1853 1828,1793"/>
                    <TextEquiv>
                        <Unicode>Schwermut</Unicode>
                    </TextEquiv>
                </Word>
                <Word id="tr_1_tl_43_w2" custom="readingOrder {index:1;}">
                    <Coords points="1857,1796 1857,1856 1946,1856 1946,1796"/>
                    <TextEquiv>
                        <Unicode>dieses</Unicode>
                    </TextEquiv>
                </Word>
                <Word id="tr_1_tl_43_w3" custom="readingOrder {index:2;}">
                    <Coords points="1980,1796 1980,1856 2124,1856 2124,1796"/>
                    <TextEquiv>
                        <Unicode>Gesichtes</Unicode>
                    </TextEquiv>
                </Word>
                <Word id="tr_1_tl_43_w4" custom="readingOrder {index:3;}">
                    <Coords points="2158,1798 2158,1858 2319,1858 2319,1798"/>
                    <TextEquiv>
                        <Unicode>vergessen.</Unicode>
                    </TextEquiv>
                </Word>
                <TextEquiv>
                    <Unicode>Schwermut dieses Gesichtes vergessen.</Unicode>
                </TextEquiv>
            </TextLine>
            <TextLine id="tr_1_tl_44" custom="readingOrder {index:43;}">
                <Coords points="559,1855 1595,1862 1595,1808 1519,1792 559,1816"/>
                <Baseline points="567,1845 618,1848 670,1848 721,1848 773,1848 824,1848 876,1848 927,1848 979,1848 1030,1849 1082,1851 1133,1851 1185,1851 1236,1851 1288,1848 1339,1848 1391,1848 1442,1848 1494,1850 1545,1851 1597,1851"/>
                <Word id="tr_1_tl_44_w1" custom="readingOrder {index:0;}">
                    <Coords points="559,1806 559,1866 623,1866 623,1806"/>
                    <TextEquiv>
                        <Unicode>Die</Unicode>
                    </TextEquiv>
                </Word>
                <Word id="tr_1_tl_44_w2" custom="readingOrder {index:1;}">
                    <Coords points="651,1808 651,1868 867,1868 867,1808"/>
                    <TextEquiv>
                        <Unicode>Totenmashe</Unicode>
                    </TextEquiv>
                </Word>
                <Word id="tr_1_tl_44_w3" custom="readingOrder {index:2;}">
                    <Coords points="901,1808 901,1868 1002,1868 1002,1808"/>
                    <TextEquiv>
                        <Unicode>wurde</Unicode>
                    </TextEquiv>
                </Word>
                <Word id="tr_1_tl_44_w4" custom="readingOrder {index:3;}">
                    <Coords points="1030,1810 1030,1870 1084,1870 1084,1810"/>
                    <TextEquiv>
                        <Unicode>vom</Unicode>
                    </TextEquiv>
                </Word>
                <Word id="tr_1_tl_44_w5" custom="readingOrder {index:4;}">
                    <Coords points="1128,1810 1128,1870 1354,1870 1354,1810"/>
                    <TextEquiv>
                        <Unicode>akademischen</Unicode>
                    </TextEquiv>
                </Word>
                <Word id="tr_1_tl_44_w6" custom="readingOrder {index:5;}">
                    <Coords points="1393,1808 1393,1868 1501,1868 1501,1808"/>
                    <TextEquiv>
                        <Unicode>Maler</Unicode>
                    </TextEquiv>
                </Word>
                <Word id="tr_1_tl_44_w7" custom="readingOrder {index:6;}">
                    <Coords points="1528,1811 1528,1871 1587,1871 1587,1811"/>
                    <TextEquiv>
                        <Unicode>Leo</Unicode>
                    </TextEquiv>
                </Word>
                <TextEquiv>
                    <Unicode>Die Totenmashe wurde vom akademischen Maler Leo</Unicode>
                </TextEquiv>
            </TextLine>
            <TextLine id="tr_1_tl_45" custom="readingOrder {index:44;}">
                <Coords points="1732,1900 2763,1904 2748,1823 1732,1843"/>
                <Baseline points="1740,1880 1791,1877 1842,1881 1894,1882 1945,1880 1996,1880 2048,1880 2099,1883 2150,1883 2202,1883 2253,1883 2304,1883 2356,1883 2407,1883 2458,1883 2510,1884 2561,1886 2612,1886 2664,1886 2715,1886 2767,1886"/>
                <Word id="tr_1_tl_45_w1" custom="readingOrder {index:0;}">
                    <Coords points="1727,1838 1727,1898 1793,1898 1793,1838"/>
                    <TextEquiv>
                        <Unicode>Für</Unicode>
                    </TextEquiv>
                </Word>
                <Word id="tr_1_tl_45_w2" custom="readingOrder {index:1;}">
                    <Coords points="1821,1841 1821,1901 1892,1901 1892,1841"/>
                    <TextEquiv>
                        <Unicode>mich</Unicode>
                    </TextEquiv>
                </Word>
                <Word id="tr_1_tl_45_w3" custom="readingOrder {index:2;}">
                    <Coords points="1926,1840 1926,1900 2025,1900 2025,1840"/>
                    <TextEquiv>
                        <Unicode>wurde</Unicode>
                    </TextEquiv>
                </Word>
                <Word id="tr_1_tl_45_w4" custom="readingOrder {index:3;}">
                    <Coords points="2059,1841 2059,1901 2102,1901 2102,1841"/>
                    <TextEquiv>
                        <Unicode>die</Unicode>
                    </TextEquiv>
                </Word>
                <Word id="tr_1_tl_45_w5" custom="readingOrder {index:4;}">
                    <Coords points="2130,1843 2130,1903 2246,1903 2246,1843"/>
                    <TextEquiv>
                        <Unicode>Freude</Unicode>
                    </TextEquiv>
                </Word>
                <Word id="tr_1_tl_45_w6" custom="readingOrder {index:5;}">
                    <Coords points="2280,1843 2280,1903 2313,1903 2313,1843"/>
                    <TextEquiv>
                        <Unicode>an</Unicode>
                    </TextEquiv>
                </Word>
                <Word id="tr_1_tl_45_w7" custom="readingOrder {index:6;}">
                    <Coords points="2346,1843 2346,1903 2395,1903 2395,1843"/>
                    <TextEquiv>
                        <Unicode>der</Unicode>
                    </TextEquiv>
                </Word>
                <Word id="tr_1_tl_45_w8" custom="readingOrder {index:7;}">
                    <Coords points="2424,1845 2424,1905 2655,1905 2655,1845"/>
                    <TextEquiv>
                        <Unicode>Probenarbeit</Unicode>
                    </TextEquiv>
                </Word>
                <Word id="tr_1_tl_45_w9" custom="readingOrder {index:8;}">
                    <Coords points="2684,1846 2684,1906 2733,1906 2733,1846"/>
                    <TextEquiv>
                        <Unicode>zum</Unicode>
                    </TextEquiv>
                </Word>
                <TextEquiv>
                    <Unicode>Für mich wurde die Freude an der Probenarbeit zum</Unicode>
                </TextEquiv>
            </TextLine>
            <TextLine id="tr_1_tl_46" custom="readingOrder {index:45;}">
                <Coords points="460,1900 1590,1917 1590,1866 1521,1850 460,1847"/>
                <Baseline points="468,1892 524,1890 580,1892 636,1894 693,1895 749,1894 805,1892 862,1892 918,1895 974,1895 1031,1895 1087,1895 1143,1895 1199,1895 1256,1895 1312,1895 1368,1895 1425,1895 1481,1895 1537,1895 1594,1898"/>
                <Word id="tr_1_tl_46_w1" custom="readingOrder {index:0;}">
                    <Coords points="461,1850 461,1910 615,1910 615,1850"/>
                    <TextEquiv>
                        <Unicode>Delitz</Unicode>
                    </TextEquiv>
                </Word>
                <Word id="tr_1_tl_46_w2" custom="readingOrder {index:1;}">
                    <Coords points="626,1854 626,1914 714,1914 714,1854"/>
                    <TextEquiv>
                        <Unicode>heute</Unicode>
                    </TextEquiv>
                </Word>
                <Word id="tr_1_tl_46_w3" custom="readingOrder {index:2;}">
                    <Coords points="731,1852 731,1912 974,1912 974,1852"/>
                    <TextEquiv>
                        <Unicode>abgenommen.</Unicode>
                    </TextEquiv>
                </Word>
                <Word id="tr_1_tl_46_w4" custom="readingOrder {index:3;}">
                    <Coords points="985,1855 985,1915 1305,1915 1305,1855"/>
                    <TextEquiv>
                        <Unicode>Kondolenzschreiben</Unicode>
                    </TextEquiv>
                </Word>
                <Word id="tr_1_tl_46_w5" custom="readingOrder {index:4;}">
                    <Coords points="1334,1855 1334,1915 1388,1915 1388,1855"/>
                    <TextEquiv>
                        <Unicode>und</Unicode>
                    </TextEquiv>
                </Word>
                <Word id="tr_1_tl_46_w6" custom="readingOrder {index:5;}">
                    <Coords points="1411,1855 1411,1915 1576,1915 1576,1855"/>
                    <TextEquiv>
                        <Unicode>Depeschen</Unicode>
                    </TextEquiv>
                </Word>
                <TextEquiv>
                    <Unicode>Delitz heute abgenommen. Kondolenzschreiben und Depeschen</Unicode>
                </TextEquiv>
            </TextLine>
            <TextLine id="tr_1_tl_47" custom="readingOrder {index:46;}">
                <Coords points="1639,1934 2760,1935 2732,1890 1639,1879"/>
                <Baseline points="1647,1928 1702,1926 1758,1928 1814,1928 1870,1928 1926,1925 1982,1925 2037,1927 2093,1928 2149,1927 2205,1926 2261,1928 2317,1928 2373,1928 2428,1929 2484,1931 2540,1931 2596,1931 2652,1931 2708,1931 2764,1931"/>
                <Word id="tr_1_tl_47_w1" custom="readingOrder {index:0;}">
                    <Coords points="1640,1886 1640,1946 1738,1946 1738,1886"/>
                    <TextEquiv>
                        <Unicode>„Gang</Unicode>
                    </TextEquiv>
                </Word>
                <Word id="tr_1_tl_47_w2" custom="readingOrder {index:1;}">
                    <Coords points="1772,1888 1772,1948 1816,1948 1816,1888"/>
                    <TextEquiv>
                        <Unicode>zum</Unicode>
                    </TextEquiv>
                </Word>
                <Word id="tr_1_tl_47_w3" custom="readingOrder {index:2;}">
                    <Coords points="1855,1885 1855,1945 1999,1945 1999,1885"/>
                    <TextEquiv>
                        <Unicode>Weiher"</Unicode>
                    </TextEquiv>
                </Word>
                <Word id="tr_1_tl_47_w4" custom="readingOrder {index:3;}">
                    <Coords points="2027,1887 2027,1947 2115,1947 2115,1887"/>
                    <TextEquiv>
                        <Unicode>unter</Unicode>
                    </TextEquiv>
                </Word>
                <Word id="tr_1_tl_47_w5" custom="readingOrder {index:4;}">
                    <Coords points="2138,1886 2138,1946 2187,1946 2187,1886"/>
                    <TextEquiv>
                        <Unicode>der</Unicode>
                    </TextEquiv>
                </Word>
                <Word id="tr_1_tl_47_w6" custom="readingOrder {index:5;}">
                    <Coords points="2210,1887 2210,1947 2303,1947 2303,1887"/>
                    <TextEquiv>
                        <Unicode>Regie</Unicode>
                    </TextEquiv>
                </Word>
                <Word id="tr_1_tl_47_w7" custom="readingOrder {index:6;}">
                    <Coords points="2326,1888 2326,1948 2436,1948 2436,1888"/>
                    <TextEquiv>
                        <Unicode>Albert</Unicode>
                    </TextEquiv>
                </Word>
                <Word id="tr_1_tl_47_w8" custom="readingOrder {index:7;}">
                    <Coords points="2454,1891 2454,1951 2569,1951 2569,1891"/>
                    <TextEquiv>
                        <Unicode>Heines</Unicode>
                    </TextEquiv>
                </Word>
                <Word id="tr_1_tl_47_w9" custom="readingOrder {index:8;}">
                    <Coords points="2597,1891 2597,1951 2680,1951 2680,1891"/>
                    <TextEquiv>
                        <Unicode>durch</Unicode>
                    </TextEquiv>
                </Word>
                <Word id="tr_1_tl_47_w10" custom="readingOrder {index:9;}">
                    <Coords points="2708,1891 2708,1951 2752,1951 2752,1891"/>
                    <TextEquiv>
                        <Unicode>die</Unicode>
                    </TextEquiv>
                </Word>
                <TextEquiv>
                    <Unicode>„Gang zum Weiher" unter der Regie Albert Heines durch die</Unicode>
                </TextEquiv>
            </TextLine>
            <TextLine id="tr_1_tl_48" custom="readingOrder {index:47;}">
                <Coords points="466,1967 1342,1951 1319,1903 466,1897"/>
                <Baseline points="474,1943 517,1940 561,1940 604,1941 648,1943 692,1943 735,1942 779,1941 822,1943 866,1943 910,1943 953,1943 997,1943 1040,1943 1084,1943 1128,1943 1171,1943 1215,1943 1258,1943 1302,1940 1346,1940"/>
                <Word id="tr_1_tl_48_w1" custom="readingOrder {index:0;}">
                    <Coords points="468,1901 468,1961 527,1961 527,1901"/>
                    <TextEquiv>
                        <Unicode>sind</Unicode>
                    </TextEquiv>
                </Word>
                <Word id="tr_1_tl_48_w2" custom="readingOrder {index:1;}">
                    <Coords points="552,1900 552,1960 575,1960 575,1900"/>
                    <TextEquiv>
                        <Unicode>in</Unicode>
                    </TextEquiv>
                </Word>
                <Word id="tr_1_tl_48_w3" custom="readingOrder {index:2;}">
                    <Coords points="606,1903 606,1963 715,1963 715,1903"/>
                    <TextEquiv>
                        <Unicode>großer</Unicode>
                    </TextEquiv>
                </Word>
                <Word id="tr_1_tl_48_w4" custom="readingOrder {index:3;}">
                    <Coords points="740,1901 740,1961 824,1961 824,1901"/>
                    <TextEquiv>
                        <Unicode>Zahl</Unicode>
                    </TextEquiv>
                </Word>
                <Word id="tr_1_tl_48_w5" custom="readingOrder {index:4;}">
                    <Coords points="849,1903 849,1963 866,1963 866,1903"/>
                    <TextEquiv>
                        <Unicode>im</Unicode>
                    </TextEquiv>
                </Word>
                <Word id="tr_1_tl_48_w6" custom="readingOrder {index:5;}">
                    <Coords points="909,1903 909,1963 1120,1963 1120,1903"/>
                    <TextEquiv>
                        <Unicode>Trauerhause</Unicode>
                    </TextEquiv>
                </Word>
                <Word id="tr_1_tl_48_w7" custom="readingOrder {index:6;}">
                    <Coords points="1145,1903 1145,1963 1338,1963 1338,1903"/>
                    <TextEquiv>
                        <Unicode>eingelangt.</Unicode>
                    </TextEquiv>
                </Word>
                <TextEquiv>
                    <Unicode>sind in großer Zahl im Trauerhause eingelangt.</Unicode>
                </TextEquiv>
            </TextLine>
            <TextLine id="tr_1_tl_49" custom="readingOrder {index:48;}">
                <Coords points="1629,1975 2711,1997 2760,1987 2759,1937 1627,1935"/>
                <Baseline points="1636,1970 1692,1973 1748,1973 1805,1973 1861,1973 1918,1976 1974,1974 2030,1975 2087,1976 2143,1976 2200,1976 2256,1973 2312,1976 2369,1976 2425,1976 2482,1979 2538,1979 2594,1977 2651,1977 2707,1976 2764,1976"/>
                <Word id="tr_1_tl_49_w1" custom="readingOrder {index:0;}">
                    <Coords points="1628,1933 1628,1993 1838,1993 1838,1933"/>
                    <TextEquiv>
                        <Unicode>Anwesenheit</Unicode>
                    </TextEquiv>
                </Word>
                <Word id="tr_1_tl_49_w2" custom="readingOrder {index:1;}">
                    <Coords points="1867,1934 1867,1994 2049,1994 2049,1934"/>
                    <TextEquiv>
                        <Unicode>Schnitzlers</Unicode>
                    </TextEquiv>
                </Word>
                <Word id="tr_1_tl_49_w3" custom="readingOrder {index:2;}">
                    <Coords points="2084,1936 2084,1996 2226,1996 2226,1936"/>
                    <TextEquiv>
                        <Unicode>geradezu</Unicode>
                    </TextEquiv>
                </Word>
                <Word id="tr_1_tl_49_w4" custom="readingOrder {index:3;}">
                    <Coords points="2261,1934 2261,1994 2289,1994 2289,1934"/>
                    <TextEquiv>
                        <Unicode>in</Unicode>
                    </TextEquiv>
                </Word>
                <Word id="tr_1_tl_49_w5" custom="readingOrder {index:4;}">
                    <Coords points="2324,1936 2324,1996 2546,1996 2546,1936"/>
                    <TextEquiv>
                        <Unicode>unheimlicher</Unicode>
                    </TextEquiv>
                </Word>
                <Word id="tr_1_tl_49_w6" custom="readingOrder {index:5;}">
                    <Coords points="2575,1937 2575,1997 2677,1997 2677,1937"/>
                    <TextEquiv>
                        <Unicode>Weise</Unicode>
                    </TextEquiv>
                </Word>
                <Word id="tr_1_tl_49_w7" custom="readingOrder {index:6;}">
                    <Coords points="2706,1936 2706,1996 2751,1996 2751,1936"/>
                    <TextEquiv>
                        <Unicode>ge¬</Unicode>
                    </TextEquiv>
                </Word>
                <TextEquiv>
                    <Unicode>Anwesenheit Schnitzlers geradezu in unheimlicher Weise ge¬</Unicode>
                </TextEquiv>
            </TextLine>
            <TextLine id="tr_1_tl_50" custom="readingOrder {index:49;}">
                <Coords points="1640,2036 2760,2032 2759,1985 2684,1978 1639,1982"/>
                <Baseline points="1647,2018 1702,2019 1758,2020 1814,2020 1870,2021 1926,2022 1982,2023 2037,2021 2093,2021 2149,2021 2205,2021 2261,2021 2317,2021 2373,2024 2428,2025 2484,2027 2540,2027 2596,2024 2652,2024 2708,2024 2764,2024"/>
                <Word id="tr_1_tl_50_w1" custom="readingOrder {index:0;}">
                    <Coords points="1634,1978 1634,2038 1766,2038 1766,1978"/>
                    <TextEquiv>
                        <Unicode>steigert.</Unicode>
                    </TextEquiv>
                </Word>
                <Word id="tr_1_tl_50_w2" custom="readingOrder {index:1;}">
                    <Coords points="1789,1980 1789,2040 1832,2040 1832,1980"/>
                    <TextEquiv>
                        <Unicode>So</Unicode>
                    </TextEquiv>
                </Word>
                <Word id="tr_1_tl_50_w3" custom="readingOrder {index:2;}">
                    <Coords points="1861,1981 1861,2041 1960,2041 1960,1981"/>
                    <TextEquiv>
                        <Unicode>wurde</Unicode>
                    </TextEquiv>
                </Word>
                <Word id="tr_1_tl_50_w4" custom="readingOrder {index:3;}">
                    <Coords points="1988,1981 1988,2041 2037,2041 2037,1981"/>
                    <TextEquiv>
                        <Unicode>für</Unicode>
                    </TextEquiv>
                </Word>
                <Word id="tr_1_tl_50_w5" custom="readingOrder {index:4;}">
                    <Coords points="2065,1981 2065,2041 2132,2041 2132,1981"/>
                    <TextEquiv>
                        <Unicode>mich</Unicode>
                    </TextEquiv>
                </Word>
                <Word id="tr_1_tl_50_w6" custom="readingOrder {index:5;}">
                    <Coords points="2160,1981 2160,2041 2203,2041 2203,1981"/>
                    <TextEquiv>
                        <Unicode>die</Unicode>
                    </TextEquiv>
                </Word>
                <Word id="tr_1_tl_50_w7" custom="readingOrder {index:6;}">
                    <Coords points="2226,1982 2226,2042 2453,2042 2453,1982"/>
                    <TextEquiv>
                        <Unicode>Vorbereitung</Unicode>
                    </TextEquiv>
                </Word>
                <Word id="tr_1_tl_50_w8" custom="readingOrder {index:7;}">
                    <Coords points="2486,1987 2486,2047 2513,2047 2513,1987"/>
                    <TextEquiv>
                        <Unicode>zu</Unicode>
                    </TextEquiv>
                </Word>
                <Word id="tr_1_tl_50_w9" custom="readingOrder {index:8;}">
                    <Coords points="2548,1984 2548,2044 2636,2044 2636,1984"/>
                    <TextEquiv>
                        <Unicode>dieser</Unicode>
                    </TextEquiv>
                </Word>
                <Word id="tr_1_tl_50_w10" custom="readingOrder {index:9;}">
                    <Coords points="2664,1984 2664,2044 2752,2044 2752,1984"/>
                    <TextEquiv>
                        <Unicode>Rolle</Unicode>
                    </TextEquiv>
                </Word>
                <TextEquiv>
                    <Unicode>steigert. So wurde für mich die Vorbereitung zu dieser Rolle</Unicode>
                </TextEquiv>
            </TextLine>
            <TextLine id="tr_1_tl_51" custom="readingOrder {index:50;}">
                <Coords points="1126,2053 1133,2055 1143,2049 1164,2062 1189,2048 1200,2053 1204,2050 1211,2056 1218,2052 1228,2056 1231,1998 1201,1987 1186,1992 1177,1989 1162,1999 1152,1992 1143,1999 1129,1998"/>
                <Baseline points="1134,2045 1167,2043 1200,2041 1233,2039"/>
                <Word id="tr_1_tl_51_w1" custom="readingOrder {index:0;}">
                    <Coords points="1130,2003 1130,2063 1202,2063 1202,2003"/>
                    <TextEquiv>
                        <Unicode>es</Unicode>
                    </TextEquiv>
                </Word>
                <TextEquiv>
                    <Unicode>es</Unicode>
                </TextEquiv>
            </TextLine>
            <TextLine id="tr_1_tl_52" custom="readingOrder {index:51;}">
                <Coords points="1632,2090 2485,2080 2485,2035 2398,2026 1632,2038"/>
                <Baseline points="1639,2071 1681,2068 1724,2065 1766,2068 1809,2068 1851,2068 1894,2068 1936,2068 1979,2068 2021,2068 2064,2068 2106,2067 2149,2066 2191,2067 2234,2065 2276,2065 2319,2066 2361,2068 2404,2068 2446,2068 2489,2071"/>
                <Word id="tr_1_tl_52_w1" custom="readingOrder {index:0;}">
                    <Coords points="1633,2030 1633,2090 1654,2090 1654,2030"/>
                    <TextEquiv>
                        <Unicode>zu</Unicode>
                    </TextEquiv>
                </Word>
                <Word id="tr_1_tl_52_w2" custom="readingOrder {index:1;}">
                    <Coords points="1688,2025 1688,2085 1770,2085 1770,2025"/>
                    <TextEquiv>
                        <Unicode>einem</Unicode>
                    </TextEquiv>
                </Word>
                <Word id="tr_1_tl_52_w3" custom="readingOrder {index:2;}">
                    <Coords points="1816,2028 1816,2088 1893,2088 1893,2028"/>
                    <TextEquiv>
                        <Unicode>ganz</Unicode>
                    </TextEquiv>
                </Word>
                <Word id="tr_1_tl_52_w4" custom="readingOrder {index:3;}">
                    <Coords points="1916,2028 1916,2088 2027,2088 2027,2028"/>
                    <TextEquiv>
                        <Unicode>großen</Unicode>
                    </TextEquiv>
                </Word>
                <Word id="tr_1_tl_52_w5" custom="readingOrder {index:4;}">
                    <Coords points="2060,2026 2060,2086 2288,2086 2288,2026"/>
                    <TextEquiv>
                        <Unicode>künstlerischen</Unicode>
                    </TextEquiv>
                </Word>
                <Word id="tr_1_tl_52_w6" custom="readingOrder {index:5;}">
                    <Coords points="2316,2028 2316,2088 2482,2088 2482,2028"/>
                    <TextEquiv>
                        <Unicode>Erlebnis.</Unicode>
                    </TextEquiv>
                </Word>
                <TextEquiv>
                    <Unicode>zu einem ganz großen künstlerischen Erlebnis.</Unicode>
                </TextEquiv>
            </TextLine>
            <TextLine id="tr_1_tl_53" custom="readingOrder {index:52;}">
                <Coords points="1066,2113 1078,2114 1089,2123 1103,2114 1113,2119 1123,2109 1166,2124 1167,2050 1160,2049 1150,2056 1139,2049 1115,2068 1092,2062 1079,2072 1068,2070"/>
                <Baseline points="1074,2095 1106,2095 1138,2094 1170,2092"/>
                <TextEquiv>
                    <Unicode></Unicode>
                </TextEquiv>
            </TextLine>
            <TextLine id="tr_1_tl_54" custom="readingOrder {index:53;}">
                <Coords points="452,2121 488,2136 589,2109 625,2127 924,2113 956,2104 958,2025 816,2011 697,2046 646,2041 594,2004 541,2002 498,2028 454,2016"/>
                <Baseline points="459,2110 484,2106 509,2104 534,2101 559,2098 584,2098 609,2098 634,2098 659,2097 684,2096 710,2095 735,2095 760,2095 785,2095 810,2095 835,2094 860,2093 885,2092 910,2094 935,2091 961,2086"/>
                <Word id="tr_1_tl_54_w1" custom="readingOrder {index:0;}">
                    <Coords points="467,2058 467,2118 799,2118 799,2058"/>
                    <TextEquiv>
                        <Unicode>„SCMIM</Unicode>
                    </TextEquiv>
                </Word>
                <TextEquiv>
                    <Unicode>„SCMIM</Unicode>
                </TextEquiv>
            </TextLine>
            <TextLine id="tr_1_tl_55" custom="readingOrder {index:54;}">
                <Coords points="1713,2123 2577,2134 2707,2120 2705,2082 1711,2086"/>
                <Baseline points="1719,2113 1768,2113 1818,2113 1867,2114 1917,2115 1966,2115 2016,2114 2065,2115 2115,2116 2164,2116 2214,2113 2264,2113 2313,2116 2363,2116 2412,2116 2462,2116 2511,2118 2561,2117 2610,2116 2660,2116 2710,2113"/>
                <Word id="tr_1_tl_55_w1" custom="readingOrder {index:0;}">
                    <Coords points="1717,2073 1717,2133 1816,2133 1816,2073"/>
                    <TextEquiv>
                        <Unicode>Heute</Unicode>
                    </TextEquiv>
                </Word>
                <Word id="tr_1_tl_55_w2" custom="readingOrder {index:1;}">
                    <Coords points="1844,2074 1844,2134 1922,2134 1922,2074"/>
                    <TextEquiv>
                        <Unicode>kann</Unicode>
                    </TextEquiv>
                </Word>
                <Word id="tr_1_tl_55_w3" custom="readingOrder {index:2;}">
                    <Coords points="1956,2074 1956,2134 1994,2134 1994,2074"/>
                    <TextEquiv>
                        <Unicode>ich</Unicode>
                    </TextEquiv>
                </Word>
                <Word id="tr_1_tl_55_w4" custom="readingOrder {index:3;}">
                    <Coords points="2028,2074 2028,2134 2055,2134 2055,2074"/>
                    <TextEquiv>
                        <Unicode>es</Unicode>
                    </TextEquiv>
                </Word>
                <Word id="tr_1_tl_55_w5" custom="readingOrder {index:4;}">
                    <Coords points="2089,2076 2089,2136 2171,2136 2171,2076"/>
                    <TextEquiv>
                        <Unicode>sagen</Unicode>
                    </TextEquiv>
                </Word>
                <Word id="tr_1_tl_55_w6" custom="readingOrder {index:5;}">
                    <Coords points="2205,2073 2205,2133 2221,2133 2221,2073"/>
                    <TextEquiv>
                        <Unicode>—</Unicode>
                    </TextEquiv>
                </Word>
                <Word id="tr_1_tl_55_w7" custom="readingOrder {index:6;}">
                    <Coords points="2283,2075 2283,2135 2311,2135 2311,2075"/>
                    <TextEquiv>
                        <Unicode>da</Unicode>
                    </TextEquiv>
                </Word>
                <Word id="tr_1_tl_55_w8" custom="readingOrder {index:7;}">
                    <Coords points="2344,2076 2344,2136 2377,2136 2377,2076"/>
                    <TextEquiv>
                        <Unicode>er</Unicode>
                    </TextEquiv>
                </Word>
                <Word id="tr_1_tl_55_w9" custom="readingOrder {index:8;}">
                    <Coords points="2405,2076 2405,2136 2482,2136 2482,2076"/>
                    <TextEquiv>
                        <Unicode>nicht</Unicode>
                    </TextEquiv>
                </Word>
                <Word id="tr_1_tl_55_w10" custom="readingOrder {index:9;}">
                    <Coords points="2510,2077 2510,2137 2593,2137 2593,2077"/>
                    <TextEquiv>
                        <Unicode>mehr</Unicode>
                    </TextEquiv>
                </Word>
                <Word id="tr_1_tl_55_w11" custom="readingOrder {index:10;}">
                    <Coords points="2622,2076 2622,2136 2682,2136 2682,2076"/>
                    <TextEquiv>
                        <Unicode>lebt</Unicode>
                    </TextEquiv>
                </Word>
                <TextEquiv>
                    <Unicode>Heute kann ich es sagen — da er nicht mehr lebt</Unicode>
                </TextEquiv>
            </TextLine>
            <TextLine id="tr_1_tl_56" custom="readingOrder {index:55;}">
                <Coords points="562,2168 697,2192 767,2158 897,2180 924,2157 1116,2184 1115,2119 561,2117"/>
                <Baseline points="570,2152 597,2150 624,2149 652,2149 679,2150 707,2152 734,2152 762,2152 789,2152 817,2152 844,2152 871,2152 899,2153 926,2155 954,2155 981,2155 1009,2155 1036,2155 1064,2155 1091,2153 1119,2152"/>
                <Word id="tr_1_tl_56_w1" custom="readingOrder {index:0;}">
                    <Coords points="569,2109 569,2169 667,2169 667,2109"/>
                    <TextEquiv>
                        <Unicode>Der</Unicode>
                    </TextEquiv>
                </Word>
                <Word id="tr_1_tl_56_w2" custom="readingOrder {index:1;}">
                    <Coords points="698,2112 698,2172 833,2172 833,2112"/>
                    <TextEquiv>
                        <Unicode>neue</Unicode>
                    </TextEquiv>
                </Word>
                <Word id="tr_1_tl_56_w3" custom="readingOrder {index:2;}">
                    <Coords points="872,2115 872,2175 1105,2175 1105,2115"/>
                    <TextEquiv>
                        <Unicode>Strump!</Unicode>
                    </TextEquiv>
                </Word>
                <TextEquiv>
                    <Unicode>Der neue Strump!</Unicode>
                </TextEquiv>
            </TextLine>
            <TextLine id="tr_1_tl_57" custom="readingOrder {index:56;}">
                <Coords points="1629,2178 2763,2170 2748,2114 1629,2114"/>
                <Baseline points="1636,2158 1692,2161 1749,2161 1805,2161 1862,2161 1918,2163 1975,2161 2031,2161 2088,2164 2144,2164 2201,2162 2258,2161 2314,2164 2371,2164 2427,2164 2484,2164 2540,2166 2597,2164 2653,2164 2710,2164 2767,2164"/>
                <Word id="tr_1_tl_57_w1" custom="readingOrder {index:0;}">
                    <Coords points="1630,2118 1630,2178 1671,2178 1671,2118"/>
                    <TextEquiv>
                        <Unicode>ich</Unicode>
                    </TextEquiv>
                </Word>
                <Word id="tr_1_tl_57_w2" custom="readingOrder {index:1;}">
                    <Coords points="1695,2121 1695,2181 1771,2181 1771,2121"/>
                    <TextEquiv>
                        <Unicode>hatte</Unicode>
                    </TextEquiv>
                </Word>
                <Word id="tr_1_tl_57_w3" custom="readingOrder {index:2;}">
                    <Coords points="1795,2121 1795,2181 1872,2181 1872,2121"/>
                    <TextEquiv>
                        <Unicode>jeden</Unicode>
                    </TextEquiv>
                </Word>
                <Word id="tr_1_tl_57_w4" custom="readingOrder {index:3;}">
                    <Coords points="1902,2122 1902,2182 1966,2182 1966,2122"/>
                    <TextEquiv>
                        <Unicode>Tag</Unicode>
                    </TextEquiv>
                </Word>
                <Word id="tr_1_tl_57_w5" custom="readingOrder {index:4;}">
                    <Coords points="1991,2121 1991,2181 2103,2181 2103,2121"/>
                    <TextEquiv>
                        <Unicode>Angst,</Unicode>
                    </TextEquiv>
                </Word>
                <Word id="tr_1_tl_57_w6" custom="readingOrder {index:5;}">
                    <Coords points="2121,2124 2121,2184 2150,2184 2150,2124"/>
                    <TextEquiv>
                        <Unicode>er</Unicode>
                    </TextEquiv>
                </Word>
                <Word id="tr_1_tl_57_w7" custom="readingOrder {index:6;}">
                    <Coords points="2168,2121 2168,2181 2268,2181 2268,2121"/>
                    <TextEquiv>
                        <Unicode>würde</Unicode>
                    </TextEquiv>
                </Word>
                <Word id="tr_1_tl_57_w8" custom="readingOrder {index:7;}">
                    <Coords points="2293,2123 2293,2183 2322,2183 2322,2123"/>
                    <TextEquiv>
                        <Unicode>am</Unicode>
                    </TextEquiv>
                </Word>
                <Word id="tr_1_tl_57_w9" custom="readingOrder {index:8;}">
                    <Coords points="2364,2124 2364,2184 2493,2184 2493,2124"/>
                    <TextEquiv>
                        <Unicode>nächsten</Unicode>
                    </TextEquiv>
                </Word>
                <Word id="tr_1_tl_57_w10" custom="readingOrder {index:9;}">
                    <Coords points="2523,2124 2523,2184 2647,2184 2647,2124"/>
                    <TextEquiv>
                        <Unicode>Morgen</Unicode>
                    </TextEquiv>
                </Word>
                <Word id="tr_1_tl_57_w11" custom="readingOrder {index:10;}">
                    <Coords points="2677,2124 2677,2184 2753,2184 2753,2124"/>
                    <TextEquiv>
                        <Unicode>nicht</Unicode>
                    </TextEquiv>
                </Word>
                <TextEquiv>
                    <Unicode>ich hatte jeden Tag Angst, er würde am nächsten Morgen nicht</Unicode>
                </TextEquiv>
            </TextLine>
            <TextLine id="tr_1_tl_58" custom="readingOrder {index:57;}">
                <Coords points="1634,2218 2758,2219 2749,2171 1634,2180"/>
                <Baseline points="1642,2206 1700,2206 1759,2206 1818,2209 1877,2209 1936,2209 1995,2209 2054,2209 2113,2209 2172,2209 2230,2209 2289,2209 2348,2211 2407,2212 2466,2209 2525,2211 2584,2212 2643,2211 2702,2209 2761,2209"/>
                <Word id="tr_1_tl_58_w1" custom="readingOrder {index:0;}">
                    <Coords points="1634,2166 1634,2226 1709,2226 1709,2166"/>
                    <TextEquiv>
                        <Unicode>mehr</Unicode>
                    </TextEquiv>
                </Word>
                <Word id="tr_1_tl_58_w2" custom="readingOrder {index:1;}">
                    <Coords points="1737,2169 1737,2229 1899,2229 1899,2169"/>
                    <TextEquiv>
                        <Unicode>kommen.</Unicode>
                    </TextEquiv>
                </Word>
                <Word id="tr_1_tl_58_w3" custom="readingOrder {index:2;}">
                    <Coords points="1916,2169 1916,2229 1969,2229 1969,2169"/>
                    <TextEquiv>
                        <Unicode>Ich</Unicode>
                    </TextEquiv>
                </Word>
                <Word id="tr_1_tl_58_w4" custom="readingOrder {index:3;}">
                    <Coords points="1997,2169 1997,2229 2094,2229 2094,2169"/>
                    <TextEquiv>
                        <Unicode>wollte</Unicode>
                    </TextEquiv>
                </Word>
                <Word id="tr_1_tl_58_w5" custom="readingOrder {index:4;}">
                    <Coords points="2122,2169 2122,2229 2230,2229 2230,2169"/>
                    <TextEquiv>
                        <Unicode>immer</Unicode>
                    </TextEquiv>
                </Word>
                <Word id="tr_1_tl_58_w6" custom="readingOrder {index:5;}">
                    <Coords points="2252,2169 2252,2229 2371,2229 2371,2169"/>
                    <TextEquiv>
                        <Unicode>sagen:</Unicode>
                    </TextEquiv>
                </Word>
                <Word id="tr_1_tl_58_w7" custom="readingOrder {index:6;}">
                    <Coords points="2399,2170 2399,2230 2484,2230 2484,2170"/>
                    <TextEquiv>
                        <Unicode>„Eilt</Unicode>
                    </TextEquiv>
                </Word>
                <Word id="tr_1_tl_58_w8" custom="readingOrder {index:7;}">
                    <Coords points="2507,2171 2507,2231 2593,2231 2593,2171"/>
                    <TextEquiv>
                        <Unicode>euch,</Unicode>
                    </TextEquiv>
                </Word>
                <Word id="tr_1_tl_58_w9" custom="readingOrder {index:8;}">
                    <Coords points="2610,2171 2610,2231 2663,2231 2663,2171"/>
                    <TextEquiv>
                        <Unicode>eilt</Unicode>
                    </TextEquiv>
                </Word>
                <Word id="tr_1_tl_58_w10" custom="readingOrder {index:9;}">
                    <Coords points="2686,2169 2686,2229 2750,2229 2750,2169"/>
                    <TextEquiv>
                        <Unicode>euch</Unicode>
                    </TextEquiv>
                </Word>
                <TextEquiv>
                    <Unicode>mehr kommen. Ich wollte immer sagen: „Eilt euch, eilt euch</Unicode>
                </TextEquiv>
            </TextLine>
            <TextLine id="tr_1_tl_59" custom="readingOrder {index:58;}">
                <Coords points="1139,2231 1224,2225 1240,2241 1311,2221 1353,2238 1588,2238 1579,2153 1295,2146 1240,2150 1181,2183 1139,2177"/>
                <Baseline points="1146,2221 1172,2221 1198,2221 1224,2221 1250,2221 1276,2221 1303,2219 1329,2218 1355,2218 1381,2218 1407,2218 1433,2218 1460,2218 1486,2218 1512,2217 1538,2216 1564,2217 1591,2221"/>
                <Word id="tr_1_tl_59_w1" custom="readingOrder {index:0;}">
                    <Coords points="1148,2181 1148,2241 1205,2241 1205,2181"/>
                    <TextEquiv>
                        <Unicode>bel</Unicode>
                    </TextEquiv>
                </Word>
                <Word id="tr_1_tl_59_w2" custom="readingOrder {index:1;}">
                    <Coords points="1226,2178 1226,2238 1576,2238 1576,2178"/>
                    <TextEquiv>
                        <Unicode>ITTNERI</Unicode>
                    </TextEquiv>
                </Word>
                <TextEquiv>
                    <Unicode>bel ITTNERI</Unicode>
                </TextEquiv>
            </TextLine>
            <TextLine id="tr_1_tl_60" custom="readingOrder {index:59;}">
                <Coords points="1637,2262 2765,2271 2743,2214 1637,2222"/>
                <Baseline points="1645,2254 1701,2252 1757,2254 1813,2254 1869,2254 1925,2254 1981,2254 2037,2254 2093,2257 2149,2256 2206,2256 2262,2257 2318,2257 2374,2255 2430,2257 2486,2257 2542,2254 2598,2256 2654,2254 2710,2254 2767,2257"/>
                <Word id="tr_1_tl_60_w1" custom="readingOrder {index:0;}">
                    <Coords points="1638,2213 1638,2273 1687,2273 1687,2213"/>
                    <TextEquiv>
                        <Unicode>mit</Unicode>
                    </TextEquiv>
                </Word>
                <Word id="tr_1_tl_60_w2" custom="readingOrder {index:1;}">
                    <Coords points="1715,2213 1715,2273 1764,2273 1764,2213"/>
                    <TextEquiv>
                        <Unicode>den</Unicode>
                    </TextEquiv>
                </Word>
                <Word id="tr_1_tl_60_w3" custom="readingOrder {index:2;}">
                    <Coords points="1798,2214 1798,2274 1941,2274 1941,2214"/>
                    <TextEquiv>
                        <Unicode>Proben,</Unicode>
                    </TextEquiv>
                </Word>
                <Word id="tr_1_tl_60_w4" custom="readingOrder {index:3;}">
                    <Coords points="1964,2214 1964,2274 2020,2274 2020,2214"/>
                    <TextEquiv>
                        <Unicode>wir</Unicode>
                    </TextEquiv>
                </Word>
                <Word id="tr_1_tl_60_w5" custom="readingOrder {index:4;}">
                    <Coords points="2048,2216 2048,2276 2158,2276 2158,2216"/>
                    <TextEquiv>
                        <Unicode>müssen</Unicode>
                    </TextEquiv>
                </Word>
                <Word id="tr_1_tl_60_w6" custom="readingOrder {index:5;}">
                    <Coords points="2192,2216 2192,2276 2258,2276 2258,2216"/>
                    <TextEquiv>
                        <Unicode>bald</Unicode>
                    </TextEquiv>
                </Word>
                <Word id="tr_1_tl_60_w7" custom="readingOrder {index:6;}">
                    <Coords points="2292,2215 2292,2275 2419,2275 2419,2215"/>
                    <TextEquiv>
                        <Unicode>spielen,</Unicode>
                    </TextEquiv>
                </Word>
                <Word id="tr_1_tl_60_w8" custom="readingOrder {index:7;}">
                    <Coords points="2442,2216 2442,2276 2540,2276 2540,2216"/>
                    <TextEquiv>
                        <Unicode>damit</Unicode>
                    </TextEquiv>
                </Word>
                <Word id="tr_1_tl_60_w9" custom="readingOrder {index:8;}">
                    <Coords points="2569,2215 2569,2275 2596,2275 2596,2215"/>
                    <TextEquiv>
                        <Unicode>er</Unicode>
                    </TextEquiv>
                </Word>
                <Word id="tr_1_tl_60_w10" custom="readingOrder {index:9;}">
                    <Coords points="2625,2214 2625,2274 2652,2274 2652,2214"/>
                    <TextEquiv>
                        <Unicode>es</Unicode>
                    </TextEquiv>
                </Word>
                <Word id="tr_1_tl_60_w11" custom="readingOrder {index:10;}">
                    <Coords points="2685,2214 2685,2274 2751,2274 2751,2214"/>
                    <TextEquiv>
                        <Unicode>noch</Unicode>
                    </TextEquiv>
                </Word>
                <TextEquiv>
                    <Unicode>mit den Proben, wir müssen bald spielen, damit er es noch</Unicode>
                </TextEquiv>
            </TextLine>
            <TextLine id="tr_1_tl_61" custom="readingOrder {index:60;}">
                <Coords points="453,2271 1590,2285 1589,2239 1528,2229 452,2197"/>
                <Baseline points="459,2260 515,2262 572,2264 629,2265 686,2265 742,2265 799,2265 856,2268 913,2268 969,2268 1026,2268 1083,2268 1140,2265 1196,2266 1253,2268 1310,2268 1367,2265 1423,2267 1480,2268 1537,2268 1594,2268"/>
                <Word id="tr_1_tl_61_w1" custom="readingOrder {index:0;}">
                    <Coords points="461,2224 461,2284 786,2284 786,2224"/>
                    <TextEquiv>
                        <Unicode>Kärninerstraße</Unicode>
                    </TextEquiv>
                </Word>
                <Word id="tr_1_tl_61_w2" custom="readingOrder {index:1;}">
                    <Coords points="828,2226 828,2286 833,2286 833,2226"/>
                    <TextEquiv>
                        <Unicode>/</Unicode>
                    </TextEquiv>
                </Word>
                <Word id="tr_1_tl_61_w3" custom="readingOrder {index:2;}">
                    <Coords points="847,2228 847,2288 1132,2288 1132,2228"/>
                    <TextEquiv>
                        <Unicode>Splegelgasse</Unicode>
                    </TextEquiv>
                </Word>
                <Word id="tr_1_tl_61_w4" custom="readingOrder {index:3;}">
                    <Coords points="1166,2225 1166,2285 1172,2285 1172,2225"/>
                    <TextEquiv>
                        <Unicode>/</Unicode>
                    </TextEquiv>
                </Word>
                <Word id="tr_1_tl_61_w5" custom="readingOrder {index:4;}">
                    <Coords points="1186,2225 1186,2285 1578,2285 1578,2225"/>
                    <TextEquiv>
                        <Unicode>Margaretenstraße</Unicode>
                    </TextEquiv>
                </Word>
                <TextEquiv>
                    <Unicode>Kärninerstraße / Splegelgasse / Margaretenstraße</Unicode>
                </TextEquiv>
            </TextLine>
            <TextLine id="tr_1_tl_62" custom="readingOrder {index:61;}">
                <Coords points="1639,2313 2716,2323 2765,2279 1637,2263"/>
                <Baseline points="1645,2298 1701,2298 1757,2298 1813,2298 1869,2301 1925,2300 1981,2300 2037,2299 2093,2301 2149,2301 2206,2301 2262,2301 2318,2301 2374,2301 2430,2303 2486,2304 2542,2301 2598,2301 2654,2301 2710,2301 2767,2301"/>
                <Word id="tr_1_tl_62_w1" custom="readingOrder {index:0;}">
                    <Coords points="1632,2258 1632,2318 1728,2318 1728,2258"/>
                    <TextEquiv>
                        <Unicode>sieht."</Unicode>
                    </TextEquiv>
                </Word>
                <Word id="tr_1_tl_62_w2" custom="readingOrder {index:1;}">
                    <Coords points="1757,2258 1757,2318 1795,2318 1795,2258"/>
                    <TextEquiv>
                        <Unicode>Er</Unicode>
                    </TextEquiv>
                </Word>
                <Word id="tr_1_tl_62_w3" custom="readingOrder {index:2;}">
                    <Coords points="1819,2259 1819,2319 1869,2319 1869,2259"/>
                    <TextEquiv>
                        <Unicode>hat</Unicode>
                    </TextEquiv>
                </Word>
                <Word id="tr_1_tl_62_w4" custom="readingOrder {index:3;}">
                    <Coords points="1892,2260 1892,2320 1948,2320 1948,2260"/>
                    <TextEquiv>
                        <Unicode>nur</Unicode>
                    </TextEquiv>
                </Word>
                <Word id="tr_1_tl_62_w5" custom="readingOrder {index:4;}">
                    <Coords points="1971,2259 1971,2319 2033,2319 2033,2259"/>
                    <TextEquiv>
                        <Unicode>ein-</Unicode>
                    </TextEquiv>
                </Word>
                <Word id="tr_1_tl_62_w6" custom="readingOrder {index:5;}">
                    <Coords points="2056,2260 2056,2320 2123,2320 2123,2260"/>
                    <TextEquiv>
                        <Unicode>oder</Unicode>
                    </TextEquiv>
                </Word>
                <Word id="tr_1_tl_62_w7" custom="readingOrder {index:6;}">
                    <Coords points="2147,2261 2147,2321 2282,2321 2282,2261"/>
                    <TextEquiv>
                        <Unicode>zweimal</Unicode>
                    </TextEquiv>
                </Word>
                <Word id="tr_1_tl_62_w8" custom="readingOrder {index:7;}">
                    <Coords points="2305,2261 2305,2321 2429,2321 2429,2261"/>
                    <TextEquiv>
                        <Unicode>längere</Unicode>
                    </TextEquiv>
                </Word>
                <Word id="tr_1_tl_62_w9" custom="readingOrder {index:8;}">
                    <Coords points="2452,2263 2452,2323 2519,2323 2519,2263"/>
                    <TextEquiv>
                        <Unicode>Zeit</Unicode>
                    </TextEquiv>
                </Word>
                <Word id="tr_1_tl_62_w10" custom="readingOrder {index:9;}">
                    <Coords points="2543,2261 2543,2321 2598,2321 2598,2261"/>
                    <TextEquiv>
                        <Unicode>mit</Unicode>
                    </TextEquiv>
                </Word>
                <Word id="tr_1_tl_62_w11" custom="readingOrder {index:10;}">
                    <Coords points="2622,2261 2622,2321 2678,2321 2678,2261"/>
                    <TextEquiv>
                        <Unicode>mir</Unicode>
                    </TextEquiv>
                </Word>
                <Word id="tr_1_tl_62_w12" custom="readingOrder {index:11;}">
                    <Coords points="2701,2261 2701,2321 2751,2321 2751,2261"/>
                    <TextEquiv>
                        <Unicode>ge¬</Unicode>
                    </TextEquiv>
                </Word>
                <TextEquiv>
                    <Unicode>sieht." Er hat nur ein- oder zweimal längere Zeit mit mir ge¬</Unicode>
                </TextEquiv>
            </TextLine>
            <TextLine id="tr_1_tl_63" custom="readingOrder {index:62;}">
                <Coords points="1642,2367 2772,2363 2758,2302 1642,2310"/>
                <Baseline points="1650,2349 1706,2346 1762,2346 1818,2348 1875,2346 1931,2349 1987,2348 2044,2348 2100,2349 2156,2349 2213,2349 2269,2349 2325,2349 2381,2347 2438,2349 2494,2349 2550,2349 2607,2348 2663,2346 2719,2346 2776,2346"/>
                <Word id="tr_1_tl_63_w1" custom="readingOrder {index:0;}">
                    <Coords points="1637,2306 1637,2366 1789,2366 1789,2306"/>
                    <TextEquiv>
                        <Unicode>sprochen,</Unicode>
                    </TextEquiv>
                </Word>
                <Word id="tr_1_tl_63_w2" custom="readingOrder {index:1;}">
                    <Coords points="1812,2307 1812,2367 1863,2367 1863,2307"/>
                    <TextEquiv>
                        <Unicode>und</Unicode>
                    </TextEquiv>
                </Word>
                <Word id="tr_1_tl_63_w3" custom="readingOrder {index:2;}">
                    <Coords points="1897,2308 1897,2368 1931,2368 1931,2308"/>
                    <TextEquiv>
                        <Unicode>ich</Unicode>
                    </TextEquiv>
                </Word>
                <Word id="tr_1_tl_63_w4" custom="readingOrder {index:3;}">
                    <Coords points="1960,2308 1960,2368 2027,2368 2027,2308"/>
                    <TextEquiv>
                        <Unicode>war</Unicode>
                    </TextEquiv>
                </Word>
                <Word id="tr_1_tl_63_w5" custom="readingOrder {index:4;}">
                    <Coords points="2045,2309 2045,2369 2197,2369 2197,2309"/>
                    <TextEquiv>
                        <Unicode>unendlich</Unicode>
                    </TextEquiv>
                </Word>
                <Word id="tr_1_tl_63_w6" custom="readingOrder {index:5;}">
                    <Coords points="2221,2309 2221,2369 2378,2369 2378,2309"/>
                    <TextEquiv>
                        <Unicode>glücklich,</Unicode>
                    </TextEquiv>
                </Word>
                <Word id="tr_1_tl_63_w7" custom="readingOrder {index:6;}">
                    <Coords points="2402,2308 2402,2368 2446,2368 2446,2308"/>
                    <TextEquiv>
                        <Unicode>als</Unicode>
                    </TextEquiv>
                </Word>
                <Word id="tr_1_tl_63_w8" custom="readingOrder {index:7;}">
                    <Coords points="2464,2309 2464,2369 2492,2369 2492,2309"/>
                    <TextEquiv>
                        <Unicode>er</Unicode>
                    </TextEquiv>
                </Word>
                <Word id="tr_1_tl_63_w9" custom="readingOrder {index:8;}">
                    <Coords points="2515,2309 2515,2369 2571,2369 2571,2309"/>
                    <TextEquiv>
                        <Unicode>mir</Unicode>
                    </TextEquiv>
                </Word>
                <Word id="tr_1_tl_63_w10" custom="readingOrder {index:9;}">
                    <Coords points="2588,2306 2588,2366 2684,2366 2684,2306"/>
                    <TextEquiv>
                        <Unicode>sagte,</Unicode>
                    </TextEquiv>
                </Word>
                <Word id="tr_1_tl_63_w11" custom="readingOrder {index:10;}">
                    <Coords points="2696,2306 2696,2366 2746,2366 2746,2306"/>
                    <TextEquiv>
                        <Unicode>daß</Unicode>
                    </TextEquiv>
                </Word>
                <TextEquiv>
                    <Unicode>sprochen, und ich war unendlich glücklich, als er mir sagte, daß</Unicode>
                </TextEquiv>
            </TextLine>
            <TextLine id="tr_1_tl_64" custom="readingOrder {index:63;}">
                <Coords points="508,2386 1545,2397 1545,2343 1467,2317 508,2320"/>
                <Baseline points="516,2376 567,2373 619,2373 670,2373 722,2373 774,2373 825,2373 877,2376 929,2376 980,2376 1032,2376 1084,2376 1135,2378 1187,2376 1239,2379 1290,2376 1342,2377 1394,2377 1445,2376 1497,2376 1549,2376"/>
                <Word id="tr_1_tl_64_w1" custom="readingOrder {index:0;}">
                    <Coords points="522,2333 522,2393 610,2393 610,2333"/>
                    <TextEquiv>
                        <Unicode>Der</Unicode>
                    </TextEquiv>
                </Word>
                <Word id="tr_1_tl_64_w2" custom="readingOrder {index:1;}">
                    <Coords points="644,2333 644,2393 918,2393 918,2333"/>
                    <TextEquiv>
                        <Unicode>Kterarische</Unicode>
                    </TextEquiv>
                </Word>
                <Word id="tr_1_tl_64_w3" custom="readingOrder {index:2;}">
                    <Coords points="952,2336 952,2396 1139,2396 1139,2336"/>
                    <TextEquiv>
                        <Unicode>Nachlaß</Unicode>
                    </TextEquiv>
                </Word>
                <Word id="tr_1_tl_64_w4" custom="readingOrder {index:3;}">
                    <Coords points="1188,2338 1188,2398 1260,2398 1260,2338"/>
                    <TextEquiv>
                        <Unicode>des</Unicode>
                    </TextEquiv>
                </Word>
                <Word id="tr_1_tl_64_w5" custom="readingOrder {index:4;}">
                    <Coords points="1302,2336 1302,2396 1528,2396 1528,2336"/>
                    <TextEquiv>
                        <Unicode>Dichters.</Unicode>
                    </TextEquiv>
                </Word>
                <TextEquiv>
                    <Unicode>Der Kterarische Nachlaß des Dichters.</Unicode>
                </TextEquiv>
            </TextLine>
            <TextLine id="tr_1_tl_65" custom="readingOrder {index:64;}">
                <Coords points="1634,2408 2762,2401 2762,2366 2658,2354 1634,2367"/>
                <Baseline points="1642,2391 1698,2391 1754,2391 1810,2393 1866,2394 1922,2394 1978,2394 2034,2394 2090,2394 2146,2397 2203,2397 2259,2397 2315,2397 2371,2397 2427,2396 2483,2396 2539,2397 2595,2396 2651,2394 2707,2394 2764,2388"/>
                <Word id="tr_1_tl_65_w1" custom="readingOrder {index:0;}">
                    <Coords points="1635,2351 1635,2411 1669,2411 1669,2351"/>
                    <TextEquiv>
                        <Unicode>ich</Unicode>
                    </TextEquiv>
                </Word>
                <Word id="tr_1_tl_65_w2" custom="readingOrder {index:1;}">
                    <Coords points="1699,2351 1699,2411 1750,2411 1750,2351"/>
                    <TextEquiv>
                        <Unicode>das</Unicode>
                    </TextEquiv>
                </Word>
                <Word id="tr_1_tl_65_w3" custom="readingOrder {index:2;}">
                    <Coords points="1780,2353 1780,2413 1924,2413 1924,2353"/>
                    <TextEquiv>
                        <Unicode>Mädchen</Unicode>
                    </TextEquiv>
                </Word>
                <Word id="tr_1_tl_65_w4" custom="readingOrder {index:3;}">
                    <Coords points="1954,2354 1954,2414 2098,2414 2098,2354"/>
                    <TextEquiv>
                        <Unicode>Leonilda</Unicode>
                    </TextEquiv>
                </Word>
                <Word id="tr_1_tl_65_w5" custom="readingOrder {index:4;}">
                    <Coords points="2127,2357 2127,2417 2220,2417 2220,2357"/>
                    <TextEquiv>
                        <Unicode>genau</Unicode>
                    </TextEquiv>
                </Word>
                <Word id="tr_1_tl_65_w6" custom="readingOrder {index:5;}">
                    <Coords points="2250,2357 2250,2417 2272,2417 2272,2357"/>
                    <TextEquiv>
                        <Unicode>so</Unicode>
                    </TextEquiv>
                </Word>
                <Word id="tr_1_tl_65_w7" custom="readingOrder {index:6;}">
                    <Coords points="2296,2357 2296,2417 2405,2417 2405,2357"/>
                    <TextEquiv>
                        <Unicode>spiele,</Unicode>
                    </TextEquiv>
                </Word>
                <Word id="tr_1_tl_65_w8" custom="readingOrder {index:7;}">
                    <Coords points="2423,2356 2423,2416 2480,2416 2480,2356"/>
                    <TextEquiv>
                        <Unicode>wie</Unicode>
                    </TextEquiv>
                </Word>
                <Word id="tr_1_tl_65_w9" custom="readingOrder {index:8;}">
                    <Coords points="2505,2356 2505,2416 2533,2416 2533,2356"/>
                    <TextEquiv>
                        <Unicode>er</Unicode>
                    </TextEquiv>
                </Word>
                <Word id="tr_1_tl_65_w10" custom="readingOrder {index:9;}">
                    <Coords points="2557,2356 2557,2416 2585,2416 2585,2356"/>
                    <TextEquiv>
                        <Unicode>es</Unicode>
                    </TextEquiv>
                </Word>
                <Word id="tr_1_tl_65_w11" custom="readingOrder {index:10;}">
                    <Coords points="2615,2354 2615,2414 2660,2414 2660,2354"/>
                    <TextEquiv>
                        <Unicode>sich</Unicode>
                    </TextEquiv>
                </Word>
                <Word id="tr_1_tl_65_w12" custom="readingOrder {index:11;}">
                    <Coords points="2690,2352 2690,2412 2758,2412 2758,2352"/>
                    <TextEquiv>
                        <Unicode>vor¬</Unicode>
                    </TextEquiv>
                </Word>
                <TextEquiv>
                    <Unicode>ich das Mädchen Leonilda genau so spiele, wie er es sich vor¬</Unicode>
                </TextEquiv>
            </TextLine>
            <TextLine id="tr_1_tl_66" custom="readingOrder {index:65;}">
                <Coords points="473,2437 1457,2475 1582,2444 1580,2401 471,2397"/>
                <Baseline points="480,2433 535,2431 590,2436 645,2436 701,2436 756,2436 811,2435 866,2433 922,2433 977,2436 1032,2437 1087,2439 1143,2439 1198,2436 1253,2439 1308,2440 1364,2442 1419,2442 1474,2441 1529,2438 1585,2436"/>
                <Word id="tr_1_tl_66_w1" custom="readingOrder {index:0;}">
                    <Coords points="480,2391 480,2451 553,2451 553,2391"/>
                    <TextEquiv>
                        <Unicode>Ein</Unicode>
                    </TextEquiv>
                </Word>
                <Word id="tr_1_tl_66_w2" custom="readingOrder {index:1;}">
                    <Coords points="594,2395 594,2455 988,2455 988,2395"/>
                    <TextEquiv>
                        <Unicode>zurückgelassenes</Unicode>
                    </TextEquiv>
                </Word>
                <Word id="tr_1_tl_66_w3" custom="readingOrder {index:2;}">
                    <Coords points="1029,2397 1029,2457 1316,2457 1316,2397"/>
                    <TextEquiv>
                        <Unicode>Schauspiel:</Unicode>
                    </TextEquiv>
                </Word>
                <Word id="tr_1_tl_66_w4" custom="readingOrder {index:3;}">
                    <Coords points="1343,2402 1343,2462 1463,2462 1463,2402"/>
                    <TextEquiv>
                        <Unicode>„Zug</Unicode>
                    </TextEquiv>
                </Word>
                <Word id="tr_1_tl_66_w5" custom="readingOrder {index:4;}">
                    <Coords points="1504,2397 1504,2457 1570,2457 1570,2397"/>
                    <TextEquiv>
                        <Unicode>der</Unicode>
                    </TextEquiv>
                </Word>
                <TextEquiv>
                    <Unicode>Ein zurückgelassenes Schauspiel: „Zug der</Unicode>
                </TextEquiv>
            </TextLine>
            <TextLine id="tr_1_tl_67" custom="readingOrder {index:66;}">
                <Coords points="1632,2452 1671,2457 1698,2448 1735,2465 1765,2447 1808,2464 1830,2457 1846,2471 1857,2469 1857,2405 1816,2410 1781,2398 1707,2407 1690,2396 1670,2408 1651,2398 1632,2405"/>
                <Baseline points="1639,2445 1666,2441 1694,2439 1721,2439 1749,2439 1776,2439 1804,2439 1831,2440 1859,2442"/>
                <Word id="tr_1_tl_67_w1" custom="readingOrder {index:0;}">
                    <Coords points="1634,2399 1634,2459 1749,2459 1749,2399"/>
                    <TextEquiv>
                        <Unicode>gestellt</Unicode>
                    </TextEquiv>
                </Word>
                <Word id="tr_1_tl_67_w2" custom="readingOrder {index:1;}">
                    <Coords points="1774,2399 1774,2459 1847,2459 1847,2399"/>
                    <TextEquiv>
                        <Unicode>hat.</Unicode>
                    </TextEquiv>
                </Word>
                <TextEquiv>
                    <Unicode>gestellt hat.</Unicode>
                </TextEquiv>
            </TextLine>
            <TextLine id="tr_1_tl_68" custom="readingOrder {index:67;}">
                <Coords points="890,2492 971,2508 984,2496 1037,2486 1075,2508 1102,2489 1152,2485 1153,2440 1115,2459 1035,2448 1018,2435 994,2452 976,2440 946,2451 914,2437 890,2451"/>
                <Baseline points="898,2483 923,2481 949,2481 975,2483 1000,2481 1026,2480 1052,2480 1077,2480 1103,2480 1129,2476 1155,2471"/>
                <Word id="tr_1_tl_68_w1" custom="readingOrder {index:0;}">
                    <Coords points="891,2440 891,2500 1144,2500 1144,2440"/>
                    <TextEquiv>
                        <Unicode>Schatten."</Unicode>
                    </TextEquiv>
                </Word>
                <TextEquiv>
                    <Unicode>Schatten."</Unicode>
                </TextEquiv>
            </TextLine>
            <TextLine id="tr_1_tl_69" custom="readingOrder {index:68;}">
                <Coords points="1642,2536 2762,2529 2762,2474 2628,2448 2533,2482 2376,2442 2117,2481 1642,2457"/>
                <Baseline points="1650,2513 1705,2510 1761,2510 1817,2510 1872,2510 1928,2510 1984,2510 2039,2510 2095,2510 2151,2510 2207,2510 2262,2512 2318,2510 2374,2510 2429,2510 2485,2510 2541,2510 2596,2510 2652,2510 2708,2510 2764,2510"/>
                <Word id="tr_1_tl_69_w1" custom="readingOrder {index:0;}">
                    <Coords points="1639,2470 1639,2530 1884,2530 1884,2470"/>
                    <TextEquiv>
                        <Unicode>Schnitzlers</Unicode>
                    </TextEquiv>
                </Word>
                <Word id="tr_1_tl_69_w2" custom="readingOrder {index:1;}">
                    <Coords points="1927,2470 1927,2530 2088,2530 2088,2470"/>
                    <TextEquiv>
                        <Unicode>Werke</Unicode>
                    </TextEquiv>
                </Word>
                <Word id="tr_1_tl_69_w3" custom="readingOrder {index:2;}">
                    <Coords points="2124,2470 2124,2530 2172,2530 2172,2470"/>
                    <TextEquiv>
                        <Unicode>an</Unicode>
                    </TextEquiv>
                </Word>
                <Word id="tr_1_tl_69_w4" custom="readingOrder {index:3;}">
                    <Coords points="2215,2471 2215,2531 2284,2531 2284,2471"/>
                    <TextEquiv>
                        <Unicode>den</Unicode>
                    </TextEquiv>
                </Word>
                <Word id="tr_1_tl_69_w5" custom="readingOrder {index:4;}">
                    <Coords points="2328,2470 2328,2530 2510,2530 2510,2470"/>
                    <TextEquiv>
                        <Unicode>Wiener</Unicode>
                    </TextEquiv>
                </Word>
                <Word id="tr_1_tl_69_w6" custom="readingOrder {index:5;}">
                    <Coords points="2546,2470 2546,2530 2756,2530 2756,2470"/>
                    <TextEquiv>
                        <Unicode>Bühnen.</Unicode>
                    </TextEquiv>
                </Word>
                <TextEquiv>
                    <Unicode>Schnitzlers Werke an den Wiener Bühnen.</Unicode>
                </TextEquiv>
            </TextLine>
            <TextLine id="tr_1_tl_70" custom="readingOrder {index:69;}">
                <Coords points="554,2542 1590,2543 1590,2496 1414,2457 1075,2509 829,2468 554,2494"/>
                <Baseline points="561,2534 612,2531 664,2532 715,2534 767,2534 819,2534 870,2534 922,2537 974,2537 1025,2537 1077,2537 1129,2537 1180,2537 1232,2537 1284,2534 1335,2537 1387,2537 1439,2537 1490,2537 1542,2537 1594,2534"/>
                <Word id="tr_1_tl_70_w1" custom="readingOrder {index:0;}">
                    <Coords points="556,2493 556,2553 600,2553 600,2493"/>
                    <TextEquiv>
                        <Unicode>Im</Unicode>
                    </TextEquiv>
                </Word>
                <Word id="tr_1_tl_70_w2" custom="readingOrder {index:1;}">
                    <Coords points="646,2493 646,2553 779,2553 779,2493"/>
                    <TextEquiv>
                        <Unicode>Nachlaß</Unicode>
                    </TextEquiv>
                </Word>
                <Word id="tr_1_tl_70_w3" custom="readingOrder {index:2;}">
                    <Coords points="819,2494 819,2554 939,2554 939,2494"/>
                    <TextEquiv>
                        <Unicode>Arthur</Unicode>
                    </TextEquiv>
                </Word>
                <Word id="tr_1_tl_70_w4" custom="readingOrder {index:3;}">
                    <Coords points="972,2497 972,2557 1253,2557 1253,2497"/>
                    <TextEquiv>
                        <Unicode>Schnitzlers</Unicode>
                    </TextEquiv>
                </Word>
                <Word id="tr_1_tl_70_w5" custom="readingOrder {index:4;}">
                    <Coords points="1285,2497 1285,2557 1426,2557 1426,2497"/>
                    <TextEquiv>
                        <Unicode>befindet</Unicode>
                    </TextEquiv>
                </Word>
                <Word id="tr_1_tl_70_w6" custom="readingOrder {index:5;}">
                    <Coords points="1452,2497 1452,2557 1502,2557 1502,2497"/>
                    <TextEquiv>
                        <Unicode>sich</Unicode>
                    </TextEquiv>
                </Word>
                <Word id="tr_1_tl_70_w7" custom="readingOrder {index:6;}">
                    <Coords points="1535,2496 1535,2556 1579,2556 1579,2496"/>
                    <TextEquiv>
                        <Unicode>ein</Unicode>
                    </TextEquiv>
                </Word>
                <TextEquiv>
                    <Unicode>Im Nachlaß Arthur Schnitzlers befindet sich ein</Unicode>
                </TextEquiv>
            </TextLine>
            <TextLine id="tr_1_tl_71" custom="readingOrder {index:70;}">
                <Coords points="1732,2582 2779,2569 2688,2515 1893,2545 1732,2518"/>
                <Baseline points="1740,2570 1792,2567 1844,2567 1896,2570 1948,2570 2000,2568 2052,2567 2104,2567 2156,2567 2208,2568 2261,2569 2313,2567 2365,2569 2417,2567 2469,2567 2521,2567 2573,2568 2625,2569 2677,2565 2729,2564 2782,2564"/>
                <Word id="tr_1_tl_71_w1" custom="readingOrder {index:0;}">
                    <Coords points="1733,2529 1733,2589 1773,2589 1773,2529"/>
                    <TextEquiv>
                        <Unicode>Im</Unicode>
                    </TextEquiv>
                </Word>
                <Word id="tr_1_tl_71_w2" custom="readingOrder {index:1;}">
                    <Coords points="1814,2528 1814,2588 2143,2588 2143,2528"/>
                    <TextEquiv>
                        <Unicode>Burgtheater</Unicode>
                    </TextEquiv>
                </Word>
                <Word id="tr_1_tl_71_w3" custom="readingOrder {index:2;}">
                    <Coords points="2180,2528 2180,2588 2237,2588 2237,2528"/>
                    <TextEquiv>
                        <Unicode>sind</Unicode>
                    </TextEquiv>
                </Word>
                <Word id="tr_1_tl_71_w4" custom="readingOrder {index:3;}">
                    <Coords points="2272,2528 2272,2588 2300,2588 2300,2528"/>
                    <TextEquiv>
                        <Unicode>in</Unicode>
                    </TextEquiv>
                </Word>
                <Word id="tr_1_tl_71_w5" custom="readingOrder {index:4;}">
                    <Coords points="2336,2527 2336,2587 2591,2587 2591,2527"/>
                    <TextEquiv>
                        <Unicode>chronologischer</Unicode>
                    </TextEquiv>
                </Word>
                <Word id="tr_1_tl_71_w6" custom="readingOrder {index:5;}">
                    <Coords points="2626,2524 2626,2584 2758,2584 2758,2524"/>
                    <TextEquiv>
                        <Unicode>Reihen¬</Unicode>
                    </TextEquiv>
                </Word>
                <TextEquiv>
                    <Unicode>Im Burgtheater sind in chronologischer Reihen¬</Unicode>
                </TextEquiv>
            </TextLine>
            <TextLine id="tr_1_tl_72" custom="readingOrder {index:71;}">
                <Coords points="463,2589 1588,2593 1565,2543 463,2538"/>
                <Baseline points="471,2579 527,2579 583,2580 639,2582 695,2582 751,2584 807,2582 863,2582 919,2585 975,2585 1031,2585 1087,2585 1143,2582 1199,2582 1255,2582 1311,2584 1367,2585 1423,2582 1479,2582 1535,2582 1591,2582"/>
                <Word id="tr_1_tl_72_w1" custom="readingOrder {index:0;}">
                    <Coords points="464,2541 464,2601 758,2601 758,2541"/>
                    <TextEquiv>
                        <Unicode>Schauspiel,</Unicode>
                    </TextEquiv>
                </Word>
                <Word id="tr_1_tl_72_w2" custom="readingOrder {index:1;}">
                    <Coords points="783,2542 783,2602 900,2602 900,2542"/>
                    <TextEquiv>
                        <Unicode>betitelt</Unicode>
                    </TextEquiv>
                </Word>
                <Word id="tr_1_tl_72_w3" custom="readingOrder {index:2;}">
                    <Coords points="936,2545 936,2605 1042,2605 1042,2545"/>
                    <TextEquiv>
                        <Unicode>„Zug</Unicode>
                    </TextEquiv>
                </Word>
                <Word id="tr_1_tl_72_w4" custom="readingOrder {index:3;}">
                    <Coords points="1078,2543 1078,2603 1154,2603 1154,2543"/>
                    <TextEquiv>
                        <Unicode>der</Unicode>
                    </TextEquiv>
                </Word>
                <Word id="tr_1_tl_72_w5" custom="readingOrder {index:4;}">
                    <Coords points="1184,2544 1184,2604 1443,2604 1443,2544"/>
                    <TextEquiv>
                        <Unicode>Schatten“.</Unicode>
                    </TextEquiv>
                </Word>
                <Word id="tr_1_tl_72_w6" custom="readingOrder {index:5;}">
                    <Coords points="1467,2542 1467,2602 1519,2602 1519,2542"/>
                    <TextEquiv>
                        <Unicode>Ob</Unicode>
                    </TextEquiv>
                </Word>
                <Word id="tr_1_tl_72_w7" custom="readingOrder {index:6;}">
                    <Coords points="1550,2542 1550,2602 1578,2602 1578,2542"/>
                    <TextEquiv>
                        <Unicode>es</Unicode>
                    </TextEquiv>
                </Word>
                <TextEquiv>
                    <Unicode>Schauspiel, betitelt „Zug der Schatten“. Ob es</Unicode>
                </TextEquiv>
            </TextLine>
            <TextLine id="tr_1_tl_73" custom="readingOrder {index:72;}">
                <Coords points="1646,2624 2769,2621 2746,2572 1646,2559"/>
                <Baseline points="1653,2609 1709,2612 1765,2612 1821,2614 1877,2615 1933,2615 1989,2614 2045,2612 2101,2615 2157,2615 2213,2614 2269,2614 2325,2615 2381,2613 2437,2615 2493,2615 2549,2615 2605,2614 2661,2612 2717,2612 2773,2612"/>
                <Word id="tr_1_tl_73_w1" custom="readingOrder {index:0;}">
                    <Coords points="1641,2570 1641,2630 1716,2630 1716,2570"/>
                    <TextEquiv>
                        <Unicode>folge</Unicode>
                    </TextEquiv>
                </Word>
                <Word id="tr_1_tl_73_w2" custom="readingOrder {index:1;}">
                    <Coords points="1745,2572 1745,2632 1791,2632 1791,2572"/>
                    <TextEquiv>
                        <Unicode>die</Unicode>
                    </TextEquiv>
                </Word>
                <Word id="tr_1_tl_73_w3" custom="readingOrder {index:2;}">
                    <Coords points="1821,2574 1821,2634 2052,2634 2052,2574"/>
                    <TextEquiv>
                        <Unicode>nachstehenden</Unicode>
                    </TextEquiv>
                </Word>
                <Word id="tr_1_tl_73_w4" custom="readingOrder {index:3;}">
                    <Coords points="2087,2575 2087,2635 2203,2635 2203,2575"/>
                    <TextEquiv>
                        <Unicode>Werke</Unicode>
                    </TextEquiv>
                </Word>
                <Word id="tr_1_tl_73_w5" custom="readingOrder {index:4;}">
                    <Coords points="2233,2574 2233,2634 2354,2634 2354,2574"/>
                    <TextEquiv>
                        <Unicode>Arthur</Unicode>
                    </TextEquiv>
                </Word>
                <Word id="tr_1_tl_73_w6" custom="readingOrder {index:5;}">
                    <Coords points="2384,2575 2384,2635 2569,2635 2569,2575"/>
                    <TextEquiv>
                        <Unicode>Schnitzlers</Unicode>
                    </TextEquiv>
                </Word>
                <Word id="tr_1_tl_73_w7" custom="readingOrder {index:6;}">
                    <Coords points="2604,2573 2604,2633 2650,2633 2650,2573"/>
                    <TextEquiv>
                        <Unicode>zur</Unicode>
                    </TextEquiv>
                </Word>
                <Word id="tr_1_tl_73_w8" custom="readingOrder {index:7;}">
                    <Coords points="2679,2572 2679,2632 2765,2632 2765,2572"/>
                    <TextEquiv>
                        <Unicode>Auf¬</Unicode>
                    </TextEquiv>
                </Word>
                <TextEquiv>
                    <Unicode>folge die nachstehenden Werke Arthur Schnitzlers zur Auf¬</Unicode>
                </TextEquiv>
            </TextLine>
            <TextLine id="tr_1_tl_74" custom="readingOrder {index:73;}">
                <Coords points="466,2641 1588,2643 1552,2587 466,2590"/>
                <Baseline points="474,2630 529,2627 585,2627 641,2627 697,2624 753,2627 809,2627 864,2627 920,2630 976,2629 1032,2627 1088,2627 1144,2627 1200,2627 1255,2628 1311,2628 1367,2630 1423,2629 1479,2627 1535,2627 1591,2627"/>
                <Word id="tr_1_tl_74_w1" custom="readingOrder {index:0;}">
                    <Coords points="467,2588 467,2648 543,2648 543,2588"/>
                    <TextEquiv>
                        <Unicode>ganz</Unicode>
                    </TextEquiv>
                </Word>
                <Word id="tr_1_tl_74_w2" custom="readingOrder {index:1;}">
                    <Coords points="572,2586 572,2646 726,2646 726,2586"/>
                    <TextEquiv>
                        <Unicode>vollendet</Unicode>
                    </TextEquiv>
                </Word>
                <Word id="tr_1_tl_74_w3" custom="readingOrder {index:2;}">
                    <Coords points="755,2587 755,2647 809,2647 809,2587"/>
                    <TextEquiv>
                        <Unicode>ist,</Unicode>
                    </TextEquiv>
                </Word>
                <Word id="tr_1_tl_74_w4" custom="readingOrder {index:3;}">
                    <Coords points="832,2587 832,2647 909,2647 909,2587"/>
                    <TextEquiv>
                        <Unicode>steht</Unicode>
                    </TextEquiv>
                </Word>
                <Word id="tr_1_tl_74_w5" custom="readingOrder {index:4;}">
                    <Coords points="938,2587 938,2647 1108,2647 1108,2587"/>
                    <TextEquiv>
                        <Unicode>allerdings</Unicode>
                    </TextEquiv>
                </Word>
                <Word id="tr_1_tl_74_w6" custom="readingOrder {index:5;}">
                    <Coords points="1143,2587 1143,2647 1225,2647 1225,2587"/>
                    <TextEquiv>
                        <Unicode>nicht</Unicode>
                    </TextEquiv>
                </Word>
                <Word id="tr_1_tl_74_w7" custom="readingOrder {index:6;}">
                    <Coords points="1253,2588 1253,2648 1325,2648 1325,2588"/>
                    <TextEquiv>
                        <Unicode>fest.</Unicode>
                    </TextEquiv>
                </Word>
                <Word id="tr_1_tl_74_w8" custom="readingOrder {index:7;}">
                    <Coords points="1347,2589 1347,2649 1497,2649 1497,2589"/>
                    <TextEquiv>
                        <Unicode>Daneben</Unicode>
                    </TextEquiv>
                </Word>
                <Word id="tr_1_tl_74_w9" custom="readingOrder {index:8;}">
                    <Coords points="1536,2587 1536,2647 1585,2647 1585,2587"/>
                    <TextEquiv>
                        <Unicode>hat</Unicode>
                    </TextEquiv>
                </Word>
                <TextEquiv>
                    <Unicode>ganz vollendet ist, steht allerdings nicht fest. Daneben hat</Unicode>
                </TextEquiv>
            </TextLine>
            <TextLine id="tr_1_tl_75" custom="readingOrder {index:74;}">
                <Coords points="1646,2678 2766,2668 2766,2620 2678,2611 2327,2647 2214,2614 2137,2647 1646,2624"/>
                <Baseline points="1653,2654 1708,2658 1764,2660 1820,2660 1876,2660 1932,2659 1988,2657 2043,2657 2099,2660 2155,2660 2211,2660 2267,2660 2323,2657 2379,2658 2434,2660 2490,2660 2546,2657 2602,2659 2658,2657 2714,2657 2770,2660"/>
                <Word id="tr_1_tl_75_w1" custom="readingOrder {index:0;}">
                    <Coords points="1641,2617 1641,2677 1767,2677 1767,2617"/>
                    <TextEquiv>
                        <Unicode>führung</Unicode>
                    </TextEquiv>
                </Word>
                <Word id="tr_1_tl_75_w2" custom="readingOrder {index:1;}">
                    <Coords points="1801,2619 1801,2679 1961,2679 1961,2619"/>
                    <TextEquiv>
                        <Unicode>gelangt:</Unicode>
                    </TextEquiv>
                </Word>
                <Word id="tr_1_tl_75_w3" custom="readingOrder {index:2;}">
                    <Coords points="2000,2617 2000,2677 2116,2677 2116,2617"/>
                    <TextEquiv>
                        <Unicode>1895:</Unicode>
                    </TextEquiv>
                </Word>
                <Word id="tr_1_tl_75_w4" custom="readingOrder {index:3;}">
                    <Coords points="2150,2620 2150,2680 2309,2680 2309,2620"/>
                    <TextEquiv>
                        <Unicode>„Liebelei</Unicode>
                    </TextEquiv>
                </Word>
                <Word id="tr_1_tl_75_w5" custom="readingOrder {index:4;}">
                    <Coords points="2360,2620 2360,2680 2597,2680 2597,2620"/>
                    <TextEquiv>
                        <Unicode>(Sonnenthal,</Unicode>
                    </TextEquiv>
                </Word>
                <Word id="tr_1_tl_75_w6" custom="readingOrder {index:5;}">
                    <Coords points="2631,2617 2631,2677 2758,2677 2758,2617"/>
                    <TextEquiv>
                        <Unicode>Mitter¬</Unicode>
                    </TextEquiv>
                </Word>
                <TextEquiv>
                    <Unicode>führung gelangt: 1895: „Liebelei (Sonnenthal, Mitter¬</Unicode>
                </TextEquiv>
            </TextLine>
            <TextLine id="tr_1_tl_76" custom="readingOrder {index:75;}">
                <Coords points="466,2691 1590,2689 1590,2643 1448,2634 466,2641"/>
                <Baseline points="474,2672 530,2672 586,2672 642,2672 698,2674 754,2674 810,2672 866,2674 922,2674 978,2674 1034,2674 1090,2674 1146,2674 1202,2674 1258,2674 1314,2674 1370,2674 1426,2674 1482,2676 1538,2675 1594,2672"/>
                <Word id="tr_1_tl_76_w1" custom="readingOrder {index:0;}">
                    <Coords points="466,2632 466,2692 633,2692 633,2632"/>
                    <TextEquiv>
                        <Unicode>Schnitzler</Unicode>
                    </TextEquiv>
                </Word>
                <Word id="tr_1_tl_76_w2" custom="readingOrder {index:1;}">
                    <Coords points="661,2633 661,2693 688,2693 688,2633"/>
                    <TextEquiv>
                        <Unicode>in</Unicode>
                    </TextEquiv>
                </Word>
                <Word id="tr_1_tl_76_w3" custom="readingOrder {index:2;}">
                    <Coords points="721,2634 721,2694 774,2694 774,2634"/>
                    <TextEquiv>
                        <Unicode>der</Unicode>
                    </TextEquiv>
                </Word>
                <Word id="tr_1_tl_76_w4" custom="readingOrder {index:3;}">
                    <Coords points="802,2633 802,2693 899,2693 899,2633"/>
                    <TextEquiv>
                        <Unicode>letzten</Unicode>
                    </TextEquiv>
                </Word>
                <Word id="tr_1_tl_76_w5" custom="readingOrder {index:4;}">
                    <Coords points="932,2634 932,2694 1002,2694 1002,2634"/>
                    <TextEquiv>
                        <Unicode>Zeit</Unicode>
                    </TextEquiv>
                </Word>
                <Word id="tr_1_tl_76_w6" custom="readingOrder {index:5;}">
                    <Coords points="1030,2634 1030,2694 1121,2694 1121,2634"/>
                    <TextEquiv>
                        <Unicode>auch</Unicode>
                    </TextEquiv>
                </Word>
                <Word id="tr_1_tl_76_w7" custom="readingOrder {index:6;}">
                    <Coords points="1149,2634 1149,2694 1197,2694 1197,2634"/>
                    <TextEquiv>
                        <Unicode>an</Unicode>
                    </TextEquiv>
                </Word>
                <Word id="tr_1_tl_76_w8" custom="readingOrder {index:7;}">
                    <Coords points="1236,2634 1236,2694 1365,2694 1365,2634"/>
                    <TextEquiv>
                        <Unicode>einem</Unicode>
                    </TextEquiv>
                </Word>
                <Word id="tr_1_tl_76_w9" custom="readingOrder {index:8;}">
                    <Coords points="1415,2635 1415,2695 1582,2695 1582,2635"/>
                    <TextEquiv>
                        <Unicode>Roman</Unicode>
                    </TextEquiv>
                </Word>
                <TextEquiv>
                    <Unicode>Schnitzler in der letzten Zeit auch an einem Roman</Unicode>
                </TextEquiv>
            </TextLine>
            <TextLine id="tr_1_tl_77" custom="readingOrder {index:76;}">
                <Coords points="1629,2722 2587,2705 2763,2741 2751,2662 1629,2667"/>
                <Baseline points="1636,2701 1692,2702 1749,2704 1805,2706 1862,2704 1918,2704 1975,2704 2031,2704 2088,2704 2144,2704 2201,2704 2258,2704 2314,2704 2371,2704 2427,2706 2484,2704 2540,2704 2597,2704 2653,2704 2710,2704 2767,2704"/>
                <Word id="tr_1_tl_77_w1" custom="readingOrder {index:0;}">
                    <Coords points="1636,2662 1636,2722 1768,2722 1768,2662"/>
                    <TextEquiv>
                        <Unicode>Gurzer,</Unicode>
                    </TextEquiv>
                </Word>
                <Word id="tr_1_tl_77_w2" custom="readingOrder {index:1;}">
                    <Coords points="1787,2664 1787,2724 1983,2724 1983,2664"/>
                    <TextEquiv>
                        <Unicode>Sandrock),</Unicode>
                    </TextEquiv>
                </Word>
                <Word id="tr_1_tl_77_w3" custom="readingOrder {index:2;}">
                    <Coords points="1995,2664 1995,2724 2087,2724 2087,2664"/>
                    <TextEquiv>
                        <Unicode>„Das</Unicode>
                    </TextEquiv>
                </Word>
                <Word id="tr_1_tl_77_w4" custom="readingOrder {index:3;}">
                    <Coords points="2111,2664 2111,2724 2354,2724 2354,2664"/>
                    <TextEquiv>
                        <Unicode>Vermächtnis"</Unicode>
                    </TextEquiv>
                </Word>
                <Word id="tr_1_tl_77_w5" custom="readingOrder {index:4;}">
                    <Coords points="2384,2664 2384,2724 2568,2724 2568,2664"/>
                    <TextEquiv>
                        <Unicode>(Katharina</Unicode>
                    </TextEquiv>
                </Word>
                <Word id="tr_1_tl_77_w6" custom="readingOrder {index:5;}">
                    <Coords points="2592,2664 2592,2724 2760,2724 2760,2664"/>
                    <TextEquiv>
                        <Unicode>Schratt);</Unicode>
                    </TextEquiv>
                </Word>
                <TextEquiv>
                    <Unicode>Gurzer, Sandrock), „Das Vermächtnis" (Katharina Schratt);</Unicode>
                </TextEquiv>
            </TextLine>
            <TextLine id="tr_1_tl_78" custom="readingOrder {index:77;}">
                <Coords points="466,2732 1590,2742 1590,2688 1551,2682 466,2692"/>
                <Baseline points="474,2722 530,2719 586,2719 642,2719 698,2719 754,2718 810,2718 866,2719 922,2719 978,2719 1034,2720 1090,2722 1146,2722 1202,2722 1258,2722 1314,2722 1370,2722 1426,2722 1482,2722 1538,2722 1594,2722"/>
                <Word id="tr_1_tl_78_w1" custom="readingOrder {index:0;}">
                    <Coords points="466,2679 466,2739 754,2739 754,2679"/>
                    <TextEquiv>
                        <Unicode>gearbeitet,</Unicode>
                    </TextEquiv>
                </Word>
                <Word id="tr_1_tl_78_w2" custom="readingOrder {index:1;}">
                    <Coords points="793,2678 793,2738 868,2738 868,2678"/>
                    <TextEquiv>
                        <Unicode>der</Unicode>
                    </TextEquiv>
                </Word>
                <Word id="tr_1_tl_78_w3" custom="readingOrder {index:2;}">
                    <Coords points="918,2680 918,2740 1190,2740 1190,2680"/>
                    <TextEquiv>
                        <Unicode>vermutlich</Unicode>
                    </TextEquiv>
                </Word>
                <Word id="tr_1_tl_78_w4" custom="readingOrder {index:3;}">
                    <Coords points="1245,2682 1245,2742 1353,2742 1353,2682"/>
                    <TextEquiv>
                        <Unicode>aber</Unicode>
                    </TextEquiv>
                </Word>
                <Word id="tr_1_tl_78_w5" custom="readingOrder {index:4;}">
                    <Coords points="1403,2682 1403,2742 1490,2742 1490,2682"/>
                    <TextEquiv>
                        <Unicode>nur</Unicode>
                    </TextEquiv>
                </Word>
                <Word id="tr_1_tl_78_w6" custom="readingOrder {index:5;}">
                    <Coords points="1539,2682 1539,2742 1582,2742 1582,2682"/>
                    <TextEquiv>
                        <Unicode>in</Unicode>
                    </TextEquiv>
                </Word>
                <TextEquiv>
                    <Unicode>gearbeitet, der vermutlich aber nur in</Unicode>
                </TextEquiv>
            </TextLine>
            <TextLine id="tr_1_tl_79" custom="readingOrder {index:78;}">
                <Coords points="1639,2765 2763,2765 2701,2712 2587,2705 1639,2718"/>
                <Baseline points="1647,2746 1703,2750 1759,2753 1815,2753 1871,2749 1927,2750 1983,2752 2039,2752 2095,2755 2151,2752 2207,2752 2263,2752 2319,2752 2375,2753 2431,2754 2487,2752 2543,2752 2599,2752 2655,2750 2711,2751 2767,2752"/>
                <Word id="tr_1_tl_79_w1" custom="readingOrder {index:0;}">
                    <Coords points="1640,2709 1640,2769 1752,2769 1752,2709"/>
                    <TextEquiv>
                        <Unicode>1899:</Unicode>
                    </TextEquiv>
                </Word>
                <Word id="tr_1_tl_79_w2" custom="readingOrder {index:1;}">
                    <Coords points="1776,2713 1776,2773 1853,2773 1853,2713"/>
                    <TextEquiv>
                        <Unicode>„Die</Unicode>
                    </TextEquiv>
                </Word>
                <Word id="tr_1_tl_79_w3" custom="readingOrder {index:2;}">
                    <Coords points="1871,2711 1871,2771 2084,2771 2084,2711"/>
                    <TextEquiv>
                        <Unicode>Gefährtin",</Unicode>
                    </TextEquiv>
                </Word>
                <Word id="tr_1_tl_79_w4" custom="readingOrder {index:3;}">
                    <Coords points="2096,2712 2096,2772 2345,2772 2345,2712"/>
                    <TextEquiv>
                        <Unicode>„Paracelsus",</Unicode>
                    </TextEquiv>
                </Word>
                <Word id="tr_1_tl_79_w5" custom="readingOrder {index:4;}">
                    <Coords points="2381,2713 2381,2773 2452,2773 2452,2713"/>
                    <TextEquiv>
                        <Unicode>Der</Unicode>
                    </TextEquiv>
                </Word>
                <Word id="tr_1_tl_79_w6" custom="readingOrder {index:5;}">
                    <Coords points="2470,2712 2470,2772 2564,2772 2564,2712"/>
                    <TextEquiv>
                        <Unicode>grüne</Unicode>
                    </TextEquiv>
                </Word>
                <Word id="tr_1_tl_79_w7" custom="readingOrder {index:6;}">
                    <Coords points="2588,2710 2588,2770 2759,2770 2759,2710"/>
                    <TextEquiv>
                        <Unicode>Kakadu,</Unicode>
                    </TextEquiv>
                </Word>
                <TextEquiv>
                    <Unicode>1899: „Die Gefährtin", „Paracelsus", Der grüne Kakadu,</Unicode>
                </TextEquiv>
            </TextLine>
            <TextLine id="tr_1_tl_80" custom="readingOrder {index:79;}">
                <Coords points="463,2782 1122,2775 1122,2738 1074,2726 463,2732"/>
                <Baseline points="471,2773 503,2767 536,2767 569,2765 601,2765 634,2767 667,2767 699,2767 732,2766 765,2764 798,2764 830,2764 863,2764 896,2767 928,2765 961,2764 994,2764 1026,2766 1059,2767 1092,2767 1125,2767"/>
                <Word id="tr_1_tl_80_w1" custom="readingOrder {index:0;}">
                    <Coords points="463,2726 463,2786 777,2786 777,2726"/>
                    <TextEquiv>
                        <Unicode>Fragmenten</Unicode>
                    </TextEquiv>
                </Word>
                <Word id="tr_1_tl_80_w2" custom="readingOrder {index:1;}">
                    <Coords points="816,2726 816,2786 968,2786 968,2726"/>
                    <TextEquiv>
                        <Unicode>vorliegen</Unicode>
                    </TextEquiv>
                </Word>
                <Word id="tr_1_tl_80_w3" custom="readingOrder {index:2;}">
                    <Coords points="1006,2727 1006,2787 1125,2787 1125,2727"/>
                    <TextEquiv>
                        <Unicode>dürfte.</Unicode>
                    </TextEquiv>
                </Word>
                <TextEquiv>
                    <Unicode>Fragmenten vorliegen dürfte.</Unicode>
                </TextEquiv>
            </TextLine>
            <TextLine id="tr_1_tl_81" custom="readingOrder {index:80;}">
                <Coords points="1642,2804 2596,2806 2572,2755 1874,2753 1781,2787 1642,2762"/>
                <Baseline points="1650,2794 1697,2794 1745,2797 1792,2800 1840,2797 1887,2797 1935,2797 1982,2797 2030,2796 2077,2796 2125,2797 2172,2797 2220,2797 2267,2797 2315,2797 2362,2800 2410,2797 2457,2797 2505,2797 2552,2794 2600,2797"/>
                <Word id="tr_1_tl_81_w1" custom="readingOrder {index:0;}">
                    <Coords points="1643,2754 1643,2814 1755,2814 1755,2754"/>
                    <TextEquiv>
                        <Unicode>1905:</Unicode>
                    </TextEquiv>
                </Word>
                <Word id="tr_1_tl_81_w2" custom="readingOrder {index:1;}">
                    <Coords points="1785,2757 1785,2817 2056,2817 2056,2757"/>
                    <TextEquiv>
                        <Unicode>„Zwischenspiel“</Unicode>
                    </TextEquiv>
                </Word>
                <Word id="tr_1_tl_81_w3" custom="readingOrder {index:2;}">
                    <Coords points="2098,2757 2098,2817 2192,2817 2192,2757"/>
                    <TextEquiv>
                        <Unicode>(Josef</Unicode>
                    </TextEquiv>
                </Word>
                <Word id="tr_1_tl_81_w4" custom="readingOrder {index:3;}">
                    <Coords points="2222,2757 2222,2817 2339,2817 2339,2757"/>
                    <TextEquiv>
                        <Unicode>Kainz,</Unicode>
                    </TextEquiv>
                </Word>
                <Word id="tr_1_tl_81_w5" custom="readingOrder {index:4;}">
                    <Coords points="2369,2757 2369,2817 2451,2817 2451,2757"/>
                    <TextEquiv>
                        <Unicode>tte</Unicode>
                    </TextEquiv>
                </Word>
                <Word id="tr_1_tl_81_w6" custom="readingOrder {index:5;}">
                    <Coords points="2482,2755 2482,2815 2581,2815 2581,2755"/>
                    <TextEquiv>
                        <Unicode>Witt)</Unicode>
                    </TextEquiv>
                </Word>
                <TextEquiv>
                    <Unicode>1905: „Zwischenspiel“ (Josef Kainz, tte Witt)</Unicode>
                </TextEquiv>
            </TextLine>
            <TextLine id="tr_1_tl_82" custom="readingOrder {index:81;}">
                <Coords points="2643,2804 2691,2802 2701,2809 2712,2802 2722,2809 2739,2797 2748,2804 2763,2806 2763,2765 2741,2770 2721,2756 2712,2760 2697,2756 2689,2763 2685,2759 2643,2759"/>
                <Baseline points="2651,2797 2680,2797 2709,2797 2738,2797 2767,2800"/>
                <Word id="tr_1_tl_82_w1" custom="readingOrder {index:0;}">
                    <Coords points="2638,2757 2638,2817 2759,2817 2759,2757"/>
                    <TextEquiv>
                        <Unicode>1910;</Unicode>
                    </TextEquiv>
                </Word>
                <TextEquiv>
                    <Unicode>1910;</Unicode>
                </TextEquiv>
            </TextLine>
            <TextLine id="tr_1_tl_83" custom="readingOrder {index:82;}">
                <Coords points="564,2826 1552,2833 1585,2770 562,2780"/>
                <Baseline points="570,2815 620,2812 671,2812 722,2812 773,2814 824,2812 875,2812 926,2814 977,2812 1028,2812 1079,2814 1129,2815 1180,2815 1231,2815 1282,2815 1333,2815 1384,2815 1435,2815 1486,2815 1537,2815 1588,2812"/>
                <Word id="tr_1_tl_83_w1" custom="readingOrder {index:0;}">
                    <Coords points="563,2772 563,2832 722,2832 722,2772"/>
                    <TextEquiv>
                        <Unicode>Hingegen</Unicode>
                    </TextEquiv>
                </Word>
                <Word id="tr_1_tl_83_w2" custom="readingOrder {index:1;}">
                    <Coords points="758,2772 758,2832 846,2832 846,2772"/>
                    <TextEquiv>
                        <Unicode>birgt</Unicode>
                    </TextEquiv>
                </Word>
                <Word id="tr_1_tl_83_w3" custom="readingOrder {index:2;}">
                    <Coords points="876,2773 876,2833 928,2833 928,2773"/>
                    <TextEquiv>
                        <Unicode>des</Unicode>
                    </TextEquiv>
                </Word>
                <Word id="tr_1_tl_83_w4" custom="readingOrder {index:3;}">
                    <Coords points="964,2772 964,2832 1111,2832 1111,2772"/>
                    <TextEquiv>
                        <Unicode>Dichters</Unicode>
                    </TextEquiv>
                </Word>
                <Word id="tr_1_tl_83_w5" custom="readingOrder {index:4;}">
                    <Coords points="1147,2775 1147,2835 1282,2835 1282,2775"/>
                    <TextEquiv>
                        <Unicode>Nachlaß</Unicode>
                    </TextEquiv>
                </Word>
                <Word id="tr_1_tl_83_w6" custom="readingOrder {index:5;}">
                    <Coords points="1324,2775 1324,2835 1583,2835 1583,2775"/>
                    <TextEquiv>
                        <Unicode>zahlreiche</Unicode>
                    </TextEquiv>
                </Word>
                <TextEquiv>
                    <Unicode>Hingegen birgt des Dichters Nachlaß zahlreiche</Unicode>
                </TextEquiv>
            </TextLine>
            <TextLine id="tr_1_tl_84" custom="readingOrder {index:83;}">
                <Coords points="1639,2856 2763,2856 2741,2797 1639,2822"/>
                <Baseline points="1647,2845 1703,2843 1759,2845 1815,2843 1871,2842 1927,2842 1983,2843 2039,2841 2095,2842 2151,2840 2207,2842 2263,2842 2319,2845 2375,2844 2431,2842 2487,2844 2543,2845 2599,2845 2655,2844 2711,2842 2767,2842"/>
                <Word id="tr_1_tl_84_w1" custom="readingOrder {index:0;}">
                    <Coords points="1640,2803 1640,2863 1724,2863 1724,2803"/>
                    <TextEquiv>
                        <Unicode>„Der</Unicode>
                    </TextEquiv>
                </Word>
                <Word id="tr_1_tl_84_w2" custom="readingOrder {index:1;}">
                    <Coords points="1741,2804 1741,2864 1831,2864 1831,2804"/>
                    <TextEquiv>
                        <Unicode>junge</Unicode>
                    </TextEquiv>
                </Word>
                <Word id="tr_1_tl_84_w3" custom="readingOrder {index:2;}">
                    <Coords points="1860,2802 1860,2862 2052,2862 2052,2802"/>
                    <TextEquiv>
                        <Unicode>Medardus"</Unicode>
                    </TextEquiv>
                </Word>
                <Word id="tr_1_tl_84_w4" custom="readingOrder {index:3;}">
                    <Coords points="2081,2800 2081,2860 2268,2860 2268,2800"/>
                    <TextEquiv>
                        <Unicode>(Bleibtreu,</Unicode>
                    </TextEquiv>
                </Word>
                <Word id="tr_1_tl_84_w5" custom="readingOrder {index:4;}">
                    <Coords points="2285,2802 2285,2862 2528,2862 2528,2802"/>
                    <TextEquiv>
                        <Unicode>Wohlgemuth,</Unicode>
                    </TextEquiv>
                </Word>
                <Word id="tr_1_tl_84_w6" custom="readingOrder {index:5;}">
                    <Coords points="2546,2805 2546,2865 2641,2865 2641,2805"/>
                    <TextEquiv>
                        <Unicode>Ernst</Unicode>
                    </TextEquiv>
                </Word>
                <Word id="tr_1_tl_84_w7" custom="readingOrder {index:6;}">
                    <Coords points="2659,2802 2659,2862 2754,2862 2754,2802"/>
                    <TextEquiv>
                        <Unicode>Hart¬</Unicode>
                    </TextEquiv>
                </Word>
                <TextEquiv>
                    <Unicode>„Der junge Medardus" (Bleibtreu, Wohlgemuth, Ernst Hart¬</Unicode>
                </TextEquiv>
            </TextLine>
            <TextLine id="tr_1_tl_85" custom="readingOrder {index:84;}">
                <Coords points="457,2858 1588,2864 1505,2816 457,2827"/>
                <Baseline points="465,2857 521,2860 577,2861 633,2861 690,2860 746,2860 802,2860 859,2860 915,2860 971,2860 1028,2860 1084,2860 1140,2863 1196,2862 1253,2862 1309,2863 1365,2860 1422,2863 1478,2863 1534,2863 1591,2857"/>
                <Word id="tr_1_tl_85_w1" custom="readingOrder {index:0;}">
                    <Coords points="458,2820 458,2880 888,2880 888,2820"/>
                    <TextEquiv>
                        <Unicode>Aufzeichnungen,</Unicode>
                    </TextEquiv>
                </Word>
                <Word id="tr_1_tl_85_w2" custom="readingOrder {index:1;}">
                    <Coords points="934,2820 934,2880 984,2880 984,2820"/>
                    <TextEquiv>
                        <Unicode>die</Unicode>
                    </TextEquiv>
                </Word>
                <Word id="tr_1_tl_85_w3" custom="readingOrder {index:2;}">
                    <Coords points="1031,2820 1031,2880 1086,2880 1086,2820"/>
                    <TextEquiv>
                        <Unicode>sich</Unicode>
                    </TextEquiv>
                </Word>
                <Word id="tr_1_tl_85_w4" custom="readingOrder {index:3;}">
                    <Coords points="1138,2822 1138,2882 1166,2882 1166,2822"/>
                    <TextEquiv>
                        <Unicode>zu</Unicode>
                    </TextEquiv>
                </Word>
                <Word id="tr_1_tl_85_w5" custom="readingOrder {index:4;}">
                    <Coords points="1223,2822 1223,2882 1308,2882 1308,2822"/>
                    <TextEquiv>
                        <Unicode>einer</Unicode>
                    </TextEquiv>
                </Word>
                <Word id="tr_1_tl_85_w6" custom="readingOrder {index:5;}">
                    <Coords points="1359,2823 1359,2883 1585,2883 1585,2823"/>
                    <TextEquiv>
                        <Unicode>Autobio¬</Unicode>
                    </TextEquiv>
                </Word>
                <TextEquiv>
                    <Unicode>Aufzeichnungen, die sich zu einer Autobio¬</Unicode>
                </TextEquiv>
            </TextLine>
            <TextLine id="tr_1_tl_86" custom="readingOrder {index:85;}">
                <Coords points="1634,2902 2763,2900 2726,2849 1634,2854"/>
                <Baseline points="1642,2889 1698,2886 1754,2886 1810,2886 1867,2889 1923,2886 1979,2890 2035,2892 2092,2886 2148,2889 2204,2889 2260,2889 2317,2889 2373,2889 2429,2888 2485,2888 2542,2889 2598,2890 2654,2891 2710,2887 2767,2886"/>
                <Word id="tr_1_tl_86_w1" custom="readingOrder {index:0;}">
                    <Coords points="1642,2846 1642,2906 1749,2906 1749,2846"/>
                    <TextEquiv>
                        <Unicode>mann,</Unicode>
                    </TextEquiv>
                </Word>
                <Word id="tr_1_tl_86_w2" custom="readingOrder {index:1;}">
                    <Coords points="1768,2847 1768,2907 1919,2907 1919,2847"/>
                    <TextEquiv>
                        <Unicode>Treßler,</Unicode>
                    </TextEquiv>
                </Word>
                <Word id="tr_1_tl_86_w3" custom="readingOrder {index:2;}">
                    <Coords points="1938,2851 1938,2911 2094,2911 2094,2851"/>
                    <TextEquiv>
                        <Unicode>Gerasch),</Unicode>
                    </TextEquiv>
                </Word>
                <Word id="tr_1_tl_86_w4" custom="readingOrder {index:3;}">
                    <Coords points="2113,2849 2113,2909 2203,2909 2203,2849"/>
                    <TextEquiv>
                        <Unicode>„Das</Unicode>
                    </TextEquiv>
                </Word>
                <Word id="tr_1_tl_86_w5" custom="readingOrder {index:4;}">
                    <Coords points="2228,2849 2228,2909 2318,2909 2318,2849"/>
                    <TextEquiv>
                        <Unicode>weite</Unicode>
                    </TextEquiv>
                </Word>
                <Word id="tr_1_tl_86_w6" custom="readingOrder {index:5;}">
                    <Coords points="2337,2848 2337,2908 2445,2908 2445,2848"/>
                    <TextEquiv>
                        <Unicode>Land"</Unicode>
                    </TextEquiv>
                </Word>
                <Word id="tr_1_tl_86_w7" custom="readingOrder {index:6;}">
                    <Coords points="2476,2849 2476,2909 2620,2909 2620,2849"/>
                    <TextEquiv>
                        <Unicode>(Korff);</Unicode>
                    </TextEquiv>
                </Word>
                <Word id="tr_1_tl_86_w8" custom="readingOrder {index:7;}">
                    <Coords points="2645,2847 2645,2907 2759,2907 2759,2847"/>
                    <TextEquiv>
                        <Unicode>1914:</Unicode>
                    </TextEquiv>
                </Word>
                <TextEquiv>
                    <Unicode>mann, Treßler, Gerasch), „Das weite Land" (Korff); 1914:</Unicode>
                </TextEquiv>
            </TextLine>
            <TextLine id="tr_1_tl_87" custom="readingOrder {index:86;}">
                <Coords points="457,2922 609,2945 751,2915 1298,2915 1285,2870 457,2857"/>
                <Baseline points="465,2913 506,2909 548,2907 590,2907 632,2907 674,2907 715,2907 757,2907 799,2907 841,2907 883,2907 924,2907 966,2907 1008,2908 1050,2909 1092,2907 1133,2907 1175,2907 1217,2907 1259,2907 1301,2907"/>
                <Word id="tr_1_tl_87_w1" custom="readingOrder {index:0;}">
                    <Coords points="463,2867 463,2927 666,2927 666,2867"/>
                    <TextEquiv>
                        <Unicode>graphie</Unicode>
                    </TextEquiv>
                </Word>
                <Word id="tr_1_tl_87_w2" custom="readingOrder {index:1;}">
                    <Coords points="695,2867 695,2927 813,2927 813,2867"/>
                    <TextEquiv>
                        <Unicode>werden</Unicode>
                    </TextEquiv>
                </Word>
                <Word id="tr_1_tl_87_w3" custom="readingOrder {index:2;}">
                    <Coords points="848,2867 848,2927 1119,2927 1119,2867"/>
                    <TextEquiv>
                        <Unicode>zusammenfügen</Unicode>
                    </TextEquiv>
                </Word>
                <Word id="tr_1_tl_87_w4" custom="readingOrder {index:3;}">
                    <Coords points="1154,2867 1154,2927 1295,2927 1295,2867"/>
                    <TextEquiv>
                        <Unicode>können.</Unicode>
                    </TextEquiv>
                </Word>
                <TextEquiv>
                    <Unicode>graphie werden zusammenfügen können.</Unicode>
                </TextEquiv>
            </TextLine>
            <TextLine id="tr_1_tl_88" custom="readingOrder {index:87;}">
                <Coords points="1637,2952 2765,2941 2738,2891 1637,2911"/>
                <Baseline points="1645,2937 1700,2934 1756,2934 1812,2934 1868,2934 1924,2934 1980,2935 2037,2937 2093,2934 2149,2934 2205,2933 2261,2933 2317,2934 2373,2937 2430,2936 2486,2936 2542,2934 2598,2936 2654,2934 2710,2934 2767,2931"/>
                <Word id="tr_1_tl_88_w1" custom="readingOrder {index:0;}">
                    <Coords points="1643,2894 1643,2954 1820,2954 1820,2894"/>
                    <TextEquiv>
                        <Unicode>„Literatur</Unicode>
                    </TextEquiv>
                </Word>
                <Word id="tr_1_tl_88_w2" custom="readingOrder {index:1;}">
                    <Coords points="1881,2894 1881,2954 1941,2954 1941,2894"/>
                    <TextEquiv>
                        <Unicode>und</Unicode>
                    </TextEquiv>
                </Word>
                <Word id="tr_1_tl_88_w3" custom="readingOrder {index:2;}">
                    <Coords points="1975,2896 1975,2956 2064,2956 2064,2896"/>
                    <TextEquiv>
                        <Unicode>„Der</Unicode>
                    </TextEquiv>
                </Word>
                <Word id="tr_1_tl_88_w4" custom="readingOrder {index:3;}">
                    <Coords points="2103,2893 2103,2953 2236,2953 2236,2893"/>
                    <TextEquiv>
                        <Unicode>einsame</Unicode>
                    </TextEquiv>
                </Word>
                <Word id="tr_1_tl_88_w5" custom="readingOrder {index:4;}">
                    <Coords points="2275,2894 2275,2954 2374,2954 2374,2894"/>
                    <TextEquiv>
                        <Unicode>Weg“</Unicode>
                    </TextEquiv>
                </Word>
                <Word id="tr_1_tl_88_w6" custom="readingOrder {index:5;}">
                    <Coords points="2425,2894 2425,2954 2613,2954 2613,2894"/>
                    <TextEquiv>
                        <Unicode>(Bleibtreu,</Unicode>
                    </TextEquiv>
                </Word>
                <Word id="tr_1_tl_88_w7" custom="readingOrder {index:6;}">
                    <Coords points="2647,2894 2647,2954 2762,2954 2762,2894"/>
                    <TextEquiv>
                        <Unicode>Wohl¬</Unicode>
                    </TextEquiv>
                </Word>
                <TextEquiv>
                    <Unicode>„Literatur und „Der einsame Weg“ (Bleibtreu, Wohl¬</Unicode>
                </TextEquiv>
            </TextLine>
            <TextLine id="tr_1_tl_89" custom="readingOrder {index:88;}">
                <Coords points="511,2985 1542,2996 1542,2927 1465,2908 609,2945 511,2918"/>
                <Baseline points="519,2967 570,2967 621,2968 673,2970 724,2972 775,2971 827,2967 878,2967 929,2970 981,2970 1032,2970 1083,2970 1135,2970 1186,2970 1237,2973 1289,2972 1340,2971 1391,2973 1443,2971 1494,2970 1546,2970"/>
                <Word id="tr_1_tl_89_w1" custom="readingOrder {index:0;}">
                    <Coords points="515,2927 515,2987 601,2987 601,2927"/>
                    <TextEquiv>
                        <Unicode>Dr.</Unicode>
                    </TextEquiv>
                </Word>
                <Word id="tr_1_tl_89_w2" custom="readingOrder {index:1;}">
                    <Coords points="631,2931 631,2991 769,2991 769,2931"/>
                    <TextEquiv>
                        <Unicode>Franz</Unicode>
                    </TextEquiv>
                </Word>
                <Word id="tr_1_tl_89_w3" custom="readingOrder {index:2;}">
                    <Coords points="807,2927 807,2987 937,2987 937,2927"/>
                    <TextEquiv>
                        <Unicode>Horch</Unicode>
                    </TextEquiv>
                </Word>
                <Word id="tr_1_tl_89_w4" custom="readingOrder {index:3;}">
                    <Coords points="982,2930 982,2990 1280,2990 1280,2930"/>
                    <TextEquiv>
                        <Unicode>literarischer</Unicode>
                    </TextEquiv>
                </Word>
                <Word id="tr_1_tl_89_w5" custom="readingOrder {index:4;}">
                    <Coords points="1318,2931 1318,2991 1535,2991 1535,2931"/>
                    <TextEquiv>
                        <Unicode>Nachlaß¬</Unicode>
                    </TextEquiv>
                </Word>
                <TextEquiv>
                    <Unicode>Dr. Franz Horch literarischer Nachlaß¬</Unicode>
                </TextEquiv>
            </TextLine>
            <TextLine id="tr_1_tl_90" custom="readingOrder {index:89;}">
                <Coords points="1634,2992 2762,2999 2762,2949 2627,2935 1634,2952"/>
                <Baseline points="1642,2982 1698,2979 1754,2979 1810,2979 1866,2979 1922,2982 1978,2982 2034,2982 2090,2982 2146,2980 2203,2982 2259,2982 2315,2982 2371,2982 2427,2982 2483,2982 2539,2982 2595,2985 2651,2983 2707,2982 2764,2982"/>
                <Word id="tr_1_tl_90_w1" custom="readingOrder {index:0;}">
                    <Coords points="1635,2939 1635,2999 1776,2999 1776,2939"/>
                    <TextEquiv>
                        <Unicode>gewutý,</Unicode>
                    </TextEquiv>
                </Word>
                <Word id="tr_1_tl_90_w2" custom="readingOrder {index:1;}">
                    <Coords points="1795,2939 1795,2999 1948,2999 1948,2939"/>
                    <TextEquiv>
                        <Unicode>Walden,</Unicode>
                    </TextEquiv>
                </Word>
                <Word id="tr_1_tl_90_w3" custom="readingOrder {index:2;}">
                    <Coords points="1967,2942 1967,3002 2132,3002 2132,2942"/>
                    <TextEquiv>
                        <Unicode>Devrient,</Unicode>
                    </TextEquiv>
                </Word>
                <Word id="tr_1_tl_90_w4" custom="readingOrder {index:3;}">
                    <Coords points="2150,2941 2150,3001 2226,3001 2226,2941"/>
                    <TextEquiv>
                        <Unicode>Max</Unicode>
                    </TextEquiv>
                </Word>
                <Word id="tr_1_tl_90_w5" custom="readingOrder {index:4;}">
                    <Coords points="2250,2942 2250,3002 2427,3002 2427,2942"/>
                    <TextEquiv>
                        <Unicode>Paulsen);</Unicode>
                    </TextEquiv>
                </Word>
                <Word id="tr_1_tl_90_w6" custom="readingOrder {index:5;}">
                    <Coords points="2452,2942 2452,3002 2563,3002 2563,2942"/>
                    <TextEquiv>
                        <Unicode>1915:</Unicode>
                    </TextEquiv>
                </Word>
                <Word id="tr_1_tl_90_w7" custom="readingOrder {index:6;}">
                    <Coords points="2587,2942 2587,3002 2758,3002 2758,2942"/>
                    <TextEquiv>
                        <Unicode>„Komödie</Unicode>
                    </TextEquiv>
                </Word>
                <TextEquiv>
                    <Unicode>gewutý, Walden, Devrient, Max Paulsen); 1915: „Komödie</Unicode>
                </TextEquiv>
            </TextLine>
            <TextLine id="tr_1_tl_91" custom="readingOrder {index:90;}">
                <Coords points="883,3043 909,3035 939,3053 950,3043 993,3053 1038,3037 1074,3047 1099,3039 1139,3059 1174,3040 1173,2983 1074,2975 1032,2995 958,2979 934,2992 882,2988"/>
                <Baseline points="889,3027 915,3025 941,3024 967,3024 993,3024 1019,3024 1045,3024 1071,3024 1097,3026 1123,3027 1149,3027 1176,3027"/>
                <Word id="tr_1_tl_91_w1" custom="readingOrder {index:0;}">
                    <Coords points="890,2984 890,3044 1163,3044 1163,2984"/>
                    <TextEquiv>
                        <Unicode>verwalter.</Unicode>
                    </TextEquiv>
                </Word>
                <TextEquiv>
                    <Unicode>verwalter.</Unicode>
                </TextEquiv>
            </TextLine>
            <TextLine id="tr_1_tl_92" custom="readingOrder {index:91;}">
                <Coords points="1637,3035 2769,3042 2769,2998 2709,2983 2634,3016 2549,2983 1637,2991"/>
                <Baseline points="1645,3027 1701,3025 1757,3027 1814,3027 1870,3024 1927,3025 1983,3029 2039,3028 2096,3027 2152,3028 2209,3028 2265,3030 2321,3030 2378,3029 2434,3027 2491,3027 2547,3027 2603,3028 2660,3028 2716,3027 2773,3033"/>
                <Word id="tr_1_tl_92_w1" custom="readingOrder {index:0;}">
                    <Coords points="1638,2986 1638,3046 1682,3046 1682,2986"/>
                    <TextEquiv>
                        <Unicode>der</Unicode>
                    </TextEquiv>
                </Word>
                <Word id="tr_1_tl_92_w2" custom="readingOrder {index:1;}">
                    <Coords points="1717,2987 1717,3047 1847,3047 1847,2987"/>
                    <TextEquiv>
                        <Unicode>Worte“</Unicode>
                    </TextEquiv>
                </Word>
                <Word id="tr_1_tl_92_w3" custom="readingOrder {index:2;}">
                    <Coords points="1893,2988 1893,3048 2085,3048 2085,2988"/>
                    <TextEquiv>
                        <Unicode>(Walden);</Unicode>
                    </TextEquiv>
                </Word>
                <Word id="tr_1_tl_92_w4" custom="readingOrder {index:3;}">
                    <Coords points="2131,2988 2131,3048 2250,3048 2250,2988"/>
                    <TextEquiv>
                        <Unicode>1920:</Unicode>
                    </TextEquiv>
                </Word>
                <Word id="tr_1_tl_92_w5" custom="readingOrder {index:4;}">
                    <Coords points="2290,2989 2290,3049 2380,3049 2380,2989"/>
                    <TextEquiv>
                        <Unicode>„Die</Unicode>
                    </TextEquiv>
                </Word>
                <Word id="tr_1_tl_92_w6" custom="readingOrder {index:5;}">
                    <Coords points="2415,2987 2415,3047 2630,3047 2630,2987"/>
                    <TextEquiv>
                        <Unicode>Schwestern,</Unicode>
                    </TextEquiv>
                </Word>
                <Word id="tr_1_tl_92_w7" custom="readingOrder {index:6;}">
                    <Coords points="2659,2987 2659,3047 2760,3047 2760,2987"/>
                    <TextEquiv>
                        <Unicode>oder;</Unicode>
                    </TextEquiv>
                </Word>
                <TextEquiv>
                    <Unicode>der Worte“ (Walden); 1920: „Die Schwestern, oder;</Unicode>
                </TextEquiv>
            </TextLine>
            <TextLine id="tr_1_tl_93" custom="readingOrder {index:92;}">
                <Coords points="1634,3079 2763,3084 2746,3032 1634,3035"/>
                <Baseline points="1642,3069 1698,3072 1754,3072 1810,3074 1867,3072 1923,3073 1979,3075 2035,3073 2092,3075 2148,3075 2204,3075 2260,3075 2317,3075 2373,3075 2429,3073 2485,3075 2542,3075 2598,3075 2654,3077 2710,3078 2767,3078"/>
                <Word id="tr_1_tl_93_w1" custom="readingOrder {index:0;}">
                    <Coords points="1641,3032 1641,3092 1794,3092 1794,3032"/>
                    <TextEquiv>
                        <Unicode>Casanova</Unicode>
                    </TextEquiv>
                </Word>
                <Word id="tr_1_tl_93_w2" custom="readingOrder {index:1;}">
                    <Coords points="1824,3032 1824,3092 1854,3092 1854,3032"/>
                    <TextEquiv>
                        <Unicode>in</Unicode>
                    </TextEquiv>
                </Word>
                <Word id="tr_1_tl_93_w3" custom="readingOrder {index:2;}">
                    <Coords points="1884,3033 1884,3093 1995,3093 1995,3033"/>
                    <TextEquiv>
                        <Unicode>Spaa"</Unicode>
                    </TextEquiv>
                </Word>
                <Word id="tr_1_tl_93_w4" custom="readingOrder {index:3;}">
                    <Coords points="2026,3035 2026,3095 2203,3095 2203,3035"/>
                    <TextEquiv>
                        <Unicode>(Marberg,</Unicode>
                    </TextEquiv>
                </Word>
                <Word id="tr_1_tl_93_w5" custom="readingOrder {index:4;}">
                    <Coords points="2227,3035 2227,3095 2339,3095 2339,3035"/>
                    <TextEquiv>
                        <Unicode>Retty,</Unicode>
                    </TextEquiv>
                </Word>
                <Word id="tr_1_tl_93_w6" custom="readingOrder {index:5;}">
                    <Coords points="2358,3034 2358,3094 2600,3094 2600,3034"/>
                    <TextEquiv>
                        <Unicode>Wohlgemuth,</Unicode>
                    </TextEquiv>
                </Word>
                <Word id="tr_1_tl_93_w7" custom="readingOrder {index:6;}">
                    <Coords points="2618,3037 2618,3097 2765,3097 2765,3037"/>
                    <TextEquiv>
                        <Unicode>Treßler,</Unicode>
                    </TextEquiv>
                </Word>
                <TextEquiv>
                    <Unicode>Casanova in Spaa" (Marberg, Retty, Wohlgemuth, Treßler,</Unicode>
                </TextEquiv>
            </TextLine>
            <TextLine id="tr_1_tl_94" custom="readingOrder {index:93;}">
                <Coords points="557,3088 1592,3101 1592,3052 1532,3037 557,3040"/>
                <Baseline points="564,3084 615,3084 667,3084 718,3083 770,3083 821,3084 873,3084 924,3084 976,3084 1027,3085 1079,3086 1130,3086 1182,3084 1233,3086 1285,3086 1336,3086 1388,3086 1439,3086 1491,3086 1542,3084 1594,3086"/>
                <Word id="tr_1_tl_94_w1" custom="readingOrder {index:0;}">
                    <Coords points="558,3044 558,3104 725,3104 725,3044"/>
                    <TextEquiv>
                        <Unicode>Schnitzler</Unicode>
                    </TextEquiv>
                </Word>
                <Word id="tr_1_tl_94_w2" custom="readingOrder {index:1;}">
                    <Coords points="754,3043 754,3103 812,3103 812,3043"/>
                    <TextEquiv>
                        <Unicode>hat</Unicode>
                    </TextEquiv>
                </Word>
                <Word id="tr_1_tl_94_w3" custom="readingOrder {index:2;}">
                    <Coords points="842,3044 842,3104 922,3104 922,3044"/>
                    <TextEquiv>
                        <Unicode>schon</Unicode>
                    </TextEquiv>
                </Word>
                <Word id="tr_1_tl_94_w4" custom="readingOrder {index:3;}">
                    <Coords points="957,3044 957,3104 1015,3104 1015,3044"/>
                    <TextEquiv>
                        <Unicode>vor</Unicode>
                    </TextEquiv>
                </Word>
                <Word id="tr_1_tl_94_w5" custom="readingOrder {index:4;}">
                    <Coords points="1045,3046 1045,3106 1165,3106 1165,3046"/>
                    <TextEquiv>
                        <Unicode>Jahren</Unicode>
                    </TextEquiv>
                </Word>
                <Word id="tr_1_tl_94_w6" custom="readingOrder {index:5;}">
                    <Coords points="1207,3046 1207,3106 1276,3106 1276,3046"/>
                    <TextEquiv>
                        <Unicode>Dr.</Unicode>
                    </TextEquiv>
                </Word>
                <Word id="tr_1_tl_94_w7" custom="readingOrder {index:6;}">
                    <Coords points="1300,3046 1300,3106 1409,3106 1409,3046"/>
                    <TextEquiv>
                        <Unicode>Franz</Unicode>
                    </TextEquiv>
                </Word>
                <Word id="tr_1_tl_94_w8" custom="readingOrder {index:7;}">
                    <Coords points="1439,3045 1439,3105 1589,3105 1589,3045"/>
                    <TextEquiv>
                        <Unicode>Horch,</Unicode>
                    </TextEquiv>
                </Word>
                <TextEquiv>
                    <Unicode>Schnitzler hat schon vor Jahren Dr. Franz Horch,</Unicode>
                </TextEquiv>
            </TextLine>
            <TextLine id="tr_1_tl_95" custom="readingOrder {index:94;}">
                <Coords points="1642,3133 2749,3128 2732,3080 2185,3110 1642,3077"/>
                <Baseline points="1650,3110 1705,3116 1760,3116 1815,3118 1870,3119 1925,3119 1980,3119 2035,3119 2090,3119 2145,3122 2201,3122 2256,3120 2311,3119 2366,3119 2421,3119 2476,3119 2531,3119 2586,3119 2641,3119 2696,3119 2752,3122"/>
                <Word id="tr_1_tl_95_w1" custom="readingOrder {index:0;}">
                    <Coords points="1643,3074 1643,3134 1738,3134 1738,3074"/>
                    <TextEquiv>
                        <Unicode>später</Unicode>
                    </TextEquiv>
                </Word>
                <Word id="tr_1_tl_95_w2" custom="readingOrder {index:1;}">
                    <Coords points="1778,3079 1778,3139 1986,3139 1986,3079"/>
                    <TextEquiv>
                        <Unicode>Romberg);</Unicode>
                    </TextEquiv>
                </Word>
                <Word id="tr_1_tl_95_w3" custom="readingOrder {index:2;}">
                    <Coords points="2037,3079 2037,3139 2155,3139 2155,3079"/>
                    <TextEquiv>
                        <Unicode>1924:</Unicode>
                    </TextEquiv>
                </Word>
                <Word id="tr_1_tl_95_w4" custom="readingOrder {index:3;}">
                    <Coords points="2201,3079 2201,3139 2380,3139 2380,3079"/>
                    <TextEquiv>
                        <Unicode>„Komödie</Unicode>
                    </TextEquiv>
                </Word>
                <Word id="tr_1_tl_95_w5" custom="readingOrder {index:4;}">
                    <Coords points="2432,3079 2432,3139 2482,3139 2482,3079"/>
                    <TextEquiv>
                        <Unicode>der</Unicode>
                    </TextEquiv>
                </Word>
                <Word id="tr_1_tl_95_w6" custom="readingOrder {index:5;}">
                    <Coords points="2522,3079 2522,3139 2747,3139 2747,3079"/>
                    <TextEquiv>
                        <Unicode>Verführung"</Unicode>
                    </TextEquiv>
                </Word>
                <TextEquiv>
                    <Unicode>später Romberg); 1924: „Komödie der Verführung"</Unicode>
                </TextEquiv>
            </TextLine>
            <TextLine id="tr_1_tl_96" custom="readingOrder {index:95;}">
                <Coords points="463,3137 1593,3144 1593,3100 1538,3088 836,3113 463,3081"/>
                <Baseline points="471,3128 527,3131 583,3131 639,3131 696,3131 752,3131 808,3131 865,3129 921,3128 977,3129 1034,3131 1090,3131 1146,3131 1202,3131 1259,3131 1315,3131 1371,3131 1428,3131 1484,3131 1540,3128 1597,3128"/>
                <Word id="tr_1_tl_96_w1" custom="readingOrder {index:0;}">
                    <Coords points="463,3088 463,3148 515,3148 515,3088"/>
                    <TextEquiv>
                        <Unicode>den</Unicode>
                    </TextEquiv>
                </Word>
                <Word id="tr_1_tl_96_w2" custom="readingOrder {index:1;}">
                    <Coords points="563,3091 563,3151 801,3151 801,3091"/>
                    <TextEquiv>
                        <Unicode>Dramaturgen</Unicode>
                    </TextEquiv>
                </Word>
                <Word id="tr_1_tl_96_w3" custom="readingOrder {index:2;}">
                    <Coords points="855,3088 855,3148 907,3148 907,3088"/>
                    <TextEquiv>
                        <Unicode>der</Unicode>
                    </TextEquiv>
                </Word>
                <Word id="tr_1_tl_96_w4" custom="readingOrder {index:3;}">
                    <Coords points="950,3090 950,3150 1098,3150 1098,3090"/>
                    <TextEquiv>
                        <Unicode>Berliner</Unicode>
                    </TextEquiv>
                </Word>
                <Word id="tr_1_tl_96_w5" custom="readingOrder {index:4;}">
                    <Coords points="1141,3091 1141,3151 1496,3151 1496,3091"/>
                    <TextEquiv>
                        <Unicode>Reinhardt=Bühnen,</Unicode>
                    </TextEquiv>
                </Word>
                <Word id="tr_1_tl_96_w6" custom="readingOrder {index:5;}">
                    <Coords points="1538,3088 1538,3148 1585,3148 1585,3088"/>
                    <TextEquiv>
                        <Unicode>der</Unicode>
                    </TextEquiv>
                </Word>
                <TextEquiv>
                    <Unicode>den Dramaturgen der Berliner Reinhardt=Bühnen, der</Unicode>
                </TextEquiv>
            </TextLine>
            <TextLine id="tr_1_tl_97" custom="readingOrder {index:96;}">
                <Coords points="1646,3165 2755,3178 2755,3123 1646,3131"/>
                <Baseline points="1653,3161 1708,3164 1763,3164 1818,3164 1874,3167 1929,3167 1984,3166 2039,3166 2095,3164 2150,3167 2205,3167 2260,3167 2316,3167 2371,3167 2426,3167 2481,3166 2537,3164 2592,3164 2647,3166 2702,3164 2758,3161"/>
                <Word id="tr_1_tl_97_w1" custom="readingOrder {index:0;}">
                    <Coords points="1647,3124 1647,3184 1894,3184 1894,3124"/>
                    <TextEquiv>
                        <Unicode>Wohlgemuth,</Unicode>
                    </TextEquiv>
                </Word>
                <Word id="tr_1_tl_97_w2" custom="readingOrder {index:1;}">
                    <Coords points="1912,3126 1912,3186 2064,3186 2064,3126"/>
                    <TextEquiv>
                        <Unicode>Aslan);</Unicode>
                    </TextEquiv>
                </Word>
                <Word id="tr_1_tl_97_w3" custom="readingOrder {index:2;}">
                    <Coords points="2093,3127 2093,3187 2211,3187 2211,3127"/>
                    <TextEquiv>
                        <Unicode>1925:</Unicode>
                    </TextEquiv>
                </Word>
                <Word id="tr_1_tl_97_w4" custom="readingOrder {index:3;}">
                    <Coords points="2245,3127 2245,3187 2329,3187 2329,3127"/>
                    <TextEquiv>
                        <Unicode>„Der</Unicode>
                    </TextEquiv>
                </Word>
                <Word id="tr_1_tl_97_w5" custom="readingOrder {index:4;}">
                    <Coords points="2358,3127 2358,3187 2493,3187 2493,3127"/>
                    <TextEquiv>
                        <Unicode>Schleier</Unicode>
                    </TextEquiv>
                </Word>
                <Word id="tr_1_tl_97_w6" custom="readingOrder {index:5;}">
                    <Coords points="2516,3124 2516,3184 2566,3184 2566,3124"/>
                    <TextEquiv>
                        <Unicode>der</Unicode>
                    </TextEquiv>
                </Word>
                <Word id="tr_1_tl_97_w7" custom="readingOrder {index:6;}">
                    <Coords points="2590,3125 2590,3185 2753,3185 2753,3125"/>
                    <TextEquiv>
                        <Unicode>Beatrice“</Unicode>
                    </TextEquiv>
                </Word>
                <TextEquiv>
                    <Unicode>Wohlgemuth, Aslan); 1925: „Der Schleier der Beatrice“</Unicode>
                </TextEquiv>
            </TextLine>
            <TextLine id="tr_1_tl_98" custom="readingOrder {index:97;}">
                <Coords points="469,3189 1585,3192 1585,3137 1529,3128 469,3140"/>
                <Baseline points="477,3176 532,3179 588,3177 643,3179 699,3179 754,3179 810,3179 865,3179 921,3179 976,3179 1032,3179 1088,3179 1143,3176 1199,3179 1254,3179 1310,3177 1365,3176 1421,3179 1476,3179 1532,3177 1588,3170"/>
                <Word id="tr_1_tl_98_w1" custom="readingOrder {index:0;}">
                    <Coords points="470,3138 470,3198 570,3198 570,3138"/>
                    <TextEquiv>
                        <Unicode>früher</Unicode>
                    </TextEquiv>
                </Word>
                <Word id="tr_1_tl_98_w2" custom="readingOrder {index:1;}">
                    <Coords points="606,3138 606,3198 635,3198 635,3138"/>
                    <TextEquiv>
                        <Unicode>in</Unicode>
                    </TextEquiv>
                </Word>
                <Word id="tr_1_tl_98_w3" custom="readingOrder {index:2;}">
                    <Coords points="677,3139 677,3199 801,3199 801,3139"/>
                    <TextEquiv>
                        <Unicode>gleicher</Unicode>
                    </TextEquiv>
                </Word>
                <Word id="tr_1_tl_98_w4" custom="readingOrder {index:3;}">
                    <Coords points="837,3139 837,3199 1037,3199 1037,3139"/>
                    <TextEquiv>
                        <Unicode>Eigenschaft</Unicode>
                    </TextEquiv>
                </Word>
                <Word id="tr_1_tl_98_w5" custom="readingOrder {index:4;}">
                    <Coords points="1073,3139 1073,3199 1102,3199 1102,3139"/>
                    <TextEquiv>
                        <Unicode>im</Unicode>
                    </TextEquiv>
                </Word>
                <Word id="tr_1_tl_98_w6" custom="readingOrder {index:5;}">
                    <Coords points="1151,3139 1151,3199 1286,3199 1286,3139"/>
                    <TextEquiv>
                        <Unicode>Theater</Unicode>
                    </TextEquiv>
                </Word>
                <Word id="tr_1_tl_98_w7" custom="readingOrder {index:6;}">
                    <Coords points="1328,3136 1328,3196 1350,3196 1350,3136"/>
                    <TextEquiv>
                        <Unicode>in</Unicode>
                    </TextEquiv>
                </Word>
                <Word id="tr_1_tl_98_w8" custom="readingOrder {index:7;}">
                    <Coords points="1399,3139 1399,3199 1451,3199 1451,3139"/>
                    <TextEquiv>
                        <Unicode>der</Unicode>
                    </TextEquiv>
                </Word>
                <Word id="tr_1_tl_98_w9" custom="readingOrder {index:8;}">
                    <Coords points="1488,3136 1488,3196 1587,3196 1587,3136"/>
                    <TextEquiv>
                        <Unicode>Josef¬</Unicode>
                    </TextEquiv>
                </Word>
                <TextEquiv>
                    <Unicode>früher in gleicher Eigenschaft im Theater in der Josef¬</Unicode>
                </TextEquiv>
            </TextLine>
            <TextLine id="tr_1_tl_99" custom="readingOrder {index:98;}">
                <Coords points="1654,3225 2746,3215 2719,3169 1654,3175"/>
                <Baseline points="1662,3206 1716,3212 1770,3213 1825,3213 1879,3212 1933,3212 1988,3214 2042,3212 2096,3212 2151,3212 2205,3212 2259,3214 2314,3214 2368,3215 2422,3215 2477,3215 2531,3215 2585,3215 2640,3215 2694,3212 2749,3215"/>
                <Word id="tr_1_tl_99_w1" custom="readingOrder {index:0;}">
                    <Coords points="1656,3172 1656,3232 1842,3232 1842,3172"/>
                    <TextEquiv>
                        <Unicode>Wagner);</Unicode>
                    </TextEquiv>
                </Word>
                <Word id="tr_1_tl_99_w2" custom="readingOrder {index:1;}">
                    <Coords points="1860,3172 1860,3232 1981,3232 1981,3172"/>
                    <TextEquiv>
                        <Unicode>1929:</Unicode>
                    </TextEquiv>
                </Word>
                <Word id="tr_1_tl_99_w3" custom="readingOrder {index:2;}">
                    <Coords points="2006,3172 2006,3232 2174,3232 2174,3172"/>
                    <TextEquiv>
                        <Unicode>„Komtesse</Unicode>
                    </TextEquiv>
                </Word>
                <Word id="tr_1_tl_99_w4" custom="readingOrder {index:3;}">
                    <Coords points="2199,3174 2199,3234 2332,3234 2332,3174"/>
                    <TextEquiv>
                        <Unicode>Mizzi",</Unicode>
                    </TextEquiv>
                </Word>
                <Word id="tr_1_tl_99_w5" custom="readingOrder {index:4;}">
                    <Coords points="2350,3175 2350,3235 2440,3235 2440,3175"/>
                    <TextEquiv>
                        <Unicode>„Der</Unicode>
                    </TextEquiv>
                </Word>
                <Word id="tr_1_tl_99_w6" custom="readingOrder {index:5;}">
                    <Coords points="2465,3175 2465,3235 2730,3235 2730,3175"/>
                    <TextEquiv>
                        <Unicode>Puppenspieler“</Unicode>
                    </TextEquiv>
                </Word>
                <TextEquiv>
                    <Unicode>Wagner); 1929: „Komtesse Mizzi", „Der Puppenspieler“</Unicode>
                </TextEquiv>
            </TextLine>
            <TextLine id="tr_1_tl_100" custom="readingOrder {index:99;}">
                <Coords points="463,3233 1585,3235 1585,3192 1467,3179 463,3185"/>
                <Baseline points="471,3224 526,3224 582,3226 638,3225 694,3227 750,3227 806,3227 861,3225 917,3227 973,3225 1029,3227 1085,3227 1141,3227 1197,3227 1252,3227 1308,3225 1364,3224 1420,3224 1476,3224 1532,3224 1588,3221"/>
                <Word id="tr_1_tl_100_w1" custom="readingOrder {index:0;}">
                    <Coords points="464,3184 464,3244 544,3244 544,3184"/>
                    <TextEquiv>
                        <Unicode>stadt</Unicode>
                    </TextEquiv>
                </Word>
                <Word id="tr_1_tl_100_w2" custom="readingOrder {index:1;}">
                    <Coords points="574,3185 574,3245 648,3245 648,3185"/>
                    <TextEquiv>
                        <Unicode>tätig</Unicode>
                    </TextEquiv>
                </Word>
                <Word id="tr_1_tl_100_w3" custom="readingOrder {index:2;}">
                    <Coords points="683,3187 683,3247 769,3247 769,3187"/>
                    <TextEquiv>
                        <Unicode>war,</Unicode>
                    </TextEquiv>
                </Word>
                <Word id="tr_1_tl_100_w4" custom="readingOrder {index:3;}">
                    <Coords points="793,3186 793,3246 821,3246 821,3186"/>
                    <TextEquiv>
                        <Unicode>zu</Unicode>
                    </TextEquiv>
                </Word>
                <Word id="tr_1_tl_100_w5" custom="readingOrder {index:4;}">
                    <Coords points="856,3186 856,3246 954,3246 954,3186"/>
                    <TextEquiv>
                        <Unicode>seinem</Unicode>
                    </TextEquiv>
                </Word>
                <Word id="tr_1_tl_100_w6" custom="readingOrder {index:5;}">
                    <Coords points="995,3187 995,3247 1328,3247 1328,3187"/>
                    <TextEquiv>
                        <Unicode>literarischen</Unicode>
                    </TextEquiv>
                </Word>
                <Word id="tr_1_tl_100_w7" custom="readingOrder {index:6;}">
                    <Coords points="1364,3184 1364,3244 1582,3244 1582,3184"/>
                    <TextEquiv>
                        <Unicode>Nachlaß¬</Unicode>
                    </TextEquiv>
                </Word>
                <TextEquiv>
                    <Unicode>stadt tätig war, zu seinem literarischen Nachlaß¬</Unicode>
                </TextEquiv>
            </TextLine>
            <TextLine id="tr_1_tl_101" custom="readingOrder {index:100;}">
                <Coords points="1651,3266 2766,3293 2766,3239 2665,3216 1651,3215"/>
                <Baseline points="1659,3257 1714,3258 1770,3261 1825,3261 1881,3260 1936,3260 1992,3260 2047,3260 2103,3260 2158,3260 2214,3261 2270,3263 2325,3263 2381,3260 2436,3261 2492,3263 2547,3263 2603,3263 2658,3263 2714,3263 2770,3263"/>
                <Word id="tr_1_tl_101_w1" custom="readingOrder {index:0;}">
                    <Coords points="1647,3217 1647,3277 1761,3277 1761,3217"/>
                    <TextEquiv>
                        <Unicode>1931:</Unicode>
                    </TextEquiv>
                </Word>
                <Word id="tr_1_tl_101_w2" custom="readingOrder {index:1;}">
                    <Coords points="1781,3220 1781,3280 1870,3280 1870,3220"/>
                    <TextEquiv>
                        <Unicode>„Der</Unicode>
                    </TextEquiv>
                </Word>
                <Word id="tr_1_tl_101_w3" custom="readingOrder {index:2;}">
                    <Coords points="1890,3220 1890,3280 1986,3280 1986,3220"/>
                    <TextEquiv>
                        <Unicode>Gang</Unicode>
                    </TextEquiv>
                </Word>
                <Word id="tr_1_tl_101_w4" custom="readingOrder {index:3;}">
                    <Coords points="2012,3220 2012,3280 2063,3280 2063,3220"/>
                    <TextEquiv>
                        <Unicode>zum</Unicode>
                    </TextEquiv>
                </Word>
                <Word id="tr_1_tl_101_w5" custom="readingOrder {index:4;}">
                    <Coords points="2102,3220 2102,3280 2242,3280 2242,3220"/>
                    <TextEquiv>
                        <Unicode>Weiher"</Unicode>
                    </TextEquiv>
                </Word>
                <Word id="tr_1_tl_101_w6" custom="readingOrder {index:5;}">
                    <Coords points="2275,3220 2275,3280 2485,3280 2485,3220"/>
                    <TextEquiv>
                        <Unicode>(Johannsen,</Unicode>
                    </TextEquiv>
                </Word>
                <Word id="tr_1_tl_101_w7" custom="readingOrder {index:6;}">
                    <Coords points="2513,3223 2513,3283 2633,3283 2633,3223"/>
                    <TextEquiv>
                        <Unicode>Balser,</Unicode>
                    </TextEquiv>
                </Word>
                <Word id="tr_1_tl_101_w8" custom="readingOrder {index:7;}">
                    <Coords points="2653,3223 2653,3283 2761,3283 2761,3223"/>
                    <TextEquiv>
                        <Unicode>Onno,</Unicode>
                    </TextEquiv>
                </Word>
                <TextEquiv>
                    <Unicode>1931: „Der Gang zum Weiher" (Johannsen, Balser, Onno,</Unicode>
                </TextEquiv>
            </TextLine>
            <TextLine id="tr_1_tl_102" custom="readingOrder {index:101;}">
                <Coords points="460,3280 924,3283 912,3230 897,3243 462,3235"/>
                <Baseline points="468,3275 493,3272 519,3272 544,3272 570,3272 595,3274 621,3275 646,3273 672,3272 698,3272 723,3272 749,3272 774,3272 800,3272 825,3272 851,3271 876,3269 902,3270 928,3272"/>
                <Word id="tr_1_tl_102_w1" custom="readingOrder {index:0;}">
                    <Coords points="460,3233 460,3293 721,3293 721,3233"/>
                    <TextEquiv>
                        <Unicode>verwalter</Unicode>
                    </TextEquiv>
                </Word>
                <Word id="tr_1_tl_102_w2" custom="readingOrder {index:1;}">
                    <Coords points="755,3231 755,3291 923,3291 923,3231"/>
                    <TextEquiv>
                        <Unicode>bestimmt.</Unicode>
                    </TextEquiv>
                </Word>
                <TextEquiv>
                    <Unicode>verwalter bestimmt.</Unicode>
                </TextEquiv>
            </TextLine>
            <TextLine id="tr_1_tl_103" custom="readingOrder {index:102;}">
                <Coords points="1646,3334 1659,3336 1674,3326 1684,3328 1703,3321 1710,3324 1730,3310 1741,3311 1752,3320 1759,3313 1769,3314 1771,3267 1747,3265 1735,3275 1725,3272 1720,3276 1691,3263 1678,3270 1668,3263 1647,3267"/>
                <Baseline points="1653,3304 1683,3304 1713,3303 1743,3301 1773,3307"/>
                <Word id="tr_1_tl_103_w1" custom="readingOrder {index:0;}">
                    <Coords points="1648,3263 1648,3323 1767,3323 1767,3263"/>
                    <TextEquiv>
                        <Unicode>Heine).</Unicode>
                    </TextEquiv>
                </Word>
                <TextEquiv>
                    <Unicode>Heine).</Unicode>
                </TextEquiv>
            </TextLine>
            <TextLine id="tr_1_tl_104" custom="readingOrder {index:103;}">
                <Coords points="554,3331 1589,3324 1589,3279 1426,3262 554,3283"/>
                <Baseline points="561,3319 612,3319 664,3319 715,3320 767,3320 818,3319 870,3319 921,3319 973,3319 1024,3319 1076,3319 1127,3319 1179,3319 1230,3319 1282,3319 1333,3319 1385,3319 1436,3317 1488,3316 1539,3316 1591,3316"/>
                <Word id="tr_1_tl_104_w1" custom="readingOrder {index:0;}">
                    <Coords points="555,3279 555,3339 624,3339 624,3279"/>
                    <TextEquiv>
                        <Unicode>Dr.</Unicode>
                    </TextEquiv>
                </Word>
                <Word id="tr_1_tl_104_w2" custom="readingOrder {index:1;}">
                    <Coords points="642,3279 642,3339 739,3339 739,3279"/>
                    <TextEquiv>
                        <Unicode>Horch</Unicode>
                    </TextEquiv>
                </Word>
                <Word id="tr_1_tl_104_w3" custom="readingOrder {index:2;}">
                    <Coords points="763,3279 763,3339 803,3339 803,3279"/>
                    <TextEquiv>
                        <Unicode>ist</Unicode>
                    </TextEquiv>
                </Word>
                <Word id="tr_1_tl_104_w4" custom="readingOrder {index:3;}">
                    <Coords points="827,3279 827,3339 890,3339 890,3279"/>
                    <TextEquiv>
                        <Unicode>noch</Unicode>
                    </TextEquiv>
                </Word>
                <Word id="tr_1_tl_104_w5" custom="readingOrder {index:4;}">
                    <Coords points="920,3279 920,3339 1035,3339 1035,3279"/>
                    <TextEquiv>
                        <Unicode>gestern</Unicode>
                    </TextEquiv>
                </Word>
                <Word id="tr_1_tl_104_w6" custom="readingOrder {index:5;}">
                    <Coords points="1064,3279 1064,3339 1157,3339 1157,3279"/>
                    <TextEquiv>
                        <Unicode>abend</Unicode>
                    </TextEquiv>
                </Word>
                <Word id="tr_1_tl_104_w7" custom="readingOrder {index:6;}">
                    <Coords points="1192,3279 1192,3339 1244,3339 1244,3279"/>
                    <TextEquiv>
                        <Unicode>auf</Unicode>
                    </TextEquiv>
                </Word>
                <Word id="tr_1_tl_104_w8" custom="readingOrder {index:7;}">
                    <Coords points="1268,3279 1268,3339 1313,3339 1313,3279"/>
                    <TextEquiv>
                        <Unicode>die</Unicode>
                    </TextEquiv>
                </Word>
                <Word id="tr_1_tl_104_w9" custom="readingOrder {index:8;}">
                    <Coords points="1338,3277 1338,3337 1505,3337 1505,3277"/>
                    <TextEquiv>
                        <Unicode>Nachricht</Unicode>
                    </TextEquiv>
                </Word>
                <Word id="tr_1_tl_104_w10" custom="readingOrder {index:9;}">
                    <Coords points="1528,3276 1528,3336 1580,3336 1580,3276"/>
                    <TextEquiv>
                        <Unicode>von</Unicode>
                    </TextEquiv>
                </Word>
                <TextEquiv>
                    <Unicode>Dr. Horch ist noch gestern abend auf die Nachricht von</Unicode>
                </TextEquiv>
            </TextLine>
            <TextLine id="tr_1_tl_105" custom="readingOrder {index:104;}">
                <Coords points="1732,3358 2768,3357 2749,3293 1732,3313"/>
                <Baseline points="1740,3346 1791,3349 1843,3349 1894,3349 1946,3351 1997,3352 2049,3352 2100,3349 2152,3349 2203,3349 2255,3349 2306,3349 2358,3351 2409,3349 2461,3352 2512,3349 2564,3349 2615,3349 2667,3349 2718,3346 2770,3346"/>
                <Word id="tr_1_tl_105_w1" custom="readingOrder {index:0;}">
                    <Coords points="1733,3306 1733,3366 1768,3366 1768,3306"/>
                    <TextEquiv>
                        <Unicode>Am</Unicode>
                    </TextEquiv>
                </Word>
                <Word id="tr_1_tl_105_w2" custom="readingOrder {index:1;}">
                    <Coords points="1822,3311 1822,3371 2076,3371 2076,3311"/>
                    <TextEquiv>
                        <Unicode>Deutschen</Unicode>
                    </TextEquiv>
                </Word>
                <Word id="tr_1_tl_105_w3" custom="readingOrder {index:2;}">
                    <Coords points="2124,3309 2124,3369 2480,3369 2480,3309"/>
                    <TextEquiv>
                        <Unicode>Volkstheater</Unicode>
                    </TextEquiv>
                </Word>
                <Word id="tr_1_tl_105_w4" custom="readingOrder {index:3;}">
                    <Coords points="2528,3309 2528,3369 2652,3369 2652,3309"/>
                    <TextEquiv>
                        <Unicode>wurden</Unicode>
                    </TextEquiv>
                </Word>
                <Word id="tr_1_tl_105_w5" custom="readingOrder {index:4;}">
                    <Coords points="2700,3306 2700,3366 2758,3366 2758,3306"/>
                    <TextEquiv>
                        <Unicode>seit</Unicode>
                    </TextEquiv>
                </Word>
                <TextEquiv>
                    <Unicode>Am Deutschen Volkstheater wurden seit</Unicode>
                </TextEquiv>
            </TextLine>
            <TextLine id="tr_1_tl_106" custom="readingOrder {index:105;}">
                <Coords points="460,3370 1588,3371 1563,3320 460,3320"/>
                <Baseline points="468,3367 524,3364 580,3365 636,3367 692,3367 748,3364 804,3365 861,3365 917,3364 973,3367 1029,3366 1085,3364 1141,3364 1197,3364 1254,3364 1310,3364 1366,3364 1422,3362 1478,3364 1534,3362 1591,3361"/>
                <Word id="tr_1_tl_106_w1" custom="readingOrder {index:0;}">
                    <Coords points="466,3325 466,3385 513,3385 513,3325"/>
                    <TextEquiv>
                        <Unicode>dem</Unicode>
                    </TextEquiv>
                </Word>
                <Word id="tr_1_tl_106_w2" custom="readingOrder {index:1;}">
                    <Coords points="557,3327 557,3387 724,3387 724,3327"/>
                    <TextEquiv>
                        <Unicode>plötzlichen</Unicode>
                    </TextEquiv>
                </Word>
                <Word id="tr_1_tl_106_w3" custom="readingOrder {index:2;}">
                    <Coords points="757,3324 757,3384 837,3384 837,3324"/>
                    <TextEquiv>
                        <Unicode>Tode</Unicode>
                    </TextEquiv>
                </Word>
                <Word id="tr_1_tl_106_w4" custom="readingOrder {index:3;}">
                    <Coords points="864,3324 864,3384 917,3384 917,3324"/>
                    <TextEquiv>
                        <Unicode>des</Unicode>
                    </TextEquiv>
                </Word>
                <Word id="tr_1_tl_106_w5" custom="readingOrder {index:4;}">
                    <Coords points="945,3326 945,3386 1090,3386 1090,3326"/>
                    <TextEquiv>
                        <Unicode>Dichters</Unicode>
                    </TextEquiv>
                </Word>
                <Word id="tr_1_tl_106_w6" custom="readingOrder {index:5;}">
                    <Coords points="1117,3324 1117,3384 1171,3384 1171,3324"/>
                    <TextEquiv>
                        <Unicode>von</Unicode>
                    </TextEquiv>
                </Word>
                <Word id="tr_1_tl_106_w7" custom="readingOrder {index:6;}">
                    <Coords points="1204,3324 1204,3384 1311,3384 1311,3324"/>
                    <TextEquiv>
                        <Unicode>Berlin</Unicode>
                    </TextEquiv>
                </Word>
                <Word id="tr_1_tl_106_w8" custom="readingOrder {index:7;}">
                    <Coords points="1344,3322 1344,3382 1494,3382 1494,3322"/>
                    <TextEquiv>
                        <Unicode>abgereist</Unicode>
                    </TextEquiv>
                </Word>
                <Word id="tr_1_tl_106_w9" custom="readingOrder {index:8;}">
                    <Coords points="1521,3321 1521,3381 1575,3381 1575,3321"/>
                    <TextEquiv>
                        <Unicode>und</Unicode>
                    </TextEquiv>
                </Word>
                <TextEquiv>
                    <Unicode>dem plötzlichen Tode des Dichters von Berlin abgereist und</Unicode>
                </TextEquiv>
            </TextLine>
            <TextLine id="tr_1_tl_107" custom="readingOrder {index:106;}">
                <Coords points="1637,3411 2765,3408 2765,3361 2678,3353 2065,3378 1637,3341"/>
                <Baseline points="1645,3397 1701,3397 1757,3395 1813,3396 1869,3397 1925,3395 1981,3395 2037,3396 2093,3394 2149,3397 2206,3397 2262,3397 2318,3397 2374,3397 2430,3399 2486,3398 2542,3400 2598,3399 2654,3397 2710,3397 2767,3397"/>
                <Word id="tr_1_tl_107_w1" custom="readingOrder {index:0;}">
                    <Coords points="1638,3357 1638,3417 1686,3417 1686,3357"/>
                    <TextEquiv>
                        <Unicode>dem</Unicode>
                    </TextEquiv>
                </Word>
                <Word id="tr_1_tl_107_w2" custom="readingOrder {index:1;}">
                    <Coords points="1748,3356 1748,3416 1885,3416 1885,3356"/>
                    <TextEquiv>
                        <Unicode>Bestand</Unicode>
                    </TextEquiv>
                </Word>
                <Word id="tr_1_tl_107_w3" custom="readingOrder {index:2;}">
                    <Coords points="1941,3355 1941,3415 2034,3415 2034,3355"/>
                    <TextEquiv>
                        <Unicode>dieser</Unicode>
                    </TextEquiv>
                </Word>
                <Word id="tr_1_tl_107_w4" custom="readingOrder {index:3;}">
                    <Coords points="2084,3356 2084,3416 2194,3416 2194,3356"/>
                    <TextEquiv>
                        <Unicode>Bühne</Unicode>
                    </TextEquiv>
                </Word>
                <Word id="tr_1_tl_107_w5" custom="readingOrder {index:4;}">
                    <Coords points="2244,3357 2244,3417 2293,3417 2293,3357"/>
                    <TextEquiv>
                        <Unicode>die</Unicode>
                    </TextEquiv>
                </Word>
                <Word id="tr_1_tl_107_w6" custom="readingOrder {index:5;}">
                    <Coords points="2344,3358 2344,3418 2580,3418 2580,3358"/>
                    <TextEquiv>
                        <Unicode>nachfolgenden</Unicode>
                    </TextEquiv>
                </Word>
                <Word id="tr_1_tl_107_w7" custom="readingOrder {index:6;}">
                    <Coords points="2636,3357 2636,3417 2751,3417 2751,3357"/>
                    <TextEquiv>
                        <Unicode>Werke</Unicode>
                    </TextEquiv>
                </Word>
                <TextEquiv>
                    <Unicode>dem Bestand dieser Bühne die nachfolgenden Werke</Unicode>
                </TextEquiv>
            </TextLine>
            <TextLine id="tr_1_tl_108" custom="readingOrder {index:107;}">
                <Coords points="463,3421 1585,3428 1559,3368 875,3401 463,3374"/>
                <Baseline points="471,3412 526,3414 582,3412 638,3412 694,3412 750,3412 806,3412 861,3412 917,3412 973,3412 1029,3412 1085,3410 1141,3412 1197,3409 1252,3409 1308,3409 1364,3409 1420,3410 1476,3412 1532,3410 1588,3406"/>
                <Word id="tr_1_tl_108_w1" custom="readingOrder {index:0;}">
                    <Coords points="464,3373 464,3433 548,3433 548,3373"/>
                    <TextEquiv>
                        <Unicode>trifft</Unicode>
                    </TextEquiv>
                </Word>
                <Word id="tr_1_tl_108_w2" custom="readingOrder {index:1;}">
                    <Coords points="577,3372 577,3432 666,3432 666,3372"/>
                    <TextEquiv>
                        <Unicode>heute</Unicode>
                    </TextEquiv>
                </Word>
                <Word id="tr_1_tl_108_w3" custom="readingOrder {index:2;}">
                    <Coords points="695,3372 695,3432 763,3432 763,3372"/>
                    <TextEquiv>
                        <Unicode>hier</Unicode>
                    </TextEquiv>
                </Word>
                <Word id="tr_1_tl_108_w4" custom="readingOrder {index:3;}">
                    <Coords points="791,3372 791,3432 859,3432 859,3372"/>
                    <TextEquiv>
                        <Unicode>ein,</Unicode>
                    </TextEquiv>
                </Word>
                <Word id="tr_1_tl_108_w5" custom="readingOrder {index:4;}">
                    <Coords points="888,3372 888,3432 921,3432 921,3372"/>
                    <TextEquiv>
                        <Unicode>um</Unicode>
                    </TextEquiv>
                </Word>
                <Word id="tr_1_tl_108_w6" custom="readingOrder {index:5;}">
                    <Coords points="972,3372 972,3432 1022,3432 1022,3372"/>
                    <TextEquiv>
                        <Unicode>sich</Unicode>
                    </TextEquiv>
                </Word>
                <Word id="tr_1_tl_108_w7" custom="readingOrder {index:6;}">
                    <Coords points="1057,3370 1057,3430 1152,3430 1152,3370"/>
                    <TextEquiv>
                        <Unicode>sofort</Unicode>
                    </TextEquiv>
                </Word>
                <Word id="tr_1_tl_108_w8" custom="readingOrder {index:7;}">
                    <Coords points="1187,3369 1187,3429 1220,3429 1220,3369"/>
                    <TextEquiv>
                        <Unicode>an</Unicode>
                    </TextEquiv>
                </Word>
                <Word id="tr_1_tl_108_w9" custom="readingOrder {index:8;}">
                    <Coords points="1260,3369 1260,3429 1305,3429 1305,3369"/>
                    <TextEquiv>
                        <Unicode>die</Unicode>
                    </TextEquiv>
                </Word>
                <Word id="tr_1_tl_108_w10" custom="readingOrder {index:9;}">
                    <Coords points="1340,3369 1340,3429 1491,3429 1491,3369"/>
                    <TextEquiv>
                        <Unicode>Sichtung</Unicode>
                    </TextEquiv>
                </Word>
                <Word id="tr_1_tl_108_w11" custom="readingOrder {index:10;}">
                    <Coords points="1532,3368 1532,3428 1576,3428 1576,3368"/>
                    <TextEquiv>
                        <Unicode>des</Unicode>
                    </TextEquiv>
                </Word>
                <TextEquiv>
                    <Unicode>trifft heute hier ein, um sich sofort an die Sichtung des</Unicode>
                </TextEquiv>
            </TextLine>
            <TextLine id="tr_1_tl_109" custom="readingOrder {index:108;}">
                <Coords points="1639,3448 2766,3459 2766,3407 2685,3402 1639,3412"/>
                <Baseline points="1647,3430 1703,3443 1759,3445 1815,3445 1871,3445 1927,3444 1983,3442 2040,3442 2096,3445 2152,3443 2208,3443 2264,3445 2320,3442 2376,3445 2433,3445 2489,3445 2545,3445 2601,3447 2657,3448 2713,3445 2770,3445"/>
                <Word id="tr_1_tl_109_w1" custom="readingOrder {index:0;}">
                    <Coords points="1640,3403 1640,3463 1819,3463 1819,3403"/>
                    <TextEquiv>
                        <Unicode>Schnitzlers</Unicode>
                    </TextEquiv>
                </Word>
                <Word id="tr_1_tl_109_w2" custom="readingOrder {index:1;}">
                    <Coords points="1878,3404 1878,3464 1929,3464 1929,3404"/>
                    <TextEquiv>
                        <Unicode>zur</Unicode>
                    </TextEquiv>
                </Word>
                <Word id="tr_1_tl_109_w3" custom="readingOrder {index:2;}">
                    <Coords points="1988,3404 1988,3464 2190,3464 2190,3404"/>
                    <TextEquiv>
                        <Unicode>Aufführung</Unicode>
                    </TextEquiv>
                </Word>
                <Word id="tr_1_tl_109_w4" custom="readingOrder {index:3;}">
                    <Coords points="2254,3403 2254,3463 2427,3463 2427,3403"/>
                    <TextEquiv>
                        <Unicode>gebracht:</Unicode>
                    </TextEquiv>
                </Word>
                <Word id="tr_1_tl_109_w5" custom="readingOrder {index:4;}">
                    <Coords points="2486,3405 2486,3465 2566,3465 2566,3405"/>
                    <TextEquiv>
                        <Unicode>1893</Unicode>
                    </TextEquiv>
                </Word>
                <Word id="tr_1_tl_109_w6" custom="readingOrder {index:5;}">
                    <Coords points="2631,3406 2631,3466 2746,3466 2746,3406"/>
                    <TextEquiv>
                        <Unicode>„Das</Unicode>
                    </TextEquiv>
                </Word>
                <TextEquiv>
                    <Unicode>Schnitzlers zur Aufführung gebracht: 1893 „Das</Unicode>
                </TextEquiv>
            </TextLine>
            <TextLine id="tr_1_tl_110" custom="readingOrder {index:109;}">
                <Coords points="460,3472 632,3496 669,3469 692,3479 737,3462 798,3488 863,3469 892,3478 892,3429 832,3418 728,3438 677,3415 625,3426 569,3414 531,3432 460,3422"/>
                <Baseline points="468,3460 493,3460 518,3460 543,3460 568,3460 593,3460 618,3461 643,3463 668,3462 694,3460 719,3460 744,3460 769,3460 794,3460 819,3460 844,3460 869,3460 895,3460"/>
                <Word id="tr_1_tl_110_w1" custom="readingOrder {index:0;}">
                    <Coords points="468,3420 468,3480 645,3480 645,3420"/>
                    <TextEquiv>
                        <Unicode>Nachlasses</Unicode>
                    </TextEquiv>
                </Word>
                <Word id="tr_1_tl_110_w2" custom="readingOrder {index:1;}">
                    <Coords points="685,3420 685,3480 709,3480 709,3420"/>
                    <TextEquiv>
                        <Unicode>zu</Unicode>
                    </TextEquiv>
                </Word>
                <Word id="tr_1_tl_110_w3" custom="readingOrder {index:2;}">
                    <Coords points="748,3420 748,3480 887,3480 887,3420"/>
                    <TextEquiv>
                        <Unicode>machen.</Unicode>
                    </TextEquiv>
                </Word>
                <TextEquiv>
                    <Unicode>Nachlasses zu machen.</Unicode>
                </TextEquiv>
            </TextLine>
            <TextLine id="tr_1_tl_111" custom="readingOrder {index:110;}">
                <Coords points="1632,3496 2759,3499 2726,3446 1632,3455"/>
                <Baseline points="1639,3490 1695,3490 1751,3492 1807,3493 1863,3490 1919,3490 1975,3492 2031,3493 2087,3490 2143,3490 2200,3490 2256,3488 2312,3487 2368,3490 2424,3490 2480,3490 2536,3490 2592,3491 2648,3493 2704,3493 2761,3493"/>
                <Word id="tr_1_tl_111_w1" custom="readingOrder {index:0;}">
                    <Coords points="1634,3452 1634,3512 1880,3512 1880,3452"/>
                    <TextEquiv>
                        <Unicode>Märchen“,</Unicode>
                    </TextEquiv>
                </Word>
                <Word id="tr_1_tl_111_w2" custom="readingOrder {index:1;}">
                    <Coords points="1899,3450 1899,3510 1977,3510 1977,3450"/>
                    <TextEquiv>
                        <Unicode>1900</Unicode>
                    </TextEquiv>
                </Word>
                <Word id="tr_1_tl_111_w3" custom="readingOrder {index:2;}">
                    <Coords points="2014,3450 2014,3510 2284,3510 2284,3450"/>
                    <TextEquiv>
                        <Unicode>„Freiwild"</Unicode>
                    </TextEquiv>
                </Word>
                <Word id="tr_1_tl_111_w4" custom="readingOrder {index:3;}">
                    <Coords points="2309,3450 2309,3510 2483,3510 2483,3450"/>
                    <TextEquiv>
                        <Unicode>(Gastspiel</Unicode>
                    </TextEquiv>
                </Word>
                <Word id="tr_1_tl_111_w5" custom="readingOrder {index:4;}">
                    <Coords points="2502,3450 2502,3510 2574,3510 2574,3450"/>
                    <TextEquiv>
                        <Unicode>Otto</Unicode>
                    </TextEquiv>
                </Word>
                <Word id="tr_1_tl_111_w6" custom="readingOrder {index:5;}">
                    <Coords points="2599,3453 2599,3513 2755,3513 2755,3453"/>
                    <TextEquiv>
                        <Unicode>Brahm),</Unicode>
                    </TextEquiv>
                </Word>
                <TextEquiv>
                    <Unicode>Märchen“, 1900 „Freiwild" (Gastspiel Otto Brahm),</Unicode>
                </TextEquiv>
            </TextLine>
            <TextLine id="tr_1_tl_112" custom="readingOrder {index:111;}">
                <Coords points="493,3536 1558,3537 1559,3478 1450,3451 1180,3490 1127,3459 494,3479"/>
                <Baseline points="501,3519 554,3520 607,3521 660,3525 713,3525 766,3524 819,3522 872,3522 925,3522 978,3519 1031,3519 1084,3519 1137,3519 1190,3519 1243,3516 1296,3519 1349,3519 1402,3519 1455,3519 1508,3517 1561,3516"/>
                <Word id="tr_1_tl_112_w1" custom="readingOrder {index:0;}">
                    <Coords points="496,3479 496,3539 610,3539 610,3479"/>
                    <TextEquiv>
                        <Unicode>Eine</Unicode>
                    </TextEquiv>
                </Word>
                <Word id="tr_1_tl_112_w2" custom="readingOrder {index:1;}">
                    <Coords points="652,3482 652,3542 977,3542 977,3482"/>
                    <TextEquiv>
                        <Unicode>Trauerfahne</Unicode>
                    </TextEquiv>
                </Word>
                <Word id="tr_1_tl_112_w3" custom="readingOrder {index:2;}">
                    <Coords points="1018,3479 1018,3539 1099,3539 1099,3479"/>
                    <TextEquiv>
                        <Unicode>auf</Unicode>
                    </TextEquiv>
                </Word>
                <Word id="tr_1_tl_112_w4" custom="readingOrder {index:3;}">
                    <Coords points="1134,3479 1134,3539 1208,3539 1208,3479"/>
                    <TextEquiv>
                        <Unicode>dem</Unicode>
                    </TextEquiv>
                </Word>
                <Word id="tr_1_tl_112_w5" custom="readingOrder {index:4;}">
                    <Coords points="1269,3479 1269,3539 1438,3539 1438,3479"/>
                    <TextEquiv>
                        <Unicode>Giebel</Unicode>
                    </TextEquiv>
                </Word>
                <Word id="tr_1_tl_112_w6" custom="readingOrder {index:5;}">
                    <Coords points="1473,3476 1473,3536 1547,3536 1547,3476"/>
                    <TextEquiv>
                        <Unicode>des</Unicode>
                    </TextEquiv>
                </Word>
                <TextEquiv>
                    <Unicode>Eine Trauerfahne auf dem Giebel des</Unicode>
                </TextEquiv>
            </TextLine>
            <TextLine id="tr_1_tl_113" custom="readingOrder {index:112;}">
                <Coords points="1642,3546 2745,3543 2714,3496 1642,3496"/>
                <Baseline points="1650,3537 1707,3536 1765,3537 1823,3537 1881,3535 1939,3534 1997,3534 2054,3534 2112,3534 2170,3534 2228,3534 2286,3536 2344,3534 2401,3537 2459,3535 2517,3534 2575,3534 2633,3537 2691,3535 2749,3531"/>
                <Word id="tr_1_tl_113_w1" custom="readingOrder {index:0;}">
                    <Coords points="1644,3496 1644,3556 1715,3556 1715,3496"/>
                    <TextEquiv>
                        <Unicode>1903</Unicode>
                    </TextEquiv>
                </Word>
                <Word id="tr_1_tl_113_w2" custom="readingOrder {index:1;}">
                    <Coords points="1752,3494 1752,3554 2041,3554 2041,3494"/>
                    <TextEquiv>
                        <Unicode>„Lebendige</Unicode>
                    </TextEquiv>
                </Word>
                <Word id="tr_1_tl_113_w3" custom="readingOrder {index:2;}">
                    <Coords points="2072,3494 2072,3554 2331,3554 2331,3494"/>
                    <TextEquiv>
                        <Unicode>Stunden",</Unicode>
                    </TextEquiv>
                </Word>
                <Word id="tr_1_tl_113_w4" custom="readingOrder {index:3;}">
                    <Coords points="2356,3496 2356,3556 2433,3556 2433,3496"/>
                    <TextEquiv>
                        <Unicode>1905</Unicode>
                    </TextEquiv>
                </Word>
                <Word id="tr_1_tl_113_w5" custom="readingOrder {index:4;}">
                    <Coords points="2477,3495 2477,3555 2747,3555 2747,3495"/>
                    <TextEquiv>
                        <Unicode>„Freiwild"</Unicode>
                    </TextEquiv>
                </Word>
                <TextEquiv>
                    <Unicode>1903 „Lebendige Stunden", 1905 „Freiwild"</Unicode>
                </TextEquiv>
            </TextLine>
            <TextLine id="tr_1_tl_114" custom="readingOrder {index:113;}">
                <Coords points="842,3594 909,3587 953,3604 1001,3588 1018,3603 1038,3588 1220,3591 1221,3537 993,3529 953,3549 890,3530 843,3536"/>
                <Baseline points="850,3582 876,3579 903,3579 930,3578 956,3576 983,3578 1010,3579 1037,3579 1063,3579 1090,3579 1117,3577 1143,3576 1170,3576 1197,3576 1224,3576"/>
                <Word id="tr_1_tl_114_w1" custom="readingOrder {index:0;}">
                    <Coords points="844,3539 844,3599 1210,3599 1210,3539"/>
                    <TextEquiv>
                        <Unicode>Burgtheaters.</Unicode>
                    </TextEquiv>
                </Word>
                <TextEquiv>
                    <Unicode>Burgtheaters.</Unicode>
                </TextEquiv>
            </TextLine>
            <TextLine id="tr_1_tl_115" custom="readingOrder {index:114;}">
                <Coords points="1639,3594 2752,3586 2752,3540 1639,3543"/>
                <Baseline points="1647,3582 1702,3582 1757,3581 1813,3579 1868,3582 1924,3580 1979,3582 2034,3582 2090,3582 2145,3582 2201,3582 2256,3582 2311,3582 2367,3582 2422,3582 2478,3582 2533,3582 2588,3582 2644,3582 2699,3580 2755,3576"/>
                <Word id="tr_1_tl_115_w1" custom="readingOrder {index:0;}">
                    <Coords points="1634,3542 1634,3602 1763,3602 1763,3542"/>
                    <TextEquiv>
                        <Unicode>(eigenes</Unicode>
                    </TextEquiv>
                </Word>
                <Word id="tr_1_tl_115_w2" custom="readingOrder {index:1;}">
                    <Coords points="1813,3540 1813,3600 2002,3600 2002,3540"/>
                    <TextEquiv>
                        <Unicode>Ensemble)</Unicode>
                    </TextEquiv>
                </Word>
                <Word id="tr_1_tl_115_w3" custom="readingOrder {index:2;}">
                    <Coords points="2057,3542 2057,3602 2116,3602 2116,3542"/>
                    <TextEquiv>
                        <Unicode>und</Unicode>
                    </TextEquiv>
                </Word>
                <Word id="tr_1_tl_115_w4" custom="readingOrder {index:3;}">
                    <Coords points="2171,3542 2171,3602 2284,3602 2284,3542"/>
                    <TextEquiv>
                        <Unicode>„Der</Unicode>
                    </TextEquiv>
                </Word>
                <Word id="tr_1_tl_115_w5" custom="readingOrder {index:4;}">
                    <Coords points="2333,3542 2333,3602 2479,3602 2479,3542"/>
                    <TextEquiv>
                        <Unicode>grüne</Unicode>
                    </TextEquiv>
                </Word>
                <Word id="tr_1_tl_115_w6" custom="readingOrder {index:5;}">
                    <Coords points="2528,3542 2528,3602 2745,3602 2745,3542"/>
                    <TextEquiv>
                        <Unicode>Kakadu“</Unicode>
                    </TextEquiv>
                </Word>
                <TextEquiv>
                    <Unicode>(eigenes Ensemble) und „Der grüne Kakadu“</Unicode>
                </TextEquiv>
            </TextLine>
            <TextLine id="tr_1_tl_116" custom="readingOrder {index:115;}">
                <Coords points="1642,3635 2482,3639 2482,3591 2437,3586 2192,3611 2141,3583 1642,3595"/>
                <Baseline points="1650,3627 1691,3627 1733,3624 1775,3626 1817,3627 1859,3629 1900,3630 1942,3630 1984,3630 2026,3629 2068,3627 2109,3627 2151,3628 2193,3630 2235,3627 2277,3627 2318,3624 2360,3627 2402,3627 2444,3627 2486,3630"/>
                <Word id="tr_1_tl_116_w1" custom="readingOrder {index:0;}">
                    <Coords points="1637,3587 1637,3647 1683,3647 1683,3587"/>
                    <TextEquiv>
                        <Unicode>(60</Unicode>
                    </TextEquiv>
                </Word>
                <Word id="tr_1_tl_116_w2" custom="readingOrder {index:1;}">
                    <Coords points="1736,3589 1736,3649 2020,3649 2020,3589"/>
                    <TextEquiv>
                        <Unicode>Aufführungen),</Unicode>
                    </TextEquiv>
                </Word>
                <Word id="tr_1_tl_116_w3" custom="readingOrder {index:2;}">
                    <Coords points="2067,3587 2067,3647 2148,3647 2148,3587"/>
                    <TextEquiv>
                        <Unicode>1909</Unicode>
                    </TextEquiv>
                </Word>
                <Word id="tr_1_tl_116_w4" custom="readingOrder {index:3;}">
                    <Coords points="2200,3585 2200,3645 2484,3645 2484,3585"/>
                    <TextEquiv>
                        <Unicode>„Liebelei",</Unicode>
                    </TextEquiv>
                </Word>
                <TextEquiv>
                    <Unicode>(60 Aufführungen), 1909 „Liebelei",</Unicode>
                </TextEquiv>
            </TextLine>
            <TextLine id="tr_1_tl_117" custom="readingOrder {index:116;}">
                <Coords points="2520,3641 2607,3634 2661,3644 2680,3632 2697,3641 2714,3632 2736,3644 2751,3639 2752,3584 2701,3598 2670,3587 2626,3604 2573,3581 2543,3600 2522,3595"/>
                <Baseline points="2528,3633 2553,3632 2578,3630 2603,3630 2628,3630 2654,3630 2679,3629 2704,3627 2729,3626 2755,3624"/>
                <Word id="tr_1_tl_117_w1" custom="readingOrder {index:0;}">
                    <Coords points="2527,3590 2527,3650 2742,3650 2742,3590"/>
                    <TextEquiv>
                        <Unicode>„Anatol"</Unicode>
                    </TextEquiv>
                </Word>
                <TextEquiv>
                    <Unicode>„Anatol"</Unicode>
                </TextEquiv>
            </TextLine>
            <TextLine id="tr_1_tl_118" custom="readingOrder {index:117;}">
                <Coords points="557,3648 1592,3639 1592,3600 1441,3583 936,3617 557,3571"/>
                <Baseline points="564,3636 615,3636 667,3636 718,3636 770,3636 821,3636 873,3636 924,3636 976,3633 1027,3633 1079,3631 1130,3632 1182,3635 1233,3636 1285,3636 1336,3633 1388,3633 1439,3633 1491,3633 1542,3633 1594,3627"/>
                <Word id="tr_1_tl_118_w1" custom="readingOrder {index:0;}">
                    <Coords points="558,3596 558,3656 907,3656 907,3596"/>
                    <TextEquiv>
                        <Unicode>Burgtheaterdirektor</Unicode>
                    </TextEquiv>
                </Word>
                <Word id="tr_1_tl_118_w2" custom="readingOrder {index:1;}">
                    <Coords points="961,3593 961,3653 1067,3653 1067,3593"/>
                    <TextEquiv>
                        <Unicode>Anton</Unicode>
                    </TextEquiv>
                </Word>
                <Word id="tr_1_tl_118_w3" custom="readingOrder {index:2;}">
                    <Coords points="1109,3596 1109,3656 1370,3656 1370,3596"/>
                    <TextEquiv>
                        <Unicode>Wildgans</Unicode>
                    </TextEquiv>
                </Word>
                <Word id="tr_1_tl_118_w4" custom="readingOrder {index:3;}">
                    <Coords points="1423,3593 1423,3653 1482,3653 1482,3593"/>
                    <TextEquiv>
                        <Unicode>hat</Unicode>
                    </TextEquiv>
                </Word>
                <Word id="tr_1_tl_118_w5" custom="readingOrder {index:4;}">
                    <Coords points="1530,3591 1530,3651 1588,3651 1588,3591"/>
                    <TextEquiv>
                        <Unicode>an¬</Unicode>
                    </TextEquiv>
                </Word>
                <TextEquiv>
                    <Unicode>Burgtheaterdirektor Anton Wildgans hat an¬</Unicode>
                </TextEquiv>
            </TextLine>
            <TextLine id="tr_1_tl_119" custom="readingOrder {index:118;}">
                <Coords points="1649,3682 2769,3682 2769,3625 1649,3635"/>
                <Baseline points="1656,3669 1711,3675 1767,3675 1823,3675 1879,3675 1935,3675 1991,3676 2046,3676 2102,3675 2158,3672 2214,3672 2270,3674 2326,3675 2382,3673 2437,3675 2493,3675 2549,3675 2605,3677 2661,3675 2717,3675 2773,3672"/>
                <Word id="tr_1_tl_119_w1" custom="readingOrder {index:0;}">
                    <Coords points="1650,3630 1650,3690 1684,3690 1684,3630"/>
                    <TextEquiv>
                        <Unicode>46</Unicode>
                    </TextEquiv>
                </Word>
                <Word id="tr_1_tl_119_w2" custom="readingOrder {index:1;}">
                    <Coords points="1719,3635 1719,3695 2002,3695 2002,3635"/>
                    <TextEquiv>
                        <Unicode>Auffübrungen),</Unicode>
                    </TextEquiv>
                </Word>
                <Word id="tr_1_tl_119_w3" custom="readingOrder {index:2;}">
                    <Coords points="2026,3635 2026,3695 2135,3695 2135,3635"/>
                    <TextEquiv>
                        <Unicode>„Ruf</Unicode>
                    </TextEquiv>
                </Word>
                <Word id="tr_1_tl_119_w4" custom="readingOrder {index:3;}">
                    <Coords points="2164,3632 2164,3692 2240,3692 2240,3632"/>
                    <TextEquiv>
                        <Unicode>des</Unicode>
                    </TextEquiv>
                </Word>
                <Word id="tr_1_tl_119_w5" custom="readingOrder {index:4;}">
                    <Coords points="2275,3633 2275,3693 2494,3693 2494,3633"/>
                    <TextEquiv>
                        <Unicode>Lebens",</Unicode>
                    </TextEquiv>
                </Word>
                <Word id="tr_1_tl_119_w6" custom="readingOrder {index:5;}">
                    <Coords points="2518,3635 2518,3695 2604,3695 2604,3635"/>
                    <TextEquiv>
                        <Unicode>1912</Unicode>
                    </TextEquiv>
                </Word>
                <Word id="tr_1_tl_119_w7" custom="readingOrder {index:6;}">
                    <Coords points="2639,3635 2639,3695 2748,3695 2748,3635"/>
                    <TextEquiv>
                        <Unicode>„Der</Unicode>
                    </TextEquiv>
                </Word>
                <TextEquiv>
                    <Unicode>46 Auffübrungen), „Ruf des Lebens", 1912 „Der</Unicode>
                </TextEquiv>
            </TextLine>
            <TextLine id="tr_1_tl_120" custom="readingOrder {index:119;}">
                <Coords points="463,3698 1579,3695 1579,3641 1511,3634 463,3645"/>
                <Baseline points="471,3687 526,3684 582,3684 637,3687 693,3684 748,3684 804,3684 859,3684 915,3681 970,3684 1026,3684 1082,3681 1137,3681 1193,3682 1248,3682 1304,3681 1359,3681 1415,3681 1470,3681 1526,3679 1582,3675"/>
                <Word id="tr_1_tl_120_w1" custom="readingOrder {index:0;}">
                    <Coords points="464,3644 464,3704 621,3704 621,3644"/>
                    <TextEquiv>
                        <Unicode>geordnet,</Unicode>
                    </TextEquiv>
                </Word>
                <Word id="tr_1_tl_120_w2" custom="readingOrder {index:1;}">
                    <Coords points="645,3645 645,3705 695,3705 695,3645"/>
                    <TextEquiv>
                        <Unicode>daß</Unicode>
                    </TextEquiv>
                </Word>
                <Word id="tr_1_tl_120_w3" custom="readingOrder {index:2;}">
                    <Coords points="724,3644 724,3704 779,3704 779,3644"/>
                    <TextEquiv>
                        <Unicode>auf</Unicode>
                    </TextEquiv>
                </Word>
                <Word id="tr_1_tl_120_w4" custom="readingOrder {index:3;}">
                    <Coords points="803,3644 803,3704 853,3704 853,3644"/>
                    <TextEquiv>
                        <Unicode>dem</Unicode>
                    </TextEquiv>
                </Word>
                <Word id="tr_1_tl_120_w5" custom="readingOrder {index:4;}">
                    <Coords points="893,3641 893,3701 1446,3701 1446,3641"/>
                    <TextEquiv>
                        <Unicode>Burgtheatergebäude</Unicode>
                    </TextEquiv>
                </Word>
                <Word id="tr_1_tl_120_w6" custom="readingOrder {index:5;}">
                    <Coords points="1469,3639 1469,3699 1581,3699 1581,3639"/>
                    <TextEquiv>
                        <Unicode>anläß¬</Unicode>
                    </TextEquiv>
                </Word>
                <TextEquiv>
                    <Unicode>geordnet, daß auf dem Burgtheatergebäude anläß¬</Unicode>
                </TextEquiv>
            </TextLine>
            <TextLine id="tr_1_tl_121" custom="readingOrder {index:120;}">
                <Coords points="2545,3746 2582,3723 2603,3733 2644,3729 2654,3737 2684,3722 2707,3735 2728,3726 2756,3730 2758,3682 2695,3698 2667,3679 2647,3692 2628,3681 2546,3683"/>
                <Baseline points="2553,3717 2578,3719 2604,3721 2629,3722 2655,3722 2681,3721 2706,3719 2732,3716 2758,3713"/>
                <Word id="tr_1_tl_121_w1" custom="readingOrder {index:0;}">
                    <Coords points="2541,3682 2541,3742 2754,3742 2754,3682"/>
                    <TextEquiv>
                        <Unicode>Flieder¬</Unicode>
                    </TextEquiv>
                </Word>
                <TextEquiv>
                    <Unicode>Flieder¬</Unicode>
                </TextEquiv>
            </TextLine>
            <TextLine id="tr_1_tl_122" custom="readingOrder {index:121;}">
                <Coords points="1634,3729 2506,3730 2506,3679 2110,3681 2039,3710 1971,3682 1634,3685"/>
                <Baseline points="1642,3719 1685,3719 1728,3719 1772,3719 1815,3722 1859,3722 1902,3722 1945,3720 1989,3719 2032,3721 2076,3720 2119,3719 2162,3719 2206,3721 2249,3720 2293,3719 2336,3719 2379,3719 2423,3719 2466,3719 2510,3719"/>
                <Word id="tr_1_tl_122_w1" custom="readingOrder {index:0;}">
                    <Coords points="1635,3682 1635,3742 2062,3742 2062,3682"/>
                    <TextEquiv>
                        <Unicode>Puppenspieler,</Unicode>
                    </TextEquiv>
                </Word>
                <Word id="tr_1_tl_122_w2" custom="readingOrder {index:1;}">
                    <Coords points="2099,3679 2099,3739 2181,3739 2181,3679"/>
                    <TextEquiv>
                        <Unicode>1917</Unicode>
                    </TextEquiv>
                </Word>
                <Word id="tr_1_tl_122_w3" custom="readingOrder {index:2;}">
                    <Coords points="2229,3679 2229,3739 2365,3739 2365,3679"/>
                    <TextEquiv>
                        <Unicode>„Fink</Unicode>
                    </TextEquiv>
                </Word>
                <Word id="tr_1_tl_122_w4" custom="readingOrder {index:3;}">
                    <Coords points="2414,3679 2414,3739 2496,3739 2496,3679"/>
                    <TextEquiv>
                        <Unicode>und</Unicode>
                    </TextEquiv>
                </Word>
                <TextEquiv>
                    <Unicode>Puppenspieler, 1917 „Fink und</Unicode>
                </TextEquiv>
            </TextLine>
            <TextLine id="tr_1_tl_123" custom="readingOrder {index:122;}">
                <Coords points="460,3747 1590,3733 1590,3683 460,3699"/>
                <Baseline points="468,3731 524,3731 580,3730 636,3730 693,3731 749,3731 805,3728 862,3728 918,3728 974,3728 1031,3728 1087,3726 1143,3728 1199,3727 1256,3726 1312,3726 1368,3728 1425,3727 1481,3725 1537,3725 1594,3725"/>
                <Word id="tr_1_tl_123_w1" custom="readingOrder {index:0;}">
                    <Coords points="460,3691 460,3751 514,3751 514,3691"/>
                    <TextEquiv>
                        <Unicode>lich</Unicode>
                    </TextEquiv>
                </Word>
                <Word id="tr_1_tl_123_w2" custom="readingOrder {index:1;}">
                    <Coords points="542,3690 542,3750 590,3750 590,3690"/>
                    <TextEquiv>
                        <Unicode>des</Unicode>
                    </TextEquiv>
                </Word>
                <Word id="tr_1_tl_123_w3" custom="readingOrder {index:2;}">
                    <Coords points="623,3690 623,3750 725,3750 725,3690"/>
                    <TextEquiv>
                        <Unicode>Todes</Unicode>
                    </TextEquiv>
                </Word>
                <Word id="tr_1_tl_123_w4" custom="readingOrder {index:3;}">
                    <Coords points="753,3689 753,3749 807,3749 807,3689"/>
                    <TextEquiv>
                        <Unicode>von</Unicode>
                    </TextEquiv>
                </Word>
                <Word id="tr_1_tl_123_w5" custom="readingOrder {index:4;}">
                    <Coords points="840,3688 840,3748 958,3748 958,3688"/>
                    <TextEquiv>
                        <Unicode>Arthur</Unicode>
                    </TextEquiv>
                </Word>
                <Word id="tr_1_tl_123_w6" custom="readingOrder {index:5;}">
                    <Coords points="986,3686 986,3746 1148,3746 1148,3686"/>
                    <TextEquiv>
                        <Unicode>Schnitzler</Unicode>
                    </TextEquiv>
                </Word>
                <Word id="tr_1_tl_123_w7" custom="readingOrder {index:6;}">
                    <Coords points="1176,3686 1176,3746 1224,3746 1224,3686"/>
                    <TextEquiv>
                        <Unicode>die</Unicode>
                    </TextEquiv>
                </Word>
                <Word id="tr_1_tl_123_w8" custom="readingOrder {index:7;}">
                    <Coords points="1252,3687 1252,3747 1582,3747 1582,3687"/>
                    <TextEquiv>
                        <Unicode>Trauerfahne</Unicode>
                    </TextEquiv>
                </Word>
                <TextEquiv>
                    <Unicode>lich des Todes von Arthur Schnitzler die Trauerfahne</Unicode>
                </TextEquiv>
            </TextLine>
            <TextLine id="tr_1_tl_124" custom="readingOrder {index:123;}">
                <Coords points="1634,3777 2758,3787 2758,3729 2684,3722 1634,3728"/>
                <Baseline points="1642,3764 1700,3767 1759,3769 1818,3767 1877,3767 1936,3765 1995,3764 2054,3764 2113,3764 2172,3764 2230,3764 2289,3764 2348,3764 2407,3764 2466,3764 2525,3766 2584,3764 2643,3764 2702,3764 2761,3761"/>
                <Word id="tr_1_tl_124_w1" custom="readingOrder {index:0;}">
                    <Coords points="1629,3727 1629,3787 1789,3787 1789,3727"/>
                    <TextEquiv>
                        <Unicode>busch",</Unicode>
                    </TextEquiv>
                </Word>
                <Word id="tr_1_tl_124_w2" custom="readingOrder {index:1;}">
                    <Coords points="1813,3727 1813,3787 1895,3787 1895,3727"/>
                    <TextEquiv>
                        <Unicode>1918</Unicode>
                    </TextEquiv>
                </Word>
                <Word id="tr_1_tl_124_w3" custom="readingOrder {index:2;}">
                    <Coords points="1931,3724 1931,3784 2204,3784 2204,3724"/>
                    <TextEquiv>
                        <Unicode>„Professor</Unicode>
                    </TextEquiv>
                </Word>
                <Word id="tr_1_tl_124_w4" custom="readingOrder {index:3;}">
                    <Coords points="2234,3724 2234,3784 2529,3784 2529,3724"/>
                    <TextEquiv>
                        <Unicode>Bernhardi“</Unicode>
                    </TextEquiv>
                </Word>
                <Word id="tr_1_tl_124_w5" custom="readingOrder {index:4;}">
                    <Coords points="2560,3724 2560,3784 2636,3784 2636,3724"/>
                    <TextEquiv>
                        <Unicode>(100</Unicode>
                    </TextEquiv>
                </Word>
                <Word id="tr_1_tl_124_w6" custom="readingOrder {index:5;}">
                    <Coords points="2666,3723 2666,3783 2748,3783 2748,3723"/>
                    <TextEquiv>
                        <Unicode>Auf¬</Unicode>
                    </TextEquiv>
                </Word>
                <TextEquiv>
                    <Unicode>busch", 1918 „Professor Bernhardi“ (100 Auf¬</Unicode>
                </TextEquiv>
            </TextLine>
            <TextLine id="tr_1_tl_125" custom="readingOrder {index:124;}">
                <Coords points="466,3796 1590,3783 1590,3737 1494,3730 466,3749"/>
                <Baseline points="474,3779 530,3779 586,3779 642,3777 698,3776 754,3776 810,3776 866,3774 922,3776 978,3776 1034,3776 1090,3776 1146,3776 1202,3775 1258,3775 1314,3776 1370,3773 1426,3773 1482,3773 1538,3771 1594,3773"/>
                <Word id="tr_1_tl_125_w1" custom="readingOrder {index:0;}">
                    <Coords points="461,3739 461,3799 627,3799 627,3739"/>
                    <TextEquiv>
                        <Unicode>gehißt</Unicode>
                    </TextEquiv>
                </Word>
                <Word id="tr_1_tl_125_w2" custom="readingOrder {index:1;}">
                    <Coords points="661,3736 661,3796 754,3796 754,3736"/>
                    <TextEquiv>
                        <Unicode>wird,</Unicode>
                    </TextEquiv>
                </Word>
                <Word id="tr_1_tl_125_w3" custom="readingOrder {index:2;}">
                    <Coords points="788,3735 788,3795 855,3795 855,3735"/>
                    <TextEquiv>
                        <Unicode>eine</Unicode>
                    </TextEquiv>
                </Word>
                <Word id="tr_1_tl_125_w4" custom="readingOrder {index:3;}">
                    <Coords points="889,3736 889,3796 1038,3796 1038,3736"/>
                    <TextEquiv>
                        <Unicode>Chrung,</Unicode>
                    </TextEquiv>
                </Word>
                <Word id="tr_1_tl_125_w5" custom="readingOrder {index:4;}">
                    <Coords points="1072,3736 1072,3796 1115,3796 1115,3736"/>
                    <TextEquiv>
                        <Unicode>die</Unicode>
                    </TextEquiv>
                </Word>
                <Word id="tr_1_tl_125_w6" custom="readingOrder {index:5;}">
                    <Coords points="1149,3735 1149,3795 1238,3795 1238,3735"/>
                    <TextEquiv>
                        <Unicode>sonst</Unicode>
                    </TextEquiv>
                </Word>
                <Word id="tr_1_tl_125_w7" custom="readingOrder {index:6;}">
                    <Coords points="1272,3735 1272,3795 1332,3795 1332,3735"/>
                    <TextEquiv>
                        <Unicode>nur</Unicode>
                    </TextEquiv>
                </Word>
                <Word id="tr_1_tl_125_w8" custom="readingOrder {index:7;}">
                    <Coords points="1372,3733 1372,3793 1576,3793 1576,3733"/>
                    <TextEquiv>
                        <Unicode>verstorbenen</Unicode>
                    </TextEquiv>
                </Word>
                <TextEquiv>
                    <Unicode>gehißt wird, eine Chrung, die sonst nur verstorbenen</Unicode>
                </TextEquiv>
            </TextLine>
            <TextLine id="tr_1_tl_126" custom="readingOrder {index:125;}">
                <Coords points="1639,3827 2760,3825 2711,3770 1639,3773"/>
                <Baseline points="1647,3809 1702,3812 1758,3812 1814,3812 1870,3809 1926,3812 1982,3811 2037,3809 2093,3809 2149,3809 2205,3810 2261,3810 2317,3809 2373,3810 2428,3812 2484,3812 2540,3809 2596,3809 2652,3809 2708,3811 2764,3809"/>
                <Word id="tr_1_tl_126_w1" custom="readingOrder {index:0;}">
                    <Coords points="1634,3772 1634,3832 1855,3832 1855,3772"/>
                    <TextEquiv>
                        <Unicode>führungen);</Unicode>
                    </TextEquiv>
                </Word>
                <Word id="tr_1_tl_126_w2" custom="readingOrder {index:1;}">
                    <Coords points="1882,3770 1882,3830 1930,3830 1930,3770"/>
                    <TextEquiv>
                        <Unicode>die</Unicode>
                    </TextEquiv>
                </Word>
                <Word id="tr_1_tl_126_w3" custom="readingOrder {index:2;}">
                    <Coords points="1963,3770 1963,3830 2055,3830 2055,3770"/>
                    <TextEquiv>
                        <Unicode>letzten</Unicode>
                    </TextEquiv>
                </Word>
                <Word id="tr_1_tl_126_w4" custom="readingOrder {index:3;}">
                    <Coords points="2093,3769 2093,3829 2255,3829 2255,3769"/>
                    <TextEquiv>
                        <Unicode>Vertreter</Unicode>
                    </TextEquiv>
                </Word>
                <Word id="tr_1_tl_126_w5" custom="readingOrder {index:4;}">
                    <Coords points="2288,3769 2288,3829 2336,3829 2336,3769"/>
                    <TextEquiv>
                        <Unicode>der</Unicode>
                    </TextEquiv>
                </Word>
                <Word id="tr_1_tl_126_w6" custom="readingOrder {index:5;}">
                    <Coords points="2369,3772 2369,3832 2563,3832 2563,3772"/>
                    <TextEquiv>
                        <Unicode>Titelrolle:</Unicode>
                    </TextEquiv>
                </Word>
                <Word id="tr_1_tl_126_w7" custom="readingOrder {index:6;}">
                    <Coords points="2591,3769 2591,3829 2730,3829 2730,3769"/>
                    <TextEquiv>
                        <Unicode>Wilhelm</Unicode>
                    </TextEquiv>
                </Word>
                <TextEquiv>
                    <Unicode>führungen); die letzten Vertreter der Titelrolle: Wilhelm</Unicode>
                </TextEquiv>
            </TextLine>
            <TextLine id="tr_1_tl_127" custom="readingOrder {index:126;}">
                <Coords points="469,3841 1127,3840 1127,3780 469,3786"/>
                <Baseline points="477,3824 509,3824 542,3821 575,3821 607,3821 640,3821 673,3823 705,3824 738,3824 771,3824 804,3824 836,3824 869,3824 902,3824 934,3824 967,3823 1000,3821 1032,3821 1065,3821 1098,3821 1131,3821"/>
                <Word id="tr_1_tl_127_w1" custom="readingOrder {index:0;}">
                    <Coords points="470,3782 470,3842 870,3842 870,3782"/>
                    <TextEquiv>
                        <Unicode>Burgtheotermitgliedern</Unicode>
                    </TextEquiv>
                </Word>
                <Word id="tr_1_tl_127_w2" custom="readingOrder {index:1;}">
                    <Coords points="907,3783 907,3843 1000,3843 1000,3783"/>
                    <TextEquiv>
                        <Unicode>zuteil</Unicode>
                    </TextEquiv>
                </Word>
                <Word id="tr_1_tl_127_w3" custom="readingOrder {index:2;}">
                    <Coords points="1024,3781 1024,3841 1112,3841 1112,3781"/>
                    <TextEquiv>
                        <Unicode>wird.</Unicode>
                    </TextEquiv>
                </Word>
                <TextEquiv>
                    <Unicode>Burgtheotermitgliedern zuteil wird.</Unicode>
                </TextEquiv>
            </TextLine>
            <TextLine id="tr_1_tl_128" custom="readingOrder {index:127;}">
                <Coords points="1634,3878 2763,3872 2704,3820 1634,3831"/>
                <Baseline points="1642,3857 1698,3860 1754,3860 1810,3860 1867,3860 1923,3857 1979,3860 2035,3860 2092,3860 2148,3860 2204,3860 2260,3860 2317,3860 2373,3859 2429,3857 2485,3859 2542,3860 2598,3862 2654,3860 2710,3860 2767,3854"/>
                <Word id="tr_1_tl_128_w1" custom="readingOrder {index:0;}">
                    <Coords points="1640,3820 1640,3880 1764,3880 1764,3820"/>
                    <TextEquiv>
                        <Unicode>Klitsch.</Unicode>
                    </TextEquiv>
                </Word>
                <Word id="tr_1_tl_128_w2" custom="readingOrder {index:1;}">
                    <Coords points="1804,3820 1804,3880 1894,3880 1894,3820"/>
                    <TextEquiv>
                        <Unicode>Fritz</Unicode>
                    </TextEquiv>
                </Word>
                <Word id="tr_1_tl_128_w3" custom="readingOrder {index:2;}">
                    <Coords points="1934,3820 1934,3880 2087,3880 2087,3820"/>
                    <TextEquiv>
                        <Unicode>Kortner,</Unicode>
                    </TextEquiv>
                </Word>
                <Word id="tr_1_tl_128_w4" custom="readingOrder {index:3;}">
                    <Coords points="2127,3820 2127,3880 2217,3880 2217,3820"/>
                    <TextEquiv>
                        <Unicode>Hans</Unicode>
                    </TextEquiv>
                </Word>
                <Word id="tr_1_tl_128_w5" custom="readingOrder {index:4;}">
                    <Coords points="2268,3819 2268,3879 2410,3879 2410,3819"/>
                    <TextEquiv>
                        <Unicode>Hinrich,</Unicode>
                    </TextEquiv>
                </Word>
                <Word id="tr_1_tl_128_w6" custom="readingOrder {index:5;}">
                    <Coords points="2455,3819 2455,3879 2539,3879 2539,3819"/>
                    <TextEquiv>
                        <Unicode>1922</Unicode>
                    </TextEquiv>
                </Word>
                <Word id="tr_1_tl_128_w7" custom="readingOrder {index:6;}">
                    <Coords points="2591,3820 2591,3880 2754,3880 2754,3820"/>
                    <TextEquiv>
                        <Unicode>„Para¬</Unicode>
                    </TextEquiv>
                </Word>
                <TextEquiv>
                    <Unicode>Klitsch. Fritz Kortner, Hans Hinrich, 1922 „Para¬</Unicode>
                </TextEquiv>
            </TextLine>
            <TextLine id="tr_1_tl_129" custom="readingOrder {index:128;}">
                <Coords points="639,3908 1420,3896 1420,3847 1332,3831 1058,3833 1008,3858 639,3831"/>
                <Baseline points="647,3887 685,3886 724,3886 763,3884 802,3884 841,3884 880,3887 918,3887 957,3885 996,3884 1035,3884 1074,3884 1113,3884 1152,3884 1190,3884 1229,3884 1268,3884 1307,3884 1346,3885 1385,3887 1424,3884"/>
                <Word id="tr_1_tl_129_w1" custom="readingOrder {index:0;}">
                    <Coords points="642,3846 642,3906 717,3906 717,3846"/>
                    <TextEquiv>
                        <Unicode>Der</Unicode>
                    </TextEquiv>
                </Word>
                <Word id="tr_1_tl_129_w2" custom="readingOrder {index:1;}">
                    <Coords points="759,3844 759,3904 931,3904 931,3844"/>
                    <TextEquiv>
                        <Unicode>Mensch</Unicode>
                    </TextEquiv>
                </Word>
                <Word id="tr_1_tl_129_w3" custom="readingOrder {index:2;}">
                    <Coords points="974,3844 974,3904 1055,3904 1055,3844"/>
                    <TextEquiv>
                        <Unicode>und</Unicode>
                    </TextEquiv>
                </Word>
                <Word id="tr_1_tl_129_w4" custom="readingOrder {index:3;}">
                    <Coords points="1097,3844 1097,3904 1173,3904 1173,3844"/>
                    <TextEquiv>
                        <Unicode>der</Unicode>
                    </TextEquiv>
                </Word>
                <Word id="tr_1_tl_129_w5" custom="readingOrder {index:4;}">
                    <Coords points="1215,3844 1215,3904 1407,3904 1407,3844"/>
                    <TextEquiv>
                        <Unicode>Dichter.</Unicode>
                    </TextEquiv>
                </Word>
                <TextEquiv>
                    <Unicode>Der Mensch und der Dichter.</Unicode>
                </TextEquiv>
            </TextLine>
            <TextLine id="tr_1_tl_130" custom="readingOrder {index:129;}">
                <Coords points="1632,3922 2755,3918 2719,3861 1632,3878"/>
                <Baseline points="1639,3905 1697,3907 1756,3905 1815,3908 1874,3908 1933,3908 1992,3908 2051,3907 2110,3903 2169,3905 2227,3908 2286,3905 2345,3905 2404,3908 2463,3904 2522,3904 2581,3908 2640,3906 2699,3906 2758,3905"/>
                <Word id="tr_1_tl_130_w1" custom="readingOrder {index:0;}">
                    <Coords points="1633,3865 1633,3925 1824,3925 1824,3865"/>
                    <TextEquiv>
                        <Unicode>celsus",</Unicode>
                    </TextEquiv>
                </Word>
                <Word id="tr_1_tl_130_w2" custom="readingOrder {index:1;}">
                    <Coords points="1865,3868 1865,3928 1945,3928 1945,3868"/>
                    <TextEquiv>
                        <Unicode>1925</Unicode>
                    </TextEquiv>
                </Word>
                <Word id="tr_1_tl_130_w3" custom="readingOrder {index:2;}">
                    <Coords points="1986,3867 1986,3927 2096,3927 2096,3867"/>
                    <TextEquiv>
                        <Unicode>„Der</Unicode>
                    </TextEquiv>
                </Word>
                <Word id="tr_1_tl_130_w4" custom="readingOrder {index:3;}">
                    <Coords points="2137,3867 2137,3927 2345,3927 2345,3867"/>
                    <TextEquiv>
                        <Unicode>Schleier</Unicode>
                    </TextEquiv>
                </Word>
                <Word id="tr_1_tl_130_w5" custom="readingOrder {index:4;}">
                    <Coords points="2381,3867 2381,3927 2456,3927 2456,3867"/>
                    <TextEquiv>
                        <Unicode>der</Unicode>
                    </TextEquiv>
                </Word>
                <Word id="tr_1_tl_130_w6" custom="readingOrder {index:5;}">
                    <Coords points="2491,3866 2491,3926 2757,3926 2757,3866"/>
                    <TextEquiv>
                        <Unicode>Pierette",</Unicode>
                    </TextEquiv>
                </Word>
                <TextEquiv>
                    <Unicode>celsus", 1925 „Der Schleier der Pierette",</Unicode>
                </TextEquiv>
            </TextLine>
            <TextLine id="tr_1_tl_131" custom="readingOrder {index:130;}">
                <Coords points="784,3943 961,3960 1052,3942 1277,3953 1277,3915 1198,3896 1123,3911 1071,3894 896,3899 862,3916 784,3899"/>
                <Baseline points="791,3925 816,3930 842,3934 868,3936 893,3937 919,3937 945,3937 971,3937 996,3935 1022,3934 1048,3934 1074,3935 1099,3937 1125,3936 1151,3934 1177,3936 1202,3937 1228,3937 1254,3936 1280,3934"/>
                <Word id="tr_1_tl_131_w1" custom="readingOrder {index:0;}">
                    <Coords points="783,3888 783,3948 833,3948 833,3888"/>
                    <TextEquiv>
                        <Unicode>Ner</Unicode>
                    </TextEquiv>
                </Word>
                <Word id="tr_1_tl_131_w2" custom="readingOrder {index:1;}">
                    <Coords points="861,3897 861,3957 1018,3957 1018,3897"/>
                    <TextEquiv>
                        <Unicode>Hedwig</Unicode>
                    </TextEquiv>
                </Word>
                <Word id="tr_1_tl_131_w3" custom="readingOrder {index:2;}">
                    <Coords points="1050,3894 1050,3954 1272,3954 1272,3894"/>
                    <TextEquiv>
                        <Unicode>Bleibtren.</Unicode>
                    </TextEquiv>
                </Word>
                <TextEquiv>
                    <Unicode>Ner Hedwig Bleibtren.</Unicode>
                </TextEquiv>
            </TextLine>
            <TextLine id="tr_1_tl_132" custom="readingOrder {index:131;}">
                <Coords points="1634,3962 2762,3960 2762,3916 2582,3908 2400,3943 2359,3906 1634,3922"/>
                <Baseline points="1642,3955 1698,3952 1754,3951 1810,3949 1866,3949 1922,3949 1978,3949 2034,3949 2090,3949 2146,3949 2203,3949 2259,3951 2315,3952 2371,3953 2427,3954 2483,3952 2539,3949 2595,3951 2651,3950 2707,3950 2764,3949"/>
                <Word id="tr_1_tl_132_w1" custom="readingOrder {index:0;}">
                    <Coords points="1635,3912 1635,3972 1742,3972 1742,3912"/>
                    <TextEquiv>
                        <Unicode>„Das</Unicode>
                    </TextEquiv>
                </Word>
                <Word id="tr_1_tl_132_w2" custom="readingOrder {index:1;}">
                    <Coords points="1771,3909 1771,3969 1906,3969 1906,3909"/>
                    <TextEquiv>
                        <Unicode>weite</Unicode>
                    </TextEquiv>
                </Word>
                <Word id="tr_1_tl_132_w3" custom="readingOrder {index:2;}">
                    <Coords points="1936,3909 1936,3969 2077,3969 2077,3909"/>
                    <TextEquiv>
                        <Unicode>Land“</Unicode>
                    </TextEquiv>
                </Word>
                <Word id="tr_1_tl_132_w4" custom="readingOrder {index:3;}">
                    <Coords points="2106,3909 2106,3969 2236,3969 2236,3909"/>
                    <TextEquiv>
                        <Unicode>(Arnold</Unicode>
                    </TextEquiv>
                </Word>
                <Word id="tr_1_tl_132_w5" custom="readingOrder {index:4;}">
                    <Coords points="2266,3912 2266,3972 2390,3972 2390,3912"/>
                    <TextEquiv>
                        <Unicode>Korff),</Unicode>
                    </TextEquiv>
                </Word>
                <Word id="tr_1_tl_132_w6" custom="readingOrder {index:5;}">
                    <Coords points="2413,3910 2413,3970 2747,3970 2747,3910"/>
                    <TextEquiv>
                        <Unicode>„Dereinsame</Unicode>
                    </TextEquiv>
                </Word>
                <TextEquiv>
                    <Unicode>„Das weite Land“ (Arnold Korff), „Dereinsame</Unicode>
                </TextEquiv>
            </TextLine>
            <TextLine id="tr_1_tl_133" custom="readingOrder {index:132;}">
                <Coords points="557,3996 1592,3993 1592,3953 1416,3929 557,3945"/>
                <Baseline points="564,3988 615,3988 667,3988 718,3988 770,3988 821,3988 873,3988 924,3988 976,3987 1027,3986 1079,3988 1130,3986 1182,3985 1233,3988 1285,3985 1336,3986 1388,3987 1439,3985 1491,3985 1542,3985 1594,3979"/>
                <Word id="tr_1_tl_133_w1" custom="readingOrder {index:0;}">
                    <Coords points="558,3948 558,4008 678,4008 678,3948"/>
                    <TextEquiv>
                        <Unicode>Arthur</Unicode>
                    </TextEquiv>
                </Word>
                <Word id="tr_1_tl_133_w2" custom="readingOrder {index:1;}">
                    <Coords points="707,3948 707,4008 877,4008 877,3948"/>
                    <TextEquiv>
                        <Unicode>Schnitzler</Unicode>
                    </TextEquiv>
                </Word>
                <Word id="tr_1_tl_133_w3" custom="readingOrder {index:2;}">
                    <Coords points="911,3947 911,4007 977,4007 977,3947"/>
                    <TextEquiv>
                        <Unicode>war</Unicode>
                    </TextEquiv>
                </Word>
                <Word id="tr_1_tl_133_w4" custom="readingOrder {index:3;}">
                    <Coords points="1010,3946 1010,4006 1054,4006 1054,3946"/>
                    <TextEquiv>
                        <Unicode>ein</Unicode>
                    </TextEquiv>
                </Word>
                <Word id="tr_1_tl_133_w5" custom="readingOrder {index:4;}">
                    <Coords points="1088,3945 1088,4005 1209,4005 1209,3945"/>
                    <TextEquiv>
                        <Unicode>Mensch</Unicode>
                    </TextEquiv>
                </Word>
                <Word id="tr_1_tl_133_w6" custom="readingOrder {index:5;}">
                    <Coords points="1242,3945 1242,4005 1308,4005 1308,3945"/>
                    <TextEquiv>
                        <Unicode>vort</Unicode>
                    </TextEquiv>
                </Word>
                <Word id="tr_1_tl_133_w7" custom="readingOrder {index:6;}">
                    <Coords points="1336,3946 1336,4006 1363,4006 1363,3946"/>
                    <TextEquiv>
                        <Unicode>so</Unicode>
                    </TextEquiv>
                </Word>
                <Word id="tr_1_tl_133_w8" custom="readingOrder {index:7;}">
                    <Coords points="1397,3945 1397,4005 1490,4005 1490,3945"/>
                    <TextEquiv>
                        <Unicode>hoher</Unicode>
                    </TextEquiv>
                </Word>
                <Word id="tr_1_tl_133_w9" custom="readingOrder {index:8;}">
                    <Coords points="1519,3943 1519,4003 1584,4003 1584,3943"/>
                    <TextEquiv>
                        <Unicode>In¬</Unicode>
                    </TextEquiv>
                </Word>
                <TextEquiv>
                    <Unicode>Arthur Schnitzler war ein Mensch vort so hoher In¬</Unicode>
                </TextEquiv>
            </TextLine>
            <TextLine id="tr_1_tl_134" custom="readingOrder {index:133;}">
                <Coords points="1634,4009 2762,4007 2762,3960 2684,3955 1634,3962"/>
                <Baseline points="1642,3994 1698,3997 1754,3997 1810,3995 1866,3994 1922,3994 1978,3996 2034,3997 2090,3997 2146,3997 2203,3995 2259,3996 2315,3997 2371,3998 2427,3998 2483,3997 2539,3997 2595,3996 2651,3994 2707,3994 2764,3994"/>
                <Word id="tr_1_tl_134_w1" custom="readingOrder {index:0;}">
                    <Coords points="1629,3956 1629,4016 1742,4016 1742,3956"/>
                    <TextEquiv>
                        <Unicode>Weg“</Unicode>
                    </TextEquiv>
                </Word>
                <Word id="tr_1_tl_134_w2" custom="readingOrder {index:1;}">
                    <Coords points="1788,3954 1788,4014 1913,4014 1913,3954"/>
                    <TextEquiv>
                        <Unicode>(Albert</Unicode>
                    </TextEquiv>
                </Word>
                <Word id="tr_1_tl_134_w3" custom="readingOrder {index:2;}">
                    <Coords points="1947,3957 1947,4017 2191,4017 2191,3957"/>
                    <TextEquiv>
                        <Unicode>Bassermann),</Unicode>
                    </TextEquiv>
                </Word>
                <Word id="tr_1_tl_134_w4" custom="readingOrder {index:3;}">
                    <Coords points="2226,3956 2226,4016 2310,4016 2310,3956"/>
                    <TextEquiv>
                        <Unicode>1929</Unicode>
                    </TextEquiv>
                </Word>
                <Word id="tr_1_tl_134_w5" custom="readingOrder {index:4;}">
                    <Coords points="2357,3958 2357,4018 2435,4018 2435,3958"/>
                    <TextEquiv>
                        <Unicode>„Im</Unicode>
                    </TextEquiv>
                </Word>
                <Word id="tr_1_tl_134_w6" custom="readingOrder {index:5;}">
                    <Coords points="2487,3956 2487,4016 2634,4016 2634,3956"/>
                    <TextEquiv>
                        <Unicode>Spiel</Unicode>
                    </TextEquiv>
                </Word>
                <Word id="tr_1_tl_134_w7" custom="readingOrder {index:6;}">
                    <Coords points="2669,3954 2669,4014 2742,4014 2742,3954"/>
                    <TextEquiv>
                        <Unicode>der</Unicode>
                    </TextEquiv>
                </Word>
                <TextEquiv>
                    <Unicode>Weg“ (Albert Bassermann), 1929 „Im Spiel der</Unicode>
                </TextEquiv>
            </TextLine>
            <TextLine id="tr_1_tl_135" custom="readingOrder {index:134;}">
                <Coords points="457,4041 1588,4038 1588,3999 1517,3989 626,4017 457,3983"/>
                <Baseline points="465,4033 521,4036 577,4034 633,4036 690,4036 746,4033 802,4035 859,4033 915,4033 971,4033 1028,4031 1084,4033 1140,4033 1196,4033 1253,4033 1309,4033 1365,4033 1422,4032 1478,4030 1534,4030 1591,4024"/>
                <Word id="tr_1_tl_135_w1" custom="readingOrder {index:0;}">
                    <Coords points="463,3995 463,4055 602,4055 602,3995"/>
                    <TextEquiv>
                        <Unicode>telligenz</Unicode>
                    </TextEquiv>
                </Word>
                <Word id="tr_1_tl_135_w2" custom="readingOrder {index:1;}">
                    <Coords points="630,3996 630,4056 694,4056 694,3996"/>
                    <TextEquiv>
                        <Unicode>auch</Unicode>
                    </TextEquiv>
                </Word>
                <Word id="tr_1_tl_135_w3" custom="readingOrder {index:2;}">
                    <Coords points="722,3993 722,4053 748,4053 748,3993"/>
                    <TextEquiv>
                        <Unicode>im</Unicode>
                    </TextEquiv>
                </Word>
                <Word id="tr_1_tl_135_w4" custom="readingOrder {index:3;}">
                    <Coords points="792,3994 792,4054 851,4054 851,3994"/>
                    <TextEquiv>
                        <Unicode>rein</Unicode>
                    </TextEquiv>
                </Word>
                <Word id="tr_1_tl_135_w5" custom="readingOrder {index:4;}">
                    <Coords points="884,3991 884,4051 1213,4051 1213,3991"/>
                    <TextEquiv>
                        <Unicode>Schauspielerischen,</Unicode>
                    </TextEquiv>
                </Word>
                <Word id="tr_1_tl_135_w6" custom="readingOrder {index:5;}">
                    <Coords points="1235,3993 1235,4053 1283,4053 1283,3993"/>
                    <TextEquiv>
                        <Unicode>daß</Unicode>
                    </TextEquiv>
                </Word>
                <Word id="tr_1_tl_135_w7" custom="readingOrder {index:6;}">
                    <Coords points="1316,3993 1316,4053 1348,4053 1348,3993"/>
                    <TextEquiv>
                        <Unicode>er</Unicode>
                    </TextEquiv>
                </Word>
                <Word id="tr_1_tl_135_w8" custom="readingOrder {index:7;}">
                    <Coords points="1370,3992 1370,4052 1467,4052 1467,3992"/>
                    <TextEquiv>
                        <Unicode>seinen</Unicode>
                    </TextEquiv>
                </Word>
                <Word id="tr_1_tl_135_w9" custom="readingOrder {index:8;}">
                    <Coords points="1500,3989 1500,4049 1585,4049 1585,3989"/>
                    <TextEquiv>
                        <Unicode>Dar¬</Unicode>
                    </TextEquiv>
                </Word>
                <TextEquiv>
                    <Unicode>telligenz auch im rein Schauspielerischen, daß er seinen Dar¬</Unicode>
                </TextEquiv>
            </TextLine>
            <TextLine id="tr_1_tl_136" custom="readingOrder {index:135;}">
                <Coords points="1634,4061 2752,4057 2715,4002 1634,4009"/>
                <Baseline points="1642,4042 1697,4042 1753,4042 1808,4042 1864,4045 1920,4042 1975,4042 2031,4044 2087,4045 2142,4045 2198,4044 2254,4044 2309,4045 2365,4045 2421,4045 2476,4045 2532,4045 2588,4045 2643,4044 2699,4042 2755,4042"/>
                <Word id="tr_1_tl_136_w1" custom="readingOrder {index:0;}">
                    <Coords points="1636,4002 1636,4062 1996,4062 1996,4002"/>
                    <TextEquiv>
                        <Unicode>Sommerlüsie"</Unicode>
                    </TextEquiv>
                </Word>
                <Word id="tr_1_tl_136_w2" custom="readingOrder {index:1;}">
                    <Coords points="2033,4005 2033,4065 2219,4065 2219,4005"/>
                    <TextEquiv>
                        <Unicode>(Alex:nder</Unicode>
                    </TextEquiv>
                </Word>
                <Word id="tr_1_tl_136_w3" custom="readingOrder {index:2;}">
                    <Coords points="2250,4005 2250,4065 2375,4065 2375,4005"/>
                    <TextEquiv>
                        <Unicode>Moissi,</Unicode>
                    </TextEquiv>
                </Word>
                <Word id="tr_1_tl_136_w4" custom="readingOrder {index:3;}">
                    <Coords points="2400,4005 2400,4065 2550,4065 2550,4005"/>
                    <TextEquiv>
                        <Unicode>Johanna</Unicode>
                    </TextEquiv>
                </Word>
                <Word id="tr_1_tl_136_w5" custom="readingOrder {index:4;}">
                    <Coords points="2587,4003 2587,4063 2749,4063 2749,4003"/>
                    <TextEquiv>
                        <Unicode>Terwin).</Unicode>
                    </TextEquiv>
                </Word>
                <TextEquiv>
                    <Unicode>Sommerlüsie" (Alex:nder Moissi, Johanna Terwin).</Unicode>
                </TextEquiv>
            </TextLine>
            <TextLine id="tr_1_tl_137" custom="readingOrder {index:136;}">
                <Coords points="463,4095 1386,4104 1568,4094 1595,4048 464,4041"/>
                <Baseline points="471,4078 527,4078 583,4080 639,4080 696,4078 752,4078 808,4078 865,4080 921,4078 977,4078 1034,4078 1090,4078 1146,4078 1202,4078 1259,4078 1315,4078 1371,4078 1428,4077 1484,4075 1540,4075 1597,4072"/>
                <Word id="tr_1_tl_137_w1" custom="readingOrder {index:0;}">
                    <Coords points="464,4038 464,4098 573,4098 573,4038"/>
                    <TextEquiv>
                        <Unicode>stellern</Unicode>
                    </TextEquiv>
                </Word>
                <Word id="tr_1_tl_137_w2" custom="readingOrder {index:1;}">
                    <Coords points="613,4039 613,4099 700,4099 700,4039"/>
                    <TextEquiv>
                        <Unicode>durch</Unicode>
                    </TextEquiv>
                </Word>
                <Word id="tr_1_tl_137_w3" custom="readingOrder {index:2;}">
                    <Coords points="734,4038 734,4098 812,4098 812,4038"/>
                    <TextEquiv>
                        <Unicode>seine</Unicode>
                    </TextEquiv>
                </Word>
                <Word id="tr_1_tl_137_w4" custom="readingOrder {index:3;}">
                    <Coords points="845,4038 845,4098 1111,4098 1111,4038"/>
                    <TextEquiv>
                        <Unicode>Aufzeichnungen</Unicode>
                    </TextEquiv>
                </Word>
                <Word id="tr_1_tl_137_w5" custom="readingOrder {index:4;}">
                    <Coords points="1150,4038 1150,4098 1332,4098 1332,4038"/>
                    <TextEquiv>
                        <Unicode>wertvollste</Unicode>
                    </TextEquiv>
                </Word>
                <Word id="tr_1_tl_137_w6" custom="readingOrder {index:5;}">
                    <Coords points="1366,4037 1366,4097 1448,4097 1448,4037"/>
                    <TextEquiv>
                        <Unicode>Hilfe</Unicode>
                    </TextEquiv>
                </Word>
                <Word id="tr_1_tl_137_w7" custom="readingOrder {index:6;}">
                    <Coords points="1482,4035 1482,4095 1575,4095 1575,4035"/>
                    <TextEquiv>
                        <Unicode>leisten</Unicode>
                    </TextEquiv>
                </Word>
                <TextEquiv>
                    <Unicode>stellern durch seine Aufzeichnungen wertvollste Hilfe leisten</Unicode>
                </TextEquiv>
            </TextLine>
            <TextLine id="tr_1_tl_138" custom="readingOrder {index:137;}">
                <Coords points="473,4134 1602,4141 1602,4085 1548,4082 473,4091"/>
                <Baseline points="480,4125 536,4125 592,4125 648,4125 705,4125 761,4125 817,4125 874,4123 930,4122 986,4124 1043,4122 1099,4124 1155,4125 1211,4123 1268,4125 1324,4122 1380,4122 1437,4122 1493,4122 1549,4122 1606,4125"/>
                <Word id="tr_1_tl_138_w1" custom="readingOrder {index:0;}">
                    <Coords points="473,4085 473,4145 597,4145 597,4085"/>
                    <TextEquiv>
                        <Unicode>konnte.</Unicode>
                    </TextEquiv>
                </Word>
                <Word id="tr_1_tl_138_w2" custom="readingOrder {index:1;}">
                    <Coords points="614,4085 614,4145 656,4145 656,4085"/>
                    <TextEquiv>
                        <Unicode>Er</Unicode>
                    </TextEquiv>
                </Word>
                <Word id="tr_1_tl_138_w3" custom="readingOrder {index:2;}">
                    <Coords points="684,4085 684,4145 803,4145 803,4085"/>
                    <TextEquiv>
                        <Unicode>gehörte</Unicode>
                    </TextEquiv>
                </Word>
                <Word id="tr_1_tl_138_w4" custom="readingOrder {index:3;}">
                    <Coords points="831,4084 831,4144 857,4144 857,4084"/>
                    <TextEquiv>
                        <Unicode>zu</Unicode>
                    </TextEquiv>
                </Word>
                <Word id="tr_1_tl_138_w5" custom="readingOrder {index:4;}">
                    <Coords points="885,4082 885,4142 933,4142 933,4082"/>
                    <TextEquiv>
                        <Unicode>den</Unicode>
                    </TextEquiv>
                </Word>
                <Word id="tr_1_tl_138_w6" custom="readingOrder {index:5;}">
                    <Coords points="961,4083 961,4143 1193,4143 1193,4083"/>
                    <TextEquiv>
                        <Unicode>angenehmsten</Unicode>
                    </TextEquiv>
                </Word>
                <Word id="tr_1_tl_138_w7" custom="readingOrder {index:6;}">
                    <Coords points="1226,4083 1226,4143 1383,4143 1383,4083"/>
                    <TextEquiv>
                        <Unicode>Nutoren.</Unicode>
                    </TextEquiv>
                </Word>
                <Word id="tr_1_tl_138_w8" custom="readingOrder {index:7;}">
                    <Coords points="1405,4082 1405,4142 1513,4142 1513,4082"/>
                    <TextEquiv>
                        <Unicode>Nichts</Unicode>
                    </TextEquiv>
                </Word>
                <Word id="tr_1_tl_138_w9" custom="readingOrder {index:8;}">
                    <Coords points="1535,4082 1535,4142 1583,4142 1583,4082"/>
                    <TextEquiv>
                        <Unicode>lag</Unicode>
                    </TextEquiv>
                </Word>
                <TextEquiv>
                    <Unicode>konnte. Er gehörte zu den angenehmsten Nutoren. Nichts lag</Unicode>
                </TextEquiv>
            </TextLine>
            <TextLine id="tr_1_tl_139" custom="readingOrder {index:138;}">
                <Coords points="1832,4155 2562,4151 2560,4098 2494,4080 2354,4111 2114,4081 1830,4097"/>
                <Baseline points="1839,4137 1875,4139 1911,4142 1947,4143 1984,4142 2020,4140 2056,4143 2092,4143 2129,4142 2165,4141 2201,4143 2237,4143 2274,4143 2310,4145 2346,4145 2382,4143 2419,4146 2455,4144 2491,4143 2527,4143 2564,4143"/>
                <Word id="tr_1_tl_139_w1" custom="readingOrder {index:0;}">
                    <Coords points="1835,4102 1835,4162 1991,4162 1991,4102"/>
                    <TextEquiv>
                        <Unicode>Tiefer</Unicode>
                    </TextEquiv>
                </Word>
                <Word id="tr_1_tl_139_w2" custom="readingOrder {index:1;}">
                    <Coords points="2030,4101 2030,4161 2247,4161 2247,4101"/>
                    <TextEquiv>
                        <Unicode>Eiadruck</Unicode>
                    </TextEquiv>
                </Word>
                <Word id="tr_1_tl_139_w3" custom="readingOrder {index:2;}">
                    <Coords points="2293,4104 2293,4164 2322,4164 2322,4104"/>
                    <TextEquiv>
                        <Unicode>in</Unicode>
                    </TextEquiv>
                </Word>
                <Word id="tr_1_tl_139_w4" custom="readingOrder {index:3;}">
                    <Coords points="2368,4103 2368,4163 2547,4163 2547,4103"/>
                    <TextEquiv>
                        <Unicode>Berlin.</Unicode>
                    </TextEquiv>
                </Word>
                <TextEquiv>
                    <Unicode>Tiefer Eiadruck in Berlin.</Unicode>
                </TextEquiv>
            </TextLine>
            <TextLine id="tr_1_tl_140" custom="readingOrder {index:139;}">
                <Coords points="460,4178 1595,4169 1562,4127 460,4135"/>
                <Baseline points="468,4170 524,4170 580,4171 637,4173 693,4173 750,4170 806,4170 863,4170 919,4170 976,4170 1032,4170 1088,4170 1145,4167 1201,4167 1258,4167 1314,4167 1371,4167 1427,4167 1484,4167 1540,4165 1597,4161"/>
                <Word id="tr_1_tl_140_w1" custom="readingOrder {index:0;}">
                    <Coords points="466,4130 466,4190 487,4190 487,4130"/>
                    <TextEquiv>
                        <Unicode>im</Unicode>
                    </TextEquiv>
                </Word>
                <Word id="tr_1_tl_140_w2" custom="readingOrder {index:1;}">
                    <Coords points="531,4131 531,4191 655,4191 655,4131"/>
                    <TextEquiv>
                        <Unicode>ferner,</Unicode>
                    </TextEquiv>
                </Word>
                <Word id="tr_1_tl_140_w3" custom="readingOrder {index:2;}">
                    <Coords points="672,4132 672,4192 720,4192 720,4132"/>
                    <TextEquiv>
                        <Unicode>als</Unicode>
                    </TextEquiv>
                </Word>
                <Word id="tr_1_tl_140_w4" custom="readingOrder {index:3;}">
                    <Coords points="747,4130 747,4190 833,4190 833,4130"/>
                    <TextEquiv>
                        <Unicode>durch</Unicode>
                    </TextEquiv>
                </Word>
                <Word id="tr_1_tl_140_w5" custom="readingOrder {index:4;}">
                    <Coords points="867,4130 867,4190 942,4190 942,4130"/>
                    <TextEquiv>
                        <Unicode>allzu</Unicode>
                    </TextEquiv>
                </Word>
                <Word id="tr_1_tl_140_w6" custom="readingOrder {index:5;}">
                    <Coords points="975,4130 975,4190 1121,4190 1121,4130"/>
                    <TextEquiv>
                        <Unicode>häufiges</Unicode>
                    </TextEquiv>
                </Word>
                <Word id="tr_1_tl_140_w7" custom="readingOrder {index:6;}">
                    <Coords points="1154,4127 1154,4187 1343,4187 1343,4127"/>
                    <TextEquiv>
                        <Unicode>Dreinreden</Unicode>
                    </TextEquiv>
                </Word>
                <Word id="tr_1_tl_140_w8" custom="readingOrder {index:7;}">
                    <Coords points="1376,4127 1376,4187 1446,4187 1446,4127"/>
                    <TextEquiv>
                        <Unicode>oder</Unicode>
                    </TextEquiv>
                </Word>
                <Word id="tr_1_tl_140_w9" custom="readingOrder {index:8;}">
                    <Coords points="1474,4125 1474,4185 1592,4185 1592,4125"/>
                    <TextEquiv>
                        <Unicode>Unter¬</Unicode>
                    </TextEquiv>
                </Word>
                <TextEquiv>
                    <Unicode>im ferner, als durch allzu häufiges Dreinreden oder Unter¬</Unicode>
                </TextEquiv>
            </TextLine>
            <TextLine id="tr_1_tl_141" custom="readingOrder {index:140;}">
                <Coords points="1822,4199 2569,4199 2569,4165 2484,4152 2058,4178 1822,4162"/>
                <Baseline points="1830,4191 1867,4194 1904,4196 1941,4196 1978,4195 2015,4197 2052,4194 2090,4196 2127,4195 2164,4195 2201,4197 2238,4197 2275,4197 2312,4197 2350,4197 2387,4197 2424,4197 2461,4197 2498,4197 2535,4197 2573,4194"/>
                <Word id="tr_1_tl_141_w1" custom="readingOrder {index:0;}">
                    <Coords points="1820,4156 1820,4216 2010,4216 2010,4156"/>
                    <TextEquiv>
                        <Unicode>Telegramm</Unicode>
                    </TextEquiv>
                </Word>
                <Word id="tr_1_tl_141_w2" custom="readingOrder {index:1;}">
                    <Coords points="2064,4155 2064,4215 2197,4215 2197,4155"/>
                    <TextEquiv>
                        <Unicode>unseres</Unicode>
                    </TextEquiv>
                </Word>
                <Word id="tr_1_tl_141_w3" custom="readingOrder {index:2;}">
                    <Coords points="2233,4157 2233,4217 2564,4217 2564,4157"/>
                    <TextEquiv>
                        <Unicode>Korrespondenten.</Unicode>
                    </TextEquiv>
                </Word>
                <TextEquiv>
                    <Unicode>Telegramm unseres Korrespondenten.</Unicode>
                </TextEquiv>
            </TextLine>
            <TextLine id="tr_1_tl_142" custom="readingOrder {index:141;}">
                <Coords points="1267,4223 1417,4219 1431,4232 1457,4219 1579,4213 1579,4179 1558,4175 1538,4182 1526,4172 1495,4193 1414,4173 1342,4182 1267,4173"/>
                <Baseline points="1274,4221 1299,4219 1325,4217 1351,4215 1376,4215 1402,4215 1428,4217 1453,4218 1479,4218 1505,4218 1530,4218 1556,4214 1582,4209"/>
                <Word id="tr_1_tl_142_w1" custom="readingOrder {index:0;}">
                    <Coords points="1272,4175 1272,4235 1445,4235 1445,4175"/>
                    <TextEquiv>
                        <Unicode>n</Unicode>
                    </TextEquiv>
                </Word>
                <Word id="tr_1_tl_142_w2" custom="readingOrder {index:1;}">
                    <Coords points="1493,4178 1493,4238 1556,4238 1556,4178"/>
                    <TextEquiv>
                        <Unicode>e</Unicode>
                    </TextEquiv>
                </Word>
                <TextEquiv>
                    <Unicode>n e</Unicode>
                </TextEquiv>
            </TextLine>
            <TextLine id="tr_1_tl_143" custom="readingOrder {index:142;}">
                <Coords points="584,4259 967,4259 967,4193 951,4185 853,4178 838,4189 736,4171 679,4193 629,4176 584,4188"/>
                <Baseline points="591,4221 616,4221 641,4221 666,4221 692,4221 717,4221 742,4222 767,4224 793,4222 818,4221 843,4221 868,4222 894,4223 919,4224 944,4224 970,4224"/>
                <Word id="tr_1_tl_143_w1" custom="readingOrder {index:0;}">
                    <Coords points="591,4183 591,4243 966,4243 966,4183"/>
                    <TextEquiv>
                        <Unicode>.</Unicode>
                    </TextEquiv>
                </Word>
                <TextEquiv>
                    <Unicode>.</Unicode>
                </TextEquiv>
            </TextLine>
            <TextEquiv>
                <Unicode></Unicode>
            </TextEquiv>
        </TextRegion>
    </Page>
</PcGts>
