3392 4320
237 315 257 375 2

390 320 967 380 Schnitzler's
1035 324 1265 384 Death

322 1497 386 1557 den
425 1497 528 1557 Sätze
578 1497 637 1557 der
692 1500 997 1560 „Unvollendeten
1051 1499 1198 1559 H-moll¬

329 1545 550 1605 Synphonie“
580 1543 643 1603 von
674 1545 791 1605 Franz
821 1544 1007 1604 Schubert.
1047 1546 1091 1606 Es
1121 1545 1194 1605 war

329 1588 378 1648 ein
419 1588 655 1648 künstlerisch
701 1592 942 1652 erhebender,
970 1591 1196 1651 stimmungs¬

327 1634 466 1694 reicher
498 1634 700 1694 Vorklang.
721 1634 840 1694 Worte
867 1637 1037 1697 Heinrich
1069 1637 1203 1697 Manns,

327 1680 384 1740 des
413 1680 643 1740 Präsidenten
677 1680 734 1740 der
758 1682 1132 1742 Literaturabteilung
1161 1683 1189 1743 in

324 1727 384 1787 der
427 1727 636 1787 Akademie,
674 1727 855 1787 schlossen
898 1730 967 1790 sich
1014 1729 1074 1789 an.
1117 1730 1186 1790 Der

331 1772 464 1832 Redner
494 1772 623 1832 feierte
657 1772 791 1832 Arthur
825 1775 1021 1835 Schnitzler
1051 1774 1098 1834 als
1132 1772 1199 1832 Ge¬

325 1817 448 1877 stalter
478 1816 536 1876 von
566 1816 669 1876 Liebe
699 1818 757 1878 und
792 1819 856 1879 Tod
886 1819 949 1879 und
974 1819 1190 1879 begründete

324 1862 387 1922 mit
420 1862 538 1922 diesem
593 1862 738 1922 polaren
785 1867 1094 1927 Zusammenhang
1136 1867 1190 1927 die

328 1909 496 1969 Einheit,
529 1908 589 1968 des
660 1912 972 1972 Schnitzlerschen
1042 1911 1196 1971 Lebens¬

329 1954 483 2014 werkes,
501 1953 532 2013 in
565 1952 715 2012 welchem
756 1957 1064 2017 Gefühlsrausch,
1083 1957 1201 2017 Angst

327 1999 388 2059 und
422 1999 651 2059 Bewußtheit
676 2002 771 2062 eines
800 2003 909 2063 nahen
938 2004 1052 2064 Endes
1077 2002 1186 2062 Glück

319 2044 386 2104 und
435 2046 622 2106 Schmerz,
666 2046 786 2106 Laune
840 2048 907 2108 und
960 2046 1191 2106 Melancholie

324 2091 748 2151 durcheinanderfließen
815 2094 949 2154 lassen.
1025 2092 1187 2152 Heinrich

331 2136 426 2196 Mann
455 2136 522 2196 wob
551 2137 632 2197 auch
666 2139 890 2199 persönliche
920 2139 1187 2199 Erinnerungen

326 2182 402 2242 ein.
446 2184 522 2244 Der
560 2184 737 2244 Eindruck
790 2186 914 2246 seiner
962 2187 1191 2247 Gedenkrede

329 2228 446 2288 wurde
474 2228 623 2288 dadurch
655 2231 736 2291 sehr
764 2231 886 2291 warm.

390 2283 451 2343 Die
498 2285 742 2345 Fehlingsche
795 2285 1184 2345 „Liebelei“-Inszenie

324 2330 414 2390 rung
447 2330 546 2390 sahen
583 2330 646 2390 wir
674 2330 805 2390 bereits
838 2330 896 2390 vor
924 2331 1023 2391 sechs
1051 2331 1200 2391 Jahren.

330 2378 399 2438 Der
430 2375 566 2435 knappe
591 2378 793 2438 Zeitraum,
814 2375 868 2435 der
894 2377 954 2437 dem
995 2377 1196 2437 Spielleiter

330 2423 391 2483 und
423 2423 479 2483 der
500 2423 732 2483 Darstellung
763 2423 820 2483 zur
851 2423 1057 2483 Verfügung
1083 2423 1202 2483 stand,

327 2467 388 2527 hat
420 2467 512 2527 wohl
534 2469 631 2529 nicht
657 2470 890 2530 ermöglicht,
911 2468 962 2528 die
988 2467 1195 2527 Grundlage

333 2513 390 2573 von
429 2512 524 2572 einem
568 2512 763 2572 Ueberfluß
812 2513 850 2573 an
894 2512 1118 2572 Schwermut
1153 2513 1190 2573 zu

330 2560 520 2620 entlasten.
566 2558 625 2618 Sie
666 2558 751 2618 geht
783 2557 822 2617 zu
863 2558 983 2618 direkt
1029 2560 1089 2620 auf
1134 2560 1194 2620 das

334 2605 504 2665 tragische
550 2605 630 2665 Ziel
661 2603 726 2663 aus
767 2604 832 2664 und
878 2605 994 2665 macht
1024 2604 1089 2664 von
1130 2604 1190 2664 den

329 2649 626 2709 Möglichkeiten,
648 2649 707 2709 der
745 2649 907 2709 düsteren
946 2650 1194 2710 Entwicklung

328 2694 379 2754 ein
441 2695 601 2755 Quantum
673 2694 920 2754 beweglichen
983 2697 1204 2757 Frohsinns,

336 2742 561 2802 wienerisene
601 2739 855 2799 Leichtigkeit
890 2742 1200 2802 voranzustellen,

327 2787 363 2847 zu
401 2787 602 2847 sparsamen
640 2787 851 2847 Gebrauch.
899 2787 962 2847 Die
995 2787 1195 2847 Darsteller

330 2832 387 2892 der
436 2832 695 2892 Hauptrollen,
733 2833 843 2893 Lucie
892 2835 1076 2895 Mannheim
1146 2832 1198 2892 als

330 2879 505 2939 Christine
554 2878 617 2938 und
666 2879 820 2939 Richard
869 2879 1098 2939 Duschinsky
1146 2878 1199 2938 als

330 2924 427 2984 Fritz
464 2924 697 2984 Lobheimer,
733 2927 903 2987 scheinen
956 2926 986 2986 in
1039 2926 1095 2986 ihr
1147 2922 1203 2982 be¬

326 2970 616 3030 dauernswertes
651 2972 842 3032 Schicksal
878 2971 916 3031 zu
951 2972 1035 3032 früh
1079 2970 1206 3030 einge¬

330 3014 454 3074 weiht.
490 3017 562 3077 Der
594 3017 744 3077 Student
770 3017 858 3077 ahnt
884 3017 920 3077 zu
957 3016 1102 3076 deutlich
1138 3017 1195 3077 den

327 3061 497 3121 tödlichen
558 3063 673 3123 Schuß
739 3064 859 3124 seines
915 3062 1206 3122 Duellgegners.

328 3106 510 3166 Christine
544 3106 643 3166 ihren
683 3108 921 3168 Selbstmord.
966 3108 1038 3168 Das
1071 3106 1204 3166 drückt

326 3154 392 3214 auf
417 3154 474 3214 dem
517 3154 646 3214 fidelen
680 3157 982 3217 Beisammensein
1012 3155 1040 3215 im
1083 3154 1193 3214 ersten

339 3202 428 3262 Akt.
471 3199 545 3259 Der
588 3201 740 3261 Eintritt
783 3202 840 3262 des
878 3202 1036 3262 fremden
1079 3200 1189 3260 Herrn

329 3247 510 3307 schneidet
545 3247 642 3307 nicht
677 3248 750 3308 eine
795 3250 1098 3310 Frohsinnswelle
1138 3248 1201 3308 ab;

335 3291 466 3351 Walter
492 3291 623 3351 Franck
654 3292 765 3352 spielt
785 3294 846 3354 das
872 3294 1043 3354 Szenchen
1074 3293 1200 3353 außer-

329 3339 391 3399 dem
429 3339 621 3399 unscharf.
665 3339 732 3399 Bei
756 3339 890 3399 alledem
943 3340 991 3400 ist
1025 3339 1077 3399 die
1116 3339 1202 3399 Mizi

333 3384 500 3444 Schlager
535 3382 593 3442 der
633 3383 740 3443 Maria
780 3387 936 3447 Paudler
971 3386 1079 3446 genau
1124 3387 1201 3447 das,

331 3428 402 3488 was
431 3429 627 3489 Schnitzler
656 3431 713 3491 bei
757 3432 819 3492 der
872 3432 1082 3492 Gestaltung
1135 3432 1197 3492 der

335 3479 610 3539 leichsinnigen,
634 3476 689 3536 für
723 3479 933 3539 Uniformen
961 3477 1199 3537 schwärmen¬

334 3521 393 3581 den
428 3523 584 3583 Modistin
619 3522 884 3582 vorschwebte.
904 3524 972 3584 Der
1007 3524 1095 3584 erste
1125 3524 1198 3584 Akt

337 3568 423 3628 wäre
456 3569 510 3629 von
543 3569 616 3629 hier
644 3571 702 3631 aus
731 3572 762 3632 zu
795 3572 1019 3632 revidieren.
1038 3572 1078 3632 Es
1107 3569 1202 3629 käme

329 3616 415 3676 auch
449 3617 506 3677 dem
574 3617 741 3677 Theodor
795 3617 856 3677 des
910 3617 1192 3677 Dichtersohnes

333 3662 498 3722 Heinrich
526 3664 730 3724 Schnitzler
758 3664 907 3724 zugute.
930 3665 973 3725 Er
1002 3664 1111 3724 bleibt
1134 3664 1200 3724 mit

1489 321 1624 381 box
1697 318 1894 378 44/1

1368 1372 1727 1432 abanunenang
1769 1372 1927 1432 zwischen
1970 1369 2114 1429 Sonnen¬

1243 1497 1359 1557 seinen
1393 1497 1695 1557 Humoranläufen
1733 1494 1788 1554 bei
1812 1494 1928 1554 soviel
1952 1494 2114 1554 Schwer¬

1244 1542 1318 1602 mut
1346 1542 1576 1602 Lobheimers
1604 1540 1759 1600 isoliert.

1306 1588 1370 1648 Die
1409 1587 1699 1647 Hauptwirkung
1745 1587 1995 1647 konzentriert
2040 1584 2108 1644 sich

1244 1634 1306 1694 auf
1335 1634 1393 1694 dem
1436 1634 1653 1694 Schlußakt,
1677 1630 1734 1690 der
1764 1630 1826 1690 von
1860 1631 1970 1691 Lucie
2000 1629 2120 1689 Mann-

1250 1680 1324 1740 heim
1371 1679 1557 1739 ungemein
1595 1678 1688 1738 stark
1730 1676 1889 1736 gespielt
1922 1676 2024 1736 wird.
2071 1673 2112 1733 Es

1245 1727 1374 1787 grenzt
1398 1726 1455 1786 ans
1484 1724 1704 1784 Uebermaß,
1724 1723 1805 1783 aber
1829 1721 1881 1781 die
1911 1721 2116 1781 Erschütte¬

1248 1772 1331 1832 rung
1376 1771 1425 1831 ist
1460 1770 1518 1830 da,
1553 1769 1632 1829 läßt
1662 1769 1730 1829 sich
1775 1768 1878 1828 durch
1922 1766 2109 1826 Bedenken

1249 1816 1344 1876 nicht
1369 1815 1691 1875 wegdiskutieren.
1707 1813 1777 1873 Für
1808 1813 1913 1873 Vater
1943 1812 2119 1872 Weiring,

1250 1861 1307 1921 den
1341 1862 1398 1922 vor
1428 1860 1528 1920 sechs
1557 1859 1686 1919 Jahren
1726 1858 1826 1918 Jacob
1860 1858 2008 1918 Tiedtke
2038 1855 2119 1915 sehr

1251 1909 1404 1969 wirksam
1449 1906 1596 1966 spielte,
1627 1906 1730 1966 stellt
1766 1904 1839 1964 Max
1889 1903 1982 1963 Pohl
2018 1903 2111 1963 seme

1250 1953 1307 2013 vom
1365 1954 1462 2014 Ater
1503 1952 1790 2012 unerschütterte
1839 1949 2126 2009 schauspieleri¬

1246 2000 1325 2060 sche
1355 1998 1660 2058 Ueberlegenheit
1686 1998 1744 2058 zur
1774 1996 2011 2056 Verfügung.
2051 1993 2115 2053 Die

1246 2046 1424 2106 Episoden
1452 2044 1511 2104 der
1533 2046 1624 2106 Frau
1652 2045 1782 2105 Binder
1809 2043 1923 2103 belebt
1945 2040 2112 2100 Mathilde

1249 2091 1398 2151 Sussin.

1314 2145 1383 2205 Dor
1419 2145 1555 2205 Glaube
1596 2144 1630 2204 an
1671 2142 1731 2202 das
1767 2141 1872 2201 Werk
1918 2142 1978 2202 kam
2029 2139 2109 2199 auch

1255 2191 1401 2251 diesmal
1429 2193 1488 2253 zum
1537 2190 1786 2250 Durchbruch.
1847 2190 1944 2250 Emil
1966 2187 2117 2247 Faktor.

1311 2303 1724 2363 Schnitzler-Gedenkfeier
1779 2302 1858 2362 auch
1917 2300 1946 2360 im
2016 2300 2119 2360 Burg¬

1249 2351 1389 2411 theater.
1417 2349 1484 2409 Das
1508 2347 1634 2407 Wiener
1657 2348 1875 2408 Burgtheater
1903 2345 1956 2405 gab
1984 2345 2038 2405 zur
2061 2345 2120 2405 Ge¬

1248 2396 1415 2456 denkfeier
1444 2394 1495 2454 für
1528 2393 1649 2453 Arthur
1678 2393 1855 2453 Schnitzler
1883 2392 1948 2452 eine
1982 2392 2125 2452 Auffüh¬

1248 2440 1326 2500 rung
1366 2442 1420 2502 des
1455 2439 1627 2499 Einakters
1662 2439 1756 2499 „Die
1791 2437 1968 2497 letzten
2008 2437 2125 2497 Mas-

1251 2487 1343 2547 ken“
1381 2486 1447 2546 mit
1480 2484 1531 2544 den
1569 2485 1811 2545 Schauspielern
1855 2485 1999 2545 Auguste
2037 2482 2125 2542 Pün¬

1254 2531 1367 2591 kösdy,
1387 2530 1564 2590 Ferdinand
1599 2530 1701 2590 Onno,
1722 2529 1809 2589 Hans
1840 2530 1928 2590 Marr
1958 2527 2012 2587 und
2042 2527 2125 2587 Paul

1253 2579 1446 2639 Hartmann.
1485 2577 1550 2637 Aus
1576 2576 1627 2636 der
1654 2576 1937 2636 Geschlossenheit
1964 2575 2122 2635 entfernte

1256 2624 1311 2684 sich
1340 2626 1404 2686 bloß
1433 2624 1488 2684 das
1512 2623 1716 2683 verwienerte
1740 2623 1847 2683 „Spiel
1866 2622 1912 2682 ins
1936 2620 2117 2680 Publikum“

1249 2670 1301 2730 des
1331 2670 1431 2730 Herrn
1461 2670 1566 2730 Heim.
1601 2668 1682 2728 Nach
1716 2667 1769 2727 dem
1813 2667 1947 2727 Vortrag
1981 2666 2034 2726 der
2058 2666 2125 2726 Un¬

1254 2715 1449 2775 vollendeten
1481 2714 1653 2774 Schuberts
1685 2712 1772 2772 durch
1808 2712 1858 2772 die
1891 2712 2126 2772 Philharmoni¬

1255 2763 1306 2823 ker
1330 2763 1418 2823 durch
1447 2762 1590 2822 Clemens
1615 2760 1716 2820 Krauß
1745 2760 1856 2820 sprach
1885 2760 1968 2820 Raul
1988 2760 2117 2820 Aslan

1249 2810 1298 2870 die
1349 2809 1621 2869 Gedächtnisrede
1671 2808 1767 2868 Oscar
1797 2808 1928 2868 Maurus
1959 2807 2124 2867 Fonta¬

1253 2857 1343 2917 nas.
1398 2855 1566 2915 Fontanas
1608 2852 1712 2912 Rede,
1744 2854 1817 2914 zart
1858 2853 1885 2913 in
1931 2852 1985 2912 der
2017 2852 2130 2912 Form,

1254 2900 1362 2960 tapfer
1402 2900 1431 2960 in
1476 2900 1564 2960 ihren
1604 2900 1791 2960 Gedanken,
1826 2900 1884 2960 ließ
1930 2899 2140 2959 Schnitzlers,

1257 2948 1318 3008 Bild
1350 2949 1402 3009 aus
1428 2948 1531 3008 seinem
1573 2948 1682 3008 Geiste
1708 2948 1869 3008 erstehen.

1311 3058 1488 3118 Seltsamer
1513 3058 1676 3118 Konflikt.
1705 3058 1738 3118 In
1763 3056 1815 3116 der
1840 3058 1974 3118 Tribüne
1999 3055 2118 3115 werden

1254 3105 1295 3165 die
1324 3106 1571 3166 Vorstellungen
1600 3103 1651 3163 der
1675 3103 1815 3163 „Jungen
1844 3103 1956 3163 Liebe“
1984 3102 2035 3162 auf
2055 3100 2129 3160 Ver-

1253 3151 1425 3211 anlassung
1457 3151 1511 3211 von
1544 3151 1716 3211 Professor
1744 3151 1866 3211 Robert
1890 3148 2035 3208 plötzlich
2067 3147 2126 3207 ab¬

1254 3199 1448 3259 gebrochen.
1480 3196 1543 3256 Der
1567 3196 1671 3256 Grund
1698 3196 1775 3256 liegt
1798 3196 1820 3256 in
1848 3196 1934 3256 einem
1975 3193 2120 3253 Konflikt

1254 3244 1309 3304 mit
1338 3243 1388 3303 der
1412 3242 1655 3302 Zentralstelle,
1674 3241 1720 3301 die
1748 3241 1794 3301 die
1818 3241 2116 3301 Tantièmenrechte

1254 3289 1307 3349 der
1340 3289 1480 3349 Autoren
1517 3287 1662 3347 vertritt.
1717 3285 1771 3345 Die
1808 3287 2030 3347 Zentralstelle
2076 3284 2130 3344 be¬

1254 3336 1384 3396 streitet
1408 3336 1463 3396 mit
1487 3333 1571 3393 einem
1613 3333 1692 3393 Male
1716 3331 1776 3391 Dr.
1796 3332 1911 3392 Robert
1936 3333 1991 3393 das
2015 3333 2131 3393 Recht,

1255 3381 1300 3441 die
1328 3384 1450 3444 „Junge
1477 3379 1590 3439 Liebe“
1618 3378 1849 3438 aufzuführen,
1872 3377 1944 3437 weil
1967 3377 2016 3437 der
2044 3375 2121 3435 Ver¬

1251 3426 1323 3486 trag
1350 3427 1409 3487 mit
1436 3426 1495 3486 Dr.
1514 3424 1600 3484 Klein
1632 3423 1831 3483 geschlossen
1859 3423 1922 3483 sei.
1959 3423 2126 3483 Bekannt¬

1254 3471 1305 3531 lich
1336 3470 1400 3530 war
1422 3472 1542 3532 damals
1564 3470 1589 3530 im
1629 3468 1869 3528 gegenseitigen
1895 3469 2127 3529 Einverständ¬

1254 3520 1298 3580 nis
1326 3517 1380 3577 das
1403 3516 1453 3576 von
1481 3515 1544 3575 Dr.
1563 3516 1649 3576 Klein
1676 3513 1789 3573 bereits
1813 3512 1999 3572 abgesetzte
2026 3515 2117 3575 Stück

1253 3566 1385 3626 „unge
1412 3562 1523 3622 Liebe“
1554 3561 1607 3621 von
1634 3560 1753 3620 Robert
1775 3560 2023 3620 übernommen,
2041 3560 2124 3620 wäh¬

1251 3606 1323 3666 rend
1355 3608 1441 3668 Klein
1468 3609 1513 3669 die
1541 3608 1882 3668 „Waaterloobrücke“
1909 3608 1954 3668 ins
1978 3607 2127 3667 Lessing¬

1257 3659 1382 3719 theater
1412 3662 1522 3722 nahm.
1573 3659 1643 3719 Für
1674 3659 1758 3719 beide
1789 3656 1909 3716 Stücke
1940 3658 2035 3718 sollen
2070 3653 2120 3713 die

2752 1025 3004 1085 VER

2294 1043 2629 1103 OBSI

2382 1099 2407 1159 I.
2421 1094 2545 1154 österr.
2554 1091 2699 1151 behördl.
2712 1081 3008 1141 konzessioniertes

2345 1139 2580 1199 Unternehmen
2611 1130 2654 1190 für
2677 1123 3059 1183 Zeitungs-Ausschnitte

2189 1261 2449 1321 Berliner
2488 1255 2946 1315 Montagspost,
2966 1246 3152 1306 Berlin

2384 1538 2470 1598 Zu
2529 1533 2954 1593 Schnitzlers

2468 1619 2890 1679 Gedächtnis

2400 1688 2519 1748 Feier
2548 1691 2581 1751 im
2628 1688 2945 1748 Staatstheaten

2315 1762 2513 1822 Versammelt
2536 1758 2580 1818 die
2604 1760 2716 1820 Spitzen
2751 1759 2795 1819 des
2824 1757 2954 1817 geistigen
2988 1755 3106 1815 Berlin.

2256 1805 2315 1865 Der
2350 1805 2428 1865 Blick
2458 1805 2546 1865 dreht
2581 1803 2630 1863 von
2670 1802 2783 1862 Döblin
2823 1801 2877 1861 und
2917 1799 3010 1859 Fulda
3050 1799 3099 1859 den

2251 1850 2335 1910 ersten
2370 1849 2454 1909 Rang
2479 1849 2598 1909 entlang
2628 1846 2652 1906 zu
2683 1845 2816 1905 Redslob
2846 1843 2900 1903 und
2926 1843 3015 1903 Löbe.
3035 1843 3094 1903 Dem

2260 1894 2554 1954 Gedächtnisabend,
2569 1891 2617 1951 den
2657 1887 2701 1947 die
2736 1887 3029 1947 Generalintendanz
3059 1884 3108 1944 ge¬

2261 1936 2386 1996 meinsam
2432 1934 2487 1994 mit
2518 1930 2568 1990 der
2604 1930 2765 1990 Abteilung
2801 1928 2851 1988 für
2882 1930 3023 1990 Dichtung
3058 1926 3108 1986 der

2260 1978 2413 2038 Akademie
2446 1975 2495 2035 der
2532 1975 2640 2035 Künste
2673 1973 2900 2033 veranstaltete,
2923 1972 3109 2032 präludierte

2257 2019 2338 2079 ernst
2368 2019 2420 2079 und
2455 2017 2627 2077 schmerzlich
2662 2017 2710 2077 die
2739 2014 2989 2074 „Unvollendete"
3023 2011 3119 2071 Schu¬

2257 2064 2355 2124 berts,
2370 2064 2493 2124 gespielt
2513 2061 2567 2121 von
2592 2062 2641 2122 der
2661 2061 2882 2121 Staatskapelle
2907 2058 2991 2118 unter
3011 2058 3114 2118 Zem¬

2259 2106 2423 2166 linsky.

2319 2148 2402 2208 Dann
2435 2148 2534 2208 redete
2566 2148 2755 2208 Heinrich
2787 2145 2939 2205 Mann,
2966 2144 3102 2204 ergriffen

2260 2196 2317 2256 und
2351 2193 2475 2253 zugleich
2505 2193 2696 2253 beschwingt,
2721 2189 2812 2249 darum
2860 2187 3018 2247 ergreifend
3057 2183 3109 2243 und

2259 2236 2495 2296 beschwingend,
2523 2233 2577 2293 wie
2609 2231 2637 2291 es
2673 2232 2723 2292 dem
2769 2231 2919 2291 Gedenken
2956 2229 2987 2289 an
3029 2228 3110 2288 einen

2260 2280 2363 2340 großen
2402 2276 2520 2336 Dichter
2550 2275 2677 2335 ansteht:
2707 2273 2775 2333 Was
2810 2273 2922 2333 Arthur
2952 2273 3108 2333 Schnitzler

2260 2321 2446 2381 zurückläßt,
2462 2318 2501 2378 ist
2526 2318 2624 2378 Liebe.
2654 2318 2801 2378 Niemand
2832 2317 2880 2377 hat
2905 2318 2949 2378 die
2980 2315 3117 2375 Kostbar¬

2263 2367 2316 2427 keit
2353 2364 2412 2424 und
2448 2363 2493 2423 die
2530 2362 2774 2422 Gebrechlichkeit
2807 2360 2924 2420 unserer
2965 2359 3114 2419 wahrhaft

2263 2409 2384 2469 erlebten
2431 2407 2571 2467 Stunden
2619 2405 2778 2465 fühlbarer
2816 2403 2946 2463 gemacht
2984 2402 3030 2462 als
3073 2402 3119 2462 er.

2250 2450 2337 2510 Trotz
2374 2453 2447 2513 allem
2502 2449 2589 2509 aber,
2622 2449 2685 2509 was
2727 2448 2772 2508 die
2810 2446 2901 2506 Seele
2939 2443 3107 2503 beschweren

2260 2497 2350 2557 kann,
2375 2493 2451 2553 blieb
2490 2492 2538 2552 der
2572 2492 2643 2552 reife
2673 2491 2768 2551 Mann
2807 2488 2898 2548 heiter
2932 2488 2984 2548 und
3023 2488 3118 2548 leicht.

2272 2539 2334 2599 Doch
2368 2538 2458 2598 nichts
2492 2536 2530 2596 ist
2554 2536 2582 2596 so
2612 2534 2803 2594 erschütternd
2837 2532 2889 2592 wie
2923 2532 2975 2592 das
3004 2531 3109 2591 Altern

2270 2581 2456 2641 Schnitzlers.
2491 2578 2550 2638 Die
2585 2578 2776 2638 Uebergänge
2806 2576 2855 2636 des
2890 2575 3046 2635 Unglücks,
3076 2574 3115 2634 oft

2265 2626 2314 2686 von
2349 2626 2393 2686 ihm
2438 2623 2620 2683 dargestellt,
2636 2622 2699 2682 jetzt
2724 2619 2813 2679 trafen
2848 2617 2876 2677 sie
2907 2617 3030 2677 wörtlich
3065 2617 3123 2677 ein.

2267 2670 2372 2730 Zuletzt
2402 2667 2478 2727 blieb
2512 2664 2545 2724 er
2574 2664 2670 2724 einsam
2714 2663 2742 2723 in
2776 2661 2867 2721 seinem
2911 2659 3011 2719 Haus.
3045 2658 3116 2718 Leer

2270 2712 2326 2772 und
2354 2712 2512 2772 unwürdig
2541 2709 2624 2769 schien
2657 2708 2703 2768 ihm
2746 2706 2787 2766 die
2816 2705 2899 2765 ganze
2927 2703 2997 2763 neue
3025 2703 3118 2763 Wirk¬

2272 2754 2391 2814 lichkeit.
2430 2751 2506 2811 Aber
2540 2750 2568 2810 er
2597 2749 2669 2809 hielt
2698 2748 2774 2808 stand
2813 2748 2865 2808 und
2899 2748 2989 2808 kehrte
3018 2745 3118 2805 zurück

2269 2804 2297 2864 zu
2331 2797 2422 2857 seiner
2456 2793 2575 2853 Arbeit.
2605 2790 2647 2850 Er
2676 2792 2748 2852 nahm
2796 2790 2926 2850 Abschied
2960 2790 3012 2850 mit
3036 2789 3117 2849 jener

2269 2840 2479 2900 unheimlichen
2514 2837 2638 2897 „Flucht
2663 2836 2686 2896 in
2725 2835 2768 2895 die
2797 2832 2998 2892 Finsternis".
3028 2830 3113 2890 Dann

2269 2882 2323 2942 fiel
2348 2882 2377 2942 er
2407 2881 2441 2941 am
2486 2879 2673 2939 Schreibtisch
2703 2878 2772 2938 hin,
2792 2878 2836 2938 als
2866 2876 2964 2936 einer,
2984 2876 3033 2936 der
3063 2876 3117 2936 sein

2271 2924 2359 2984 Werk
2379 2924 2463 2984 getan
2492 2921 2585 2981 hatte.

2332 2969 2395 3029 Mit
2422 2965 2470 3025 der
2502 2966 2693 3026 Aufführung
2726 2966 2773 3026 der
2806 2961 3055 3021 „Liebelei",
3072 2960 3119 3020 des

2277 3011 2539 3071 volkstümlichsten
2574 3009 2683 3069 Werkes
2712 3008 2760 3068 des
2789 3006 2937 3066 Dichters,
2956 3005 3042 3065 schloß
3071 3004 3118 3064 der

2282 3055 2394 3115 Abend.
2426 3054 2517 3114 Unter
2544 3052 2754 3112 Fehlings
2780 3051 2918 3111 Leitung,
2939 3049 2965 3109 im
3001 3046 3124 3106 Plüsch¬

2277 3097 2426 3157 möbelstil
2450 3095 2508 3155 und
2542 3095 2566 3155 in
2600 3094 2802 3154 altmodischen
2836 3091 2971 3151 Kleidern
3005 3091 3130 3151 gespielt

2284 3143 2333 3203 von
2368 3142 2416 3202 den
2451 3142 2564 3202 Damen
2604 3141 2874 3201 Mannheim,
2899 3139 3036 3199 Paudlec
3066 3135 3125 3195 und

2270 3211 2388 3271 Sussin,
2410 3214 2461 3274 den
2497 3211 2605 3271 Herren
2637 3211 2823 3271 Duschinsky,
2844 3211 2968 3271 Franck,
2989 3208 3118 3268 Schnitz¬

2270 3253 2330 3313 lers
2354 3253 2433 3313 Sohn
2462 3253 2596 3313 Heinrich
2620 3255 2695 3315 und,
2714 3255 2765 3315 mit
2789 3252 2942 3312 besonders
2966 3252 3119 3312 eindring¬

2268 3296 2353 3356 licher
2378 3296 2536 3356 Wirkung,
2556 3297 2603 3357 dem
2642 3297 2718 3357 alten
2752 3297 2819 3357 Max
2848 3297 2977 3357 Pohl,
3002 3297 3059 3357 war
3084 3296 3116 3356 sie

2270 3339 2324 3399 wie
2352 3340 2415 3400 eine
2438 3339 2728 3399 schwermütig=süße
2751 3339 2942 3399 Erinnerung
2974 3339 3005 3399 an
3033 3337 3114 3397 jenes

2272 3383 2365 3443 Wien,
2391 3384 2450 3444 mit
2480 3384 2529 3444 dem
2579 3384 2628 3444 der
2658 3384 2746 3444 junge
2782 3384 2940 3444 Schnitzler
2970 3382 2999 3442 so
3030 3381 3118 3441 innig

2990 3423 3082 3483 AM.

2273 3429 2449 3489 verwachsen
2485 3427 2564 3487 war.
