3392 4320
318 243 889 303 Schnitzler's
958 243 1186 303 Deatl

465 675 1180 735 OBSERVER

546 727 573 787 I.
586 727 707 787 österr.
721 733 872 793 behördl.
886 739 1184 799 konzessioniertes

499 769 737 829 Unternehmen
770 772 815 832 für
843 780 1228 840 Zeitungs-Ausschnitte

553 828 703 888 WIEN,
731 834 778 894 I.,
807 839 1093 899 WOLLZEILE
1135 843 1182 903 11

643 882 866 942 TELEPHON
905 891 1078 951 R-23-0-43

442 1020 667 1080 Ausschnitt
691 1025 785 1085 aus:

663 1103 723 1163 Die
757 1112 971 1172 Eteratur,
988 1121 1191 1181 Stangart

441 1242 551 1302 vom:

932 1263 1008 1323 N3

678 1416 817 1476 Arthur
842 1419 1040 1479 Schnitzler

383 1483 439 1543 „Es
463 1483 570 1543 gebört
594 1485 646 1545 zur
670 1489 791 1549 Kadenz
815 1492 909 1552 seines
938 1492 1069 1552 Lebens,
1088 1497 1140 1557 daß
1169 1497 1196 1557 es
1225 1499 1248 1559 in
1281 1499 1328 1559 der

387 1536 491 1596 lieblich
519 1539 669 1599 traurigen
701 1545 842 1605 Jahrzeit
865 1547 915 1607 der
938 1548 1024 1608 Reife
1052 1549 1101 1609 und
1134 1551 1179 1611 des
1206 1552 1333 1612 Erfüllt¬

383 1590 459 1650 seins
478 1593 596 1653 erlosch.
610 1596 674 1656 Das
697 1599 847 1659 Gleichnis
866 1599 915 1659 des
934 1605 1166 1665 Vergänglichen
1189 1607 1325 1667 schwebte

374 1643 444 1703 über
473 1644 524 1704 dem
572 1645 694 1705 Wirbel
719 1651 770 1711 der
803 1653 873 1713 Lust
898 1654 996 1714 seiner
1025 1658 1223 1718 Weltkinder,
1247 1663 1321 1723 seine

379 1701 623 1761 zartgefingerten
664 1706 903 1766 Kammerspiele
934 1708 1054 1768 bohrten
1090 1712 1143 1772 den
1179 1715 1240 1775 Tod
1272 1718 1334 1778 an,

382 1752 431 1812 das
455 1754 535 1814 Ende
554 1755 617 1815 war
636 1758 713 1818 schon
740 1761 786 1821 ihr
809 1765 944 1825 Beginn.
959 1765 1117 1825 Schnitzler
1140 1769 1257 1829 wußte,
1272 1772 1325 1832 wie

374 1805 413 1865 die
444 1805 522 1865 Welt
548 1809 641 1869 seines
671 1813 820 1873 Anatols,
840 1817 934 1877 seines
964 1819 1058 1879 „süßen
1088 1822 1241 1882 Mädels',
1262 1822 1306 1882 ihm

372 1861 451 1921 schon
483 1864 752 1924 vorausgegangen
783 1871 862 1931 war.
880 1870 919 1930 Er
942 1873 1074 1933 bewegte
1097 1873 1140 1933 sich
1172 1876 1228 1936 wie
1251 1876 1326 1936 Hof¬

372 1917 557 1977 mannsthal
579 1919 601 1979 in
632 1921 685 1981 der
712 1924 831 1984 eigenen
862 1926 1008 1986 Historie,
1031 1930 1101 1990 denn
1132 1930 1198 1990 auch
1230 1930 1322 1990 dieses

379 1969 453 2029 Wien
482 1975 707 2035 Grillparzers,
722 1978 848 2038 künstlich
877 1981 1050 2041 verlängert
1070 1983 1111 2043 als
1140 1984 1196 2044 das
1220 1987 1322 2047 Capua

370 2023 423 2083 der
450 2028 635 2088 Geister...
657 2031 847 2091 entnervend
874 2033 958 2093 weht
985 2035 1046 2095 dein
1078 2037 1302 2097 Sonnenbauch

372 2079 415 2139 sah
439 2079 463 2139 er
478 2082 688 2142 sakularisiert.
698 2085 812 2145 Beide,
822 2090 1066 2150 Hofmannsthal
1076 2090 1128 2150 und
1148 2094 1325 2154 Schnitzler,

366 2133 507 2193 verstrickt
526 2136 548 2196 in
576 2136 621 2196 den
649 2141 863 2201 Niedergang,
877 2143 927 2203 das
950 2145 1128 2205 Gleitende,
1147 2148 1324 2208 verzauber¬

367 2187 411 2247 ten
439 2189 484 2249 den
507 2191 693 2251 Augenblick.
707 2195 870 2255 Jedweder
888 2196 969 2256 hörte
988 2198 1010 2258 zu
1038 2201 1115 2261 jeder
1133 2202 1251 2262 Stunde
1274 2203 1314 2263 die

365 2243 506 2303 Stimme
533 2247 789 2307 „Jedermanns“.
808 2250 898 2310 Nicht
921 2250 980 2310 mit
1004 2251 1053 2311 dem
1099 2254 1190 2314 letzten
1227 2258 1327 2318 Ernst,

365 2296 439 2356 denn
471 2295 514 2355 bei
537 2300 696 2360 Schnitzler
723 2300 793 2360 wird
820 2301 868 2361 das
900 2303 992 2363 Leben
1023 2306 1089 2366 kaum
1129 2306 1173 2366 als
1200 2310 1297 2370 Traum

365 2351 528 2411 ersonnen,
551 2354 673 2414 sondern
715 2354 760 2414 als
792 2359 1019 2419 Theaterspiel:
1046 2362 1200 2422 „Liebeln,
1223 2365 1318 2425 Ster¬

365 2405 428 2465 beln
456 2405 510 2465 und
537 2407 850 2467 Komödienspielen.
869 2412 914 2472 So
942 2412 1000 2472 sehr
1024 2414 1087 2474 war
1110 2417 1160 2477 das
1183 2418 1314 2478 Theater

366 2456 438 2516 schon
472 2458 514 2518 die
539 2460 664 2520 stärkere
693 2462 751 2522 und
780 2465 1030 2525 faszinierendere
1059 2470 1247 2530 Wirklichkeit
1271 2474 1314 2534 als

365 2512 406 2572 die
430 2515 518 2575 müde
537 2516 690 2576 Substanz
710 2517 760 2577 des
784 2520 914 2580 Lebens.
933 2523 1073 2583 Überall,
1087 2524 1124 2584 wo
1152 2527 1310 2587 Schnitzler

361 2566 449 2626 tiefer
468 2569 584 2629 ansetzt,
594 2569 678 2629 spürt
697 2571 757 2631 man
785 2572 836 2632 den
860 2575 976 2635 Vorzug
1005 2576 1093 2636 seines
1122 2581 1233 2641 Lebens
1252 2581 1307 2641 und

361 2620 452 2680 seiner
477 2623 636 2683 Herkunft.
655 2625 746 2685 Wäre
771 2628 823 2688 sein
853 2628 949 2688 Vater
974 2629 1050 2689 nicht
1075 2632 1142 2692 Arzt
1162 2635 1320 2695 gewesen,

361 2673 437 2733 hätte
462 2673 486 2733 er
510 2675 582 2735 nicht
602 2678 697 2738 selber
717 2679 847 2739 Medizin
872 2682 1010 2742 studiert,
1025 2684 1083 2744 mit
1102 2685 1309 2745 gründlichster

366 2727 580 2787 Vorbereitung
604 2733 645 2793 als
665 2734 879 2794 mehrjäbriger
898 2738 1029 2798 Assistent
1043 2739 1066 2799 im
1099 2743 1300 2803 Allgemeinen

356 2784 571 2844 Krankenhaus
601 2787 619 2847 in
654 2787 735 2847 Wien
765 2790 822 2850 und
851 2790 894 2850 als
918 2792 1057 2852 Assistent
1077 2793 1129 2853 der
1154 2799 1307 2859 Poliklinik

353 2836 410 2896 und
437 2838 543 2898 endlich
570 2840 614 2900 als
641 2841 836 2901 ausübender
863 2846 1000 2906 Arzt...
1023 2847 1080 2907 wer
1107 2849 1200 2909 weiß,
1218 2850 1244 2910 ob
1276 2854 1306 2914 er

355 2890 471 2950 gelernt
500 2893 598 2953 hätte,
622 2897 776 2957 Menschen
810 2897 851 2957 als
884 2900 1025 2960 Abbilder
1054 2902 1100 2962 des
1133 2903 1250 2963 Lebens
1279 2904 1301 2964 so

354 2945 483 3005 herzecht
504 2947 556 3007 auf
581 2948 624 3008 die
653 2949 764 3009 Bühne
794 2953 817 3013 zu
847 2955 977 3015 stellen."
1007 2956 1122 3016 Eduard
1151 2961 1310 3021 Korrodi

361 2996 415 3056 (N.
438 2999 510 3059 Zür.
527 3000 593 3060 Ztg.
606 3000 716 3060 2001).

356 3056 419 3116 „Ich
447 3055 564 3115 besinne
588 3056 679 3116 mich,
693 3059 724 3119 um
766 3062 857 3122 etwas
880 3064 934 3124 von
957 3064 1007 3124 den
1035 3066 1153 3126 Dingen
1176 3067 1303 3127 wieder¬

356 3107 504 3167 zugeben,
523 3110 565 3170 die
589 3113 751 3173 Schnitzler
780 3116 835 3176 mir
859 3118 882 3178 in
915 3120 956 3180 all
976 3121 1027 3181 den
1060 3121 1166 3181 Jahren
1200 3124 1297 3184 gesagt

361 3214 435 3274 hat,
454 3217 486 3277 ich
520 3220 627 3280 denke,
646 3223 824 3283 manchmal
848 3225 871 3285 in
904 3226 955 3286 der
984 3229 1110 3289 Absict,
1129 3229 1167 3289 ich
1200 3232 1307 3292 möchte

366 3267 402 3327 sie
429 3269 488 3329 nach
515 3273 606 3333 seinem
647 3275 728 3335 Tode
756 3279 1018 3339 niederschreiben.
1036 3281 1113 3341 Aber
1132 3285 1168 3345 ich
1195 3286 1303 3346 komme

362 3321 416 3381 von
448 3324 493 3384 dem
534 3327 670 3387 Eindruck
694 3331 743 3391 des
771 3332 939 3392 allerletzten
966 3335 1129 3395 Gesprächs
1157 3339 1230 3399 nicht
1253 3340 1307 3400 los.

362 3375 395 3435 Es
420 3379 492 3439 sieht
512 3382 700 3442 nachträglich
724 3385 782 3445 fast
797 3387 975 3447 gespenstisch
1005 3392 1077 3452 aus.
1092 3393 1154 3453 Wie
1174 3394 1304 3454 sprachen

363 3432 426 3492 eine
454 3434 535 3494 halbe
559 3436 680 3496 Stunde
704 3440 753 3500 vom
795 3444 1017 3504 Spiritismus,
1031 3446 1080 3506 von
1108 3447 1158 3507 der
1176 3448 1312 3508 Wieder=

366 3486 423 3546 kehr
452 3486 515 3546 nach
549 3489 596 3549 dem
645 3493 750 3553 Tode!
775 3496 953 3556 (Schnitzler
982 3499 1068 3559 zeigte
1098 3498 1189 3558 dieser
1218 3502 1309 3562 Lehre

355 3542 532 3602 gegenüber
557 3544 601 3604 die
626 3545 739 3605 tiefste,
759 3548 823 3608 eine
848 3550 980 3610 ärztliche
1006 3553 1123 3613 Skepsis
1153 3556 1207 3616 und
1237 3556 1300 3616 de)

359 3593 467 3653 wieder
492 3597 553 3657 eine
577 3599 633 3659 Art
653 3600 851 3660 Sehnsucht-

359 3650 419 3710 Wir
443 3653 574 3713 sprachen
603 3658 653 3718 von
687 3660 757 3720 allen
791 3662 907 3722 unseren
936 3664 1156 3724 gemeinsamen
1189 3667 1306 3727 Freun¬

359 3706 431 3766 den,
453 3709 509 3769 und
539 3709 573 3769 ich
608 3712 706 3772 werde
737 3714 878 3774 manchem
926 3716 977 3776 von
1012 3717 1098 3777 ihnen
1133 3720 1197 3780 eine
1227 3721 1300 3781 letzte

361 3761 509 3821 Botschaft
533 3763 556 3823 zu
585 3768 780 3828 übermitteln
808 3771 920 3831 haben,
939 3773 990 3833 nur
1014 3773 1116 3833 Worte
1140 3777 1186 3837 der
1210 3780 1307 3840 Güte,

358 3817 407 3877 des
433 3820 591 3880 Versteben

355 3870 394 3930 Er
410 3875 493 3935 war,
508 3877 552 3937 bei
567 3879 606 3939 all
626 3880 714 3940 seinem
754 3883 916 3943 beißenden
942 3887 1025 3947 Witz,
1040 3888 1148 3948 immer
1168 3888 1187 3948 so
1212 3893 1296 3953 milde

355 3930 376 3990 im
420 3930 592 3990 Beurteilen
625 3936 777 3996 einzelner
799 3939 971 3999 Menschen.
994 3943 1106 4003 2harf
1129 3945 1231 4005 wurde
1253 3948 1307 4008 er,

358 3981 442 4041 wenn
465 3984 493 4044 er
516 3986 566 4046 von
596 3990 833 4050 Institutionen,
851 3996 986 4056 Massen,
1004 3998 1292 4058 Zeiterscheinungen

354 4035 471 4095 retete.
510 4041 620 4101 Arnold
651 4047 873 4107 Hoellriegel
903 4050 954 4110 V.
970 4050 1006 4110 T.
1022 4048 1102 4108 502.

362 4094 557 4154 „Einsamkeit
581 4100 633 4160 de,
656 4103 815 4163 Menschen
846 4106 1102 4166 untereinander,
1125 4107 1139 4167 3

1414 240 1542 300 box
1624 243 1856 303 43/15

1362 3235 1516 3295 träumte.
1530 3238 1614 3298 Ibsen
1638 3238 1708 3298 hielt
1722 3241 1904 3301 Gerichtstag
1928 3244 1984 3304 mit
1999 3242 2045 3302 der
2064 3247 2246 3307 Menschbeit
2261 3250 2307 3310 ab.

1369 3288 1527 3348 Schnitzler
1556 3291 1661 3351 feierte
1695 3294 1987 3354 Versohnungsfeste
2026 3299 2084 3359 mit
2118 3300 2165 3360 dem
2223 3303 2309 3363 Leid,

1366 3342 1417 3402 mit
1436 3344 1486 3404 der
1506 3347 1678 3407 Schwäche,
1692 3348 1743 3408 mit
1762 3348 1808 3408 dem
1847 3351 1925 3411 Tod.
1940 3354 2028 3414 Ibsen
2052 3354 2177 3414 forderte
2201 3356 2303 3416 Moral

1368 3399 1410 3459 für
1429 3399 1470 3459 die
1494 3400 1602 3460 Seele.
1616 3402 1770 3462 Schnitzler
1789 3404 1985 3464 rechtfertigte
2005 3405 2046 3465 die
2070 3407 2159 3467 Seele
2178 3409 2224 3469 für
2243 3410 2303 3470 ihre

1355 3453 1523 3513 moralische
1561 3457 1739 3517 Schwäche.
1778 3457 1843 3517 Der
1877 3461 2049 3521 Mediziner
2088 3463 2219 3523 begreift
2257 3464 2298 3524 die

1355 3506 1514 3566 Schwäche
1543 3508 1637 3568 besser
1665 3510 1707 3570 als
1736 3510 1778 3570 die
1816 3513 1942 3573 Stärke.
1971 3514 2027 3574 Die
2060 3518 2295 3578 Psychoanalyse

1361 3557 1475 3617 sordert
1498 3562 1585 3622 nicht.
1612 3565 1670 3625 Sie
1701 3566 1824 3626 versteht
1856 3567 1926 3627 alles
1957 3567 2014 3627 und
2041 3572 2169 3632 verzeiht
2196 3572 2284 3632 alles.

1363 3614 1517 3674 Bernbard
1543 3618 1697 3678 Diebold
1723 3620 1857 3680 (Frankf.
1882 3622 1947 3682 Zig.
1962 3620 2106 3680 789/M)).

1358 3676 1535 3736 „Schnitzler
1554 3678 1614 3738 war
1634 3679 1671 3739 ein
1695 3680 1825 3740 geistiger
1844 3681 1975 3741 Nachbar
1994 3686 2148 3746 Sigmund
2167 3691 2302 3751 Freuds,

1357 3729 1405 3789 des
1429 3730 1596 3790 Schöpfers
1621 3733 1668 3793 der
1689 3733 1947 3793 problematischen
1981 3739 2231 3799 Psychoanalyse.
2251 3742 2288 3802 In

1360 3784 1407 3844 der
1422 3784 1584 3844 Erzählung
1614 3787 1752 3847 Fräulein
1771 3788 1862 3848 Else“,
1872 3789 1910 3849 die
1929 3790 2005 3850 durch
2030 3792 2068 3852 die
2087 3796 2297 3856 Verfilmung,

1354 3838 1409 3898 mit
1428 3838 1568 3898 Elisabeth
1592 3842 1731 3902 Bergner
1746 3841 1768 3901 in
1792 3843 1843 3903 der
1862 3847 2030 3907 Titelrolle,
2044 3847 2067 3907 in
2091 3848 2174 3908 weite
2198 3849 2291 3909 Kreise

1354 3893 1526 3953 gedrungen
1555 3893 1607 3953 isi,
1627 3894 1717 3954 spielt
1742 3895 1784 3955 die
1814 3898 2100 3958 psychoanalytische
2134 3903 2277 3963 Selbster

1356 3945 1494 4005 kenntnis
1522 3946 1582 4006 eine
1605 3948 1732 4008 wichtige
1755 3949 1855 4009 Rolle.
1872 3953 2050 4013 Schnitzler,
2067 3955 2110 4015 der
2133 3958 2216 4018 Arzt,
2233 3960 2294 4020 war

1355 3999 1396 4059 als
1433 4002 1721 4062 Seelenanalwtiker
1758 4005 1908 4065 durchaus
1951 4010 2198 4070 Naturforscher,
2228 4014 2282 4074 den

1355 4053 1498 4113 mystische
1530 4056 1736 4116 Untergründe
1762 4057 1818 4117 des
1844 4059 1962 4119 Lebens
1994 4063 2075 4123 mehr
2101 4067 2206 4127 reizten
2238 4067 2281 4127 als

1355 4108 1559 4168 mefaphsisch
1584 4109 1830 4169 beunrubigten"
1861 4111 1944 4171 Huge
1975 4112 2101 4172 Aubsch
2132 4115 2282 4175 (Deutsche
