3344 4352
745 174 1004 234 ee
1018 174 1030 234 e
1050 174 1055 234 e
1081 176 1087 236 e

513 216 737 276 Unternehmen
767 216 813 276 für
839 216 1211 276 Zeitungs-Ausschnitte

561 273 706 333 WIEN,
726 277 770 337 I.,
796 276 1081 336 WOLLZEILE
1126 276 1170 336 11

643 329 858 389 TELEPHON
895 327 1074 387 R-23-0-43

443 467 674 527 Ausschnitt
701 467 768 527 aus

1747 773 1884 833 .

461 786 910 846 Donnerstaß.
934 789 1047 849 22.
1063 786 1321 846 Oktober

2002 837 2473 897 ittortn

638 1044 874 1104 Der
988 1048 1226 1108 Tod
1354 1052 1845 1112 Arthur
1960 1058 2717 1118 Schaltiert

737 1187 842 1247 Dee
890 1189 1479 1249 Geburtstagsseier
1528 1189 1562 1249 in
1622 1191 1751 1251 eine
1800 1194 2200 1254 Trauerfeier
2236 1197 2636 1257 verwandelt

1262 1267 1374 1327 Werke
1432 1265 1494 1325 von
1557 1270 1692 1330 Arthur
1721 1270 1907 1330 Schnitzler
1959 1272 1993 1332 zu
2056 1271 2134 1331 ver¬

2179 1270 2356 1330 Freunden
2392 1272 2578 1332 gegenüber
2597 1275 2666 1335 viel
2685 1276 2881 1336 Aufhebens
2908 1282 3048 1342 machte.

1266 1314 1400 1374 kaufen.

2176 1318 2238 1378 Ein
2273 1318 2300 1378 so
2329 1320 2447 1380 rasches
2483 1321 2578 1381 Ende
2601 1324 2799 1384 allerdings
2828 1327 2929 1387 haben
2964 1330 3037 1390 auch

1351 1360 1396 1420 In
1437 1362 1627 1422 Frankreich
1668 1362 1731 1422 und
1790 1365 1864 1425 auch
1900 1365 1928 1425 in
1963 1368 2124 1428 England

2176 1368 2378 1428 Schnitzlers
2402 1371 2523 1431 Aerzte
2547 1371 2633 1431 nicht
2652 1374 2947 1434 vorausgesehen.

1258 1413 1350 1473 hatte
1378 1413 1562 1473 Schnitzler
1596 1415 1672 1475 noch
1705 1416 1830 1476 immer
1864 1416 1907 1476 ein
1962 1421 2136 1481 außer¬

2198 1446 2277 1506 Die
2309 1452 2703 1512 Schnitzler=Feiern
2744 1455 2804 1515 als
2835 1461 3006 1521 Trauer

1251 1464 1611 1524 ordentliches,
1676 1466 1850 1526 eigentlich
1909 1470 1996 1530 weit
2043 1470 2129 1530 über

1259 1515 1365 1575 seinen
1425 1518 1561 1578 jetzigen
1621 1518 1756 1578 Wiener
1805 1518 1917 1578 Rubia
1977 1521 2106 1581 hinaus

2540 1524 2664 1584 fetern

1259 1565 1427 1625 gehendes
1479 1568 1723 1628 Prestige,
1764 1569 1839 1629 doch
1875 1571 1944 1631 war
1979 1571 2031 1631 die
2061 1569 2135 1629 An¬

2255 1569 2315 1629 Die
2338 1571 2526 1631 namentlich
2550 1574 2602 1634 von
2633 1574 2685 1634 den
2717 1577 2889 1637 Wiener
2913 1579 3048 1639 Thea¬

2169 1613 2269 1673 tern
2307 1616 2533 1676 vorbereiteten
2592 1620 3030 1680 Festaufführungen

1256 1616 1340 1676 zahl
1387 1616 1494 1676 seiner
1523 1620 1653 1680 Wecke,
1693 1620 1755 1680 von
1807 1621 1908 1681 denen
1966 1625 2129 1685 Ueber¬

2178 1662 2216 1722 zu
2255 1659 2421 1719 Arthur
2449 1661 2708 1721 Schnitzlers
2742 1666 3040 1726 bevorstehen¬

1253 1668 1501 1728 setzungen
1535 1670 1723 1730 hergestellt
1751 1673 1883 1733 worden
1917 1673 2050 1733 waren,
2089 1676 2116 1736 zu

2175 1701 2245 1761 dem
2296 1700 2356 1760 70.
2382 1704 2671 1764 Geburtstag
2722 1706 2843 1766 werden
2889 1709 3040 1769 nunmehr

1256 1718 1374 1778 gering
1431 1721 1499 1781 und
1534 1721 1584 1781 die
1613 1723 1685 1783 auch
1737 1722 1810 1782 eine
1839 1724 1918 1784 Zeit
1964 1727 2121 1787 hindurch

2178 1744 2424 1804 voraussichtlich
2449 1745 2498 1805 als
2524 1748 2856 1808 Trauerseie:"
2882 1750 2905 1810 in
2937 1753 3041 1813 Szene

1255 1765 1344 1825 nicht
1382 1768 1635 1828 unerheblichen
1695 1773 1979 1833 Tantiemen
2039 1774 2122 1834 aus

2177 1787 2294 1847 gehen.

1252 1816 1473 1876 Amerika
1529 1821 1646 1881 flossen
1690 1822 1713 1882 in
1751 1822 1806 1882 den
1844 1822 1948 1882 letzten
1985 1825 2114 1885 Jahren

2255 1827 2320 1887 Das
2351 1831 2647 1891 Burgtheater
2670 1834 2722 1894 hat
2745 1834 2788 1894 für
2811 1834 2907 1894 diesen
2938 1837 3034 1897 Anlaß

1259 1869 1354 1929 spär.
1368 1867 1399 1927 ch
1432 1869 1502 1929 ein.

2175 1871 2241 1931 eine
2268 1873 2355 1933 völlig
2387 1873 2464 1933 neue
2485 1876 2733 1936 Einstudierung
2759 1879 2811 1939 des
2842 1880 3033 1940 „Jungen

2177 1917 2463 1977 Medardus",
2504 1917 2569 1977 eine
2605 1918 2655 1978 der
2706 1921 2938 1981 bedeutendsten
2978 1923 3038 1983 und

1345 1918 1477 1978 Ar.bur
1503 1920 1685 1980 Schnitzler
1730 1924 1874 1984 erhoffte
1900 1924 1950 1984 sich
1976 1925 2033 1985 von
2071 1924 2127 1984 sei¬

2177 1959 2398 2019 großartigsten
2448 1961 2640 2021 Dichtungen
2686 1965 2892 2025 Schnitzlers,
2933 1965 3043 2025 vorbe¬

1256 1966 1310 2026 nem
1361 1968 1415 2028 70.
1438 1970 1775 2030 Gesurtstag,
1815 1971 1870 2031 der
1898 1971 1931 2031 im
1976 1973 2113 2033 nächsten

2175 2001 2282 2061 reitet,
2304 2001 2355 2061 das
2386 2004 2587 2064 Deutsche
2618 2007 2943 2067 Volkstheater
2969 2010 3035 2070 eine

1263 2015 1338 2075 Mai
1365 2016 1506 2076 gefeiert
1533 2019 1625 2079 hätte
1653 2019 1777 2079 werden
1816 2019 1940 2079 sollen,
1962 2021 2027 2081 eine
2060 2020 2130 2080 ent¬

2169 2046 2298 2106 Reprise
2330 2045 2382 2105 des
2419 2049 2637 2109 Schauspieles
2674 2049 2778 2109 „Der
2825 2052 2913 2112 Ruf
2960 2052 3032 2112 des

1253 2064 1417 2124 schiedene
1451 2067 1798 2127 Neubelebung
1832 2068 2119 2128 namentlich

2175 2088 2380 2148 Lebens",
2402 2088 2454 2148 das
2481 2090 2533 2150 von
2566 2091 2734 2151 Schnitzler
2756 2094 2845 2154 selbst
2866 2094 2913 2154 für
2935 2094 3029 2154 diesen

1254 2111 1415 2171 seiner
1445 2115 1799 2175 Theaterstücke
1834 2115 1874 2175 im
1927 2118 2123 2178 Sinne

2178 2133 2278 2193 Anlaß
2310 2133 2391 2193 einer
2423 2136 2818 2196 Neubearbeitung
2850 2141 3031 2201 unterzogen

1253 2162 1552 2222 häufigerer
1592 2165 2002 2225 Aufführungen.

2174 2174 2305 2234 wurde.

1299 2218 1379 2278 Auch
1432 2219 1500 2279 rein
1536 2222 1754 2282 menschliches
1790 2225 2003 2285 Mißgeschick
2021 2226 2078 2286 hat

2247 2219 2315 2279 Die
2355 2222 2604 2282 interessanteste
2633 2222 2911 2282 Schnitzler=Feier
2957 2228 3041 2288 sollte

2175 2258 2200 2318 im
2247 2264 2381 2324 Theater
2408 2262 2433 2322 in
2470 2264 2516 2324 der
2542 2264 2717 2324 Josefstadt
2744 2268 2940 2328 stattfinden.
2961 2270 3043 2330 Dort

1300 2267 1500 2327 Schnitziers
1533 2269 1625 2329 letzte
1652 2271 1879 2331 Lebensjahre
1912 2273 1983 2333 sehr
2010 2273 2085 2333 ver¬

2170 2306 2253 2366 sollte
2287 2306 2526 2366 „Liebelei"
2560 2307 2620 2367 mit
2648 2311 2759 2371 Gustav
2793 2312 2926 2372 Waldau
2988 2313 3031 2373 als

1295 2316 1440 2376 düstert.
1485 2318 1614 2378 Zuletzt
1663 2320 1739 2380 war
1766 2321 1798 2381 es
1837 2321 1890 2381 der
1924 2324 2080 2384 tragische

427 2323 502 2383 Der
544 2327 641 2387 letzte
669 2330 772 2390 große
800 2330 1049 2390 österreichische
1084 2331 1214 2391 Dichter

2167 2350 2292 2410 alten
2343 2350 2549 2410 Weiring
2605 2353 2736 2413 gegeben
2792 2356 2912 2416 werden
2973 2356 3033 2416 und

1300 2363 1366 2423 Tad
1400 2365 1510 2425 seiner
1539 2368 1716 2428 einzigen,
1738 2368 1794 2428 von
1828 2369 1877 2429 ihm
1927 2371 2077 2431 überaus

338 2377 379 2437 ist
410 2377 475 2437 tot.
500 2376 632 2436 Arthur
687 2377 891 2437 Schnitzlers
952 2378 1211 2438 weltberühmte

2181 2392 2315 2452 Paula
2349 2393 2537 2453 Wessely
2571 2395 2614 2455 die
2642 2397 2798 2457 Christine
2826 2398 2960 2458 spielen.

1298 2413 1458 2473 geliebten
1498 2416 1652 2476 Tochter,
1697 2417 1752 2477 die
1803 2419 2007 2479 bekanntlich
2046 2419 2068 2479 in

335 2425 497 2485 „Wiener
530 2425 637 2485 Note“
676 2425 745 2485 war
778 2427 951 2487 eigentlich
1000 2428 1113 2488 'mmer
1146 2428 1210 2488 nur

2246 2438 2314 2498 Zur
2341 2435 2510 2495 „Liebelei"
2537 2437 2621 2497 sollte
2649 2440 2680 2500 am
2728 2443 2823 2503 selben
2855 2443 2961 2503 Abend
2993 2445 3040 2505 ur¬

1300 2461 1471 2521 Ven=dig,
1500 2465 1544 2525 wo
1578 2465 1621 2525 sie
1655 2464 1705 2524 als
1739 2467 1860 2527 Gattin
1895 2467 1982 2527 eines
2016 2467 2082 2527 ita¬

338 2473 409 2533 eine
443 2473 687 2533 Marktetikette
722 2475 832 2535 seiner
861 2476 983 2536 Kunst.
1005 2478 1054 2538 In
1095 2474 1216 2534 Wahr¬

2173 2482 2343 2542 sprünglich
2383 2482 2702 2542 „Abschiedssouper"
2736 2485 2863 2545 gegeben
2908 2488 3045 2548 werden,

1300 2510 1465 2570 lienischen
1504 2515 1669 2575 Offiziers
1725 2515 1829 2575 lebte,
1874 2510 1961 2570 einem
2012 2515 2077 2575 Un¬

338 2521 411 2581 heit
435 2523 491 2583 hat
514 2523 547 2583 er
570 2523 621 2583 den
655 2524 921 2584 österreichischen
956 2527 1125 2587 Menschen
1160 2525 1210 2585 der

2171 2524 2238 2584 doch
2267 2527 2454 2587 äußerte
2489 2527 2659 2587 Arthur
2693 2530 2931 2590 Schnitzle.
2960 2532 3033 2592 den

1301 2559 1474 2619 glücksfall
1504 2562 1555 2622 zum
1602 2562 1712 2622 Opfer
1736 2562 1811 2622 fiel,
1829 2565 1932 2625 dessen
1968 2565 2089 2625 nähere

2170 2568 2359 2628 Wunsch,
2382 2568 2505 2628 einen
2544 2571 2782 2631 Einakter,
2804 2572 2858 2632 der
2891 2574 2939 2634 nie
2972 2574 3042 2634 auf¬

337 2571 585 2631 Uebergangs=
655 2571 741 2631 oder
788 2574 897 2634 besser
950 2574 1088 2634 gesagt,
1152 2571 1209 2631 der

1298 2607 1476 2667 Umstände
1509 2610 1558 2670 nie
1585 2610 1775 2670 aufgeklärt
1803 2613 1927 2673 werden
1966 2613 2095 2673 konnte.

2172 2613 2298 2673 geführt
2325 2613 2430 2673 wurde
2463 2613 2520 2673 und
2558 2613 2589 2673 an
2626 2614 2673 2674 dem
2721 2616 2752 2676 er
2779 2618 2847 2678 sehr
2874 2620 2968 2680 hing,
2990 2620 3037 2680 bei

339 2622 638 2682 Untergangszeil
667 2622 881 2682 geschildert,
910 2622 967 2682 den
1008 2622 1192 2682 wehmütig

2174 2657 2266 2717 dieser
2293 2657 2499 2717 Gelegenheit
2520 2658 2576 2718 auf
2597 2658 2648 2718 der
2675 2660 2788 2720 Bühne
2819 2663 2844 2723 zu
2876 2662 2984 2722 sehen:
3005 2661 3035 2721 es

1250 2667 1437 2727 Schnitzler
1466 2670 1561 2730 erlitt
1590 2670 1725 2730 damals
1760 2669 1850 2729 einen
1896 2671 2122 2731 vollstän¬

336 2670 511 2730 blasierten
551 2670 720 2730 Zweifler
772 2670 811 2730 an
874 2670 924 2730 sich
987 2670 1099 2730 selbst,
1145 2671 1201 2731 den

2170 2700 2207 2760 ist
2230 2700 2326 2760 „Der
2349 2700 2484 2760 große
2506 2703 2723 2763 Wurstel",
2739 2706 2804 2766 eine
2831 2706 3037 2766 parodistische

1253 2716 1394 2776 digen
1440 2718 1864 2778 Zusammenbruch
1932 2720 1999 2780 und
2057 2721 2124 2781 nur

336 2718 518 2778 tragischen
558 2718 724 2778 Elegant,
769 2718 835 2778 das
874 2720 1107 2780 liebesselige,
1135 2719 1212 2779 aber

2172 2740 2272 2800 Szene
2304 2741 2362 2801 mit
2384 2744 2664 2804 Schlüsselfiguren
2712 2747 2775 2807 aus
2824 2750 2876 2810 der
2903 2749 3040 2809 literari¬

1256 2762 1309 2822 dem
1359 2765 1603 2825 aufopfernden
1636 2765 1810 2825 Bemühen
1843 2767 1951 2827 seiner
1979 2768 2114 2828 nächsten

336 2765 402 2825 von
441 2767 612 2827 geheimer
668 2768 967 2828 Todessehnsucht
1017 2768 1210 2828 beschatteie

2174 2787 2245 2847 schen
2282 2789 2481 2849 Jugendzeit
2506 2789 2711 2849 Schnitzlers,
2736 2791 2784 2851 die
2815 2793 2978 2853 seinerzeit
3009 2795 3032 2855 in

1256 2813 1450 2873 Ungebung
1483 2813 1521 2873 ist
1543 2813 1570 2873 es
1603 2814 1635 2874 zu
1668 2815 1808 2875 danken,
1841 2816 1900 2876 daß
1950 2816 1987 2876 er
2009 2817 2112 2877 diesen

336 2816 442 2876 junge
472 2816 630 2876 Mädchen
671 2816 727 2876 aus
767 2816 817 2876 dem
870 2816 954 2876 Volk
995 2816 1034 2876 Es
1068 2817 1130 2877 sind
1165 2816 1209 2876 er¬

2169 2831 2256 2891 einer
2278 2831 2407 2891 Wiener
2428 2831 2661 2891 Tageszeitung
2693 2836 2837 2896 erschien.

1253 2861 1374 2921 Schlag
1408 2863 1623 2923 überstanden
1663 2864 1734 2924 hat.
1751 2864 1806 2924 In
1846 2864 1917 2924 den
1951 2867 2111 2927 letzten

336 2864 530 2924 greifende,
558 2864 752 2924 manchmol
786 2867 924 2927 wirklich
986 2867 1091 2927 große
1147 2864 1213 2924 Ge¬

2245 2876 2308 2936 Das
2344 2878 2477 2938 Theater
2506 2879 2535 2939 in
2570 2879 2622 2939 der
2652 2882 2826 2942 Josefstadt
2855 2882 2930 2942 wird
2960 2882 3035 2942 aller

1258 2912 1484 2972 Monaten
1524 2912 1712 2972 begann
1751 2913 1828 2973 die
1862 2915 2122 2975 Gesund¬

338 2914 451 2974 stalten
486 2913 581 2973 einer
610 2914 700 2974 Zeit,
723 2913 774 2973 die
803 2915 893 2975 nicht
916 2915 1012 2975 mehr
1063 2915 1097 2975 an
1154 2914 1204 2974 sich

2175 2923 2376 2983 Voraussicht
2423 2923 2489 2983 nach
2537 2924 2588 2984 den
2625 2926 2749 2986 Wunsch
2780 2927 2966 2987 Schnitzlers
2997 2927 3043 2987 re¬

1249 2959 1352 3019 heit
1388 2959 1578 3019 Arthur
1607 2961 1902 3021 Schnitzlers
1949 2962 2116 3022 immer

338 2962 494 3022 glaubte,
516 2961 613 3021 deren
646 2962 834 3022 Schönheit
856 2962 985 3022 bereits
1013 2962 1039 3022 im
1089 2962 1212 3022 letzten,

2170 2968 2333 3028 spektieren
2381 2968 2439 3028 und
2477 2968 2571 3028 diesen
2615 2972 3032 3032 Schnitzler=Abend

1251 3007 1377 3067 mehr
1416 3010 1460 3070 zu
1505 3008 1786 3068 schwinden,
1831 3010 1913 3070 ohne
1964 3010 2024 3070 daß
2063 3010 2118 3070 der

337 3012 527 3072 allerdings
564 3010 776 3070 bezaubernd
818 3011 1035 3071 vergoldeten
1076 3011 1210 3071 Abend¬

2171 3016 2198 3076 so
2244 3011 2272 3071 in
2307 3013 2414 3073 Szene
2460 3014 2550 3074 gehen
2585 3015 2698 3075 lassen,
2738 3016 2800 3076 wie
2829 3016 2857 3076 er
2886 3016 2942 3076 mit
2971 3019 3016 3079 dem

1249 3055 1399 3115 überaus
1462 3058 1743 3118 zurückhaltende
1806 3058 1873 3118 und
1936 3058 2123 3118 vornehme

2172 3057 2295 3117 Dichter
2327 3058 2508 3118 verabredet
2534 3061 2658 3121 wurde.

336 3063 435 3123 glanz
469 3061 546 3121 lag.
574 3058 700 3118 Arthur
734 3059 939 3119 Schnitzlers
995 3061 1188 3121 Dichtertum

1258 3103 1363 3163 Mann
1414 3106 1524 3166 davon
1580 3106 1680 3166 selbst
1730 3109 1802 3169 auch
1836 3109 1941 3169 seinen
1975 3109 2114 3169 nächsten

338 3108 413 3168 war
435 3109 489 3169 es,
506 3109 565 3169 daß
598 3109 630 3169 er
653 3108 755 3168 dieses
788 3109 906 3169 Milieu
940 3109 1010 3169 hoch
1043 3109 1102 3169 und
1130 3109 1210 3169 weit

2275 3144 2378 3204 Das
2421 3147 2920 3207 Leichenbegängnis

333 3156 387 3216 ins
421 3156 638 3216 Menschliche
683 3156 771 3216 hob,
811 3159 871 3219 daß
905 3159 938 3219 er
966 3159 1049 3219 schon
1089 3158 1116 3218 in
1150 3156 1204 3216 den

2251 3200 2332 3260 Erst
2358 3199 2388 3259 im
2433 3201 2540 3261 Laufe
2591 3201 2647 3261 des
2705 3204 2862 3264 heutigen
2913 3206 3031 3266 Tages

338 3207 470 3267 Jahren
504 3207 613 3267 seines
647 3207 851 3267 blendenden
890 3209 1077 3269 Aufstieges
1111 3207 1199 3267 nicht

1263 3228 1903 3288 Neueinführung
1978 3237 2023 3297 der
2051 3237 2123 3297 best-

2168 3249 2299 3309 werden
2339 3249 2388 3309 die
2417 3249 2693 3309 Bestimmungen
2733 3252 2816 3312 über
2866 3255 2921 3315 die
2972 3254 3037 3314 Art

337 3253 400 3313 wie
438 3255 511 3315 man
554 3255 607 3315 ihm
660 3255 798 3315 vielfach
862 3256 1009 3316 boshaft
1042 3258 1216 3318 vorwarf,

1252 3274 1414 3334 bekannten
1439 3276 1634 3336 vorzuglichen
1654 3276 1748 3336 Khche
1769 3274 1813 3334 des
1834 3276 2021 3336 Restaurants
2038 3276 2130 3336 Kohn.

2166 3295 2227 3355 und
2262 3297 2374 3357 Weise
2404 3297 2459 3357 der
2511 3300 2709 3360 Beisetzung
2744 3303 2941 3363 Schnitzlers
2982 3300 3037 3360 ge¬

338 3303 402 3363 nur
430 3303 483 3363 für
516 3303 564 3363 die
592 3303 878 3363 Kärntnerstraße
905 3306 970 3366 und
1003 3306 1051 3366 die
1079 3306 1202 3366 kleinen

1308 3314 1387 3374 XX.
1406 3318 1822 3378 Heinzelmanngasse
1856 3316 1934 3376 1-3,
1954 3315 2028 3375 Ecke
2052 3315 2126 3375 Wal¬

2168 3344 2289 3404 troffen
2345 3345 2500 3405 werden.
2546 3349 2734 3409 Professor
2784 3349 2856 3409 Dr.
2907 3350 3034 3410 Jutius

335 3353 475 3413 intimen
506 3353 641 3413 Salons
678 3351 730 3411 bei
756 3353 901 3413 Sacher,
917 3353 1057 3413 sondern
1095 3353 1120 3413 in
1157 3353 1213 3413 der

1307 3352 1533 3412 lensteinstraße
1550 3353 1598 3413 22.
1615 3353 1623 3413 -
1660 3356 2122 3416 Wochenabonnement

1311 3392 1363 3452 mit
1386 3392 1576 3452 zehntägiger
1599 3392 1736 3452 Gültigke
1754 3392 1776 3452 t.
1798 3390 1811 3450 -
1847 3395 1984 3455 Menils
2016 3395 2113 3455 nach

2165 3395 2361 3455 Schnitzler,
2394 3395 2448 3455 der
2481 3395 2623 3455 Bruder
2678 3395 2737 3455 des
2798 3398 3026 3458 verstorbenen

341 3402 409 3462 Tat
432 3401 488 3461 für
517 3401 561 3461 die
590 3401 680 3461 Welt
703 3401 771 3461 und
800 3401 855 3461 für
884 3401 935 3461 den
969 3401 1200 3461 europäischen

1311 3435 1477 3495 eigener
1494 3434 1604 3494 Wahl
1626 3434 1632 3494 à
1660 3434 1671 3494 S
1688 3437 1781 3497 1.20,
1793 3437 1970 3497 1.10,1.90
1993 3435 2020 3495 u.
2031 3437 2125 3497 2.40.

2170 3443 2316 3503 Dichters
2355 3443 2414 3503 und
2447 3443 2511 3503 Dr.
2534 3444 2631 3504 Hans
2658 3447 2858 3507 Schnitzler,
2881 3448 3026 3508 Arthurs

338 3451 433 3511 Geist
463 3452 600 3512 schrieb.

2171 3491 2287 3551 Sohn,
2327 3491 2448 3551 wollen
2488 3491 2538 3551 die
2566 3492 2722 3552 Ankunft
2751 3494 2951 3554 Heinrichs,
2974 3496 3028 3556 des

1310 3497 1445 3557 Abends:
1467 3498 1570 3558 Braten
1602 3500 1653 3560 mit
1675 3500 1789 3560 Beilage
1816 3500 1883 3560 nach
1915 3500 1998 3560 Wahl
2020 3500 2029 3560 S
2061 3499 2123 3559 1.40

424 3512 585 3572 Draußen
648 3511 681 3571 in
735 3510 884 3570 Europa
946 3513 1020 3573 galt
1075 3512 1203 3572 Arthur

1310 3538 1361 3598 und
1392 3538 1477 3598 große
1503 3538 1641 3598 Auswahl
1658 3538 1679 3598 in
1710 3538 1723 3598 1
1745 3538 2036 3598 Schilling-Speisen.
2054 3540 2118 3600 Ken

2167 3538 2310 3598 anderen
2348 3539 2485 3599 Sohnes
2523 3540 2655 3600 Arthur
2703 3541 2931 3601 Schnitzlers,
2979 3544 3032 3604 ver

337 3559 521 3619 Schnitzler
551 3559 619 3619 auch
655 3559 723 3619 noch
759 3559 788 3619 in
840 3559 897 3619 den
956 3561 1088 3621 Jahren
1147 3559 1209 3619 seit

1308 3577 1582 3637 Tiinkgeldzwang.
1606 3580 2007 3640 Einkellnersystem.
2031 3577 2117 3637 Keine

2165 3586 2218 3646 als
2257 3589 2435 3649 Regisseur
2468 3589 2532 3649 und
2571 3589 2809 3649 Schauspieler
2843 3590 2869 3650 in
2908 3592 3026 3652 Berlin

337 3607 390 3667 dem
443 3610 539 3670 Krieg
577 3607 630 3667 als
668 3607 721 3667 der
753 3609 1014 3669 Repräsentant
1046 3607 1099 3667 des
1137 3607 1216 3667 lite¬

1304 3616 1640 3676 Massenausspeisung.

1678 3616 1908 3676 Inaividuelle
1940 3619 2127 3679 Bedienung.

2164 3637 2344 3697 engagiert
2371 3637 2422 3697 ist,
2464 3637 2660 3697 abwarten,
2687 3640 2722 3700 um
2769 3640 2857 3700 dann
2893 3640 2950 3700 erst
2981 3640 3027 3700 die

335 3658 494 3718 rarischen
532 3658 750 3718 Oesterreich,
777 3658 851 3718 auch
889 3658 915 3718 im
963 3658 1080 3718 Sinne
1113 3658 1202 3718 jenes

2160 3687 2428 3747 entsprechenden
2468 3688 2714 3748 Verfügungen
2759 3691 2786 3751 zu
2827 3690 2966 3750 treffen.

329 3708 485 3768 überaus
541 3706 748 3766 vornehmen
789 3706 1016 3766 Lebensstils,
1067 3706 1122 3766 dem
1174 3704 1208 3764 er

336 3756 514 3816 persönlich
547 3755 720 3815 huldigte.
737 3754 828 3814 Denn
867 3756 996 3816 Arthur
1024 3756 1207 3816 Schnitzler

338 3805 397 3865 hat
419 3804 472 3864 als
500 3804 722 3864 künstlerische
750 3804 809 3864 wie
837 3804 891 3864 als
918 3804 1118 3864 menschliche
1146 3801 1210 3861 Er¬

337 3852 506 3912 scheinung
543 3852 574 3912 in
612 3852 702 3912 einer
755 3853 823 3913 fast
872 3852 1078 3912 verklärten,
1126 3849 1205 3909 aber

335 3903 481 3963 dennoch
514 3902 757 3962 schmerzlichen
817 3900 1034 3960 Einsamkeit
1089 3900 1213 3960 gelebt.

338 3949 423 4009 Auch
457 3949 516 4009 das
549 3947 646 4007 Leben
685 3949 744 4009 des
799 3949 1081 4009 Privatmannes
1135 3948 1205 4008 war

337 3998 394 4058 von
429 3998 521 4058 jener
550 3998 636 4058 nicht
660 3997 782 4057 immer
811 4000 903 4060 süßen
944 3998 1007 4058 und
1037 3996 1088 4056 oft
1112 3997 1209 4057 sinn¬

331 4048 419 4108 losen
473 4049 699 4109 Traurigkeit
747 4046 883 4106 erfüllt,
925 4046 995 4106 mit
1044 4046 1103 4106 der
1151 4046 1203 4106 die

336 4097 480 4157 Stirnen
541 4097 646 4157 seiner
702 4095 829 4155 Helden
886 4097 1074 4157 gezeichnet
1125 4094 1213 4154 sind.

338 4144 547 4204 Namentlich
581 4144 608 4204 in
647 4144 702 4204 den
741 4144 846 4204 letzten
885 4144 1017 4204 Jahren
1056 4143 1116 4203 hat
1145 4143 1194 4203 ihn

336 4192 557 4252 persönliches
591 4192 685 4252 Leid,
708 4192 763 4252 vor
791 4192 869 4252 allem
919 4192 974 4252 der
1002 4192 1069 4252 Tod
1103 4190 1207 4250 seiner

351 4243 592 4303 Bassaen
619 4235 755 4295 aer
926 4242 1083 4302 aan
