3344 4352
1384 270 1508 330 box
1589 271 1768 331 44/2

88 270 215 330 12.

290 273 867 333 Schnitzler's
938 270 1165 330 Death

1688 1320 1773 1380 ernst
1795 1318 2016 1378 genommen,
2038 1318 2096 1378 wie
2129 1320 2166 1380 ein
2199 1318 2350 1378 Dichter,
2372 1318 2426 1378 der
2453 1318 2528 1378 auch
2555 1318 2636 1378 Arzt
2663 1317 2716 1377 ist.
2760 1315 2846 1375 Aber

470 1321 840 1381 Freundschaftsdienst
864 1318 1008 1378 erweisen
1044 1317 1165 1377 wollte,
1189 1318 1269 1378 nahm
1317 1318 1345 1378 er
1374 1318 1431 1378 das
1461 1318 1553 1378 Stück
1577 1318 1629 1378 zur

1685 1362 1728 1422 ich
1761 1362 1830 1422 will
1853 1362 1917 1422 und
1950 1362 2052 1422 werde
2080 1362 2133 1422 dem
2177 1362 2361 1422 dichtenden
2394 1359 2474 1419 Arzt
2501 1361 2560 1421 und
2593 1361 2647 1421 dem
2690 1359 2771 1419 Arzt
2799 1360 2847 1420 als

474 1365 692 1425 Aufführung
720 1365 787 1425 an.

559 1405 618 1465 Als
651 1407 699 1467 der
722 1407 819 1467 junge
846 1405 949 1465 Artur
977 1404 1074 1464 diesen
1102 1405 1323 1465 Tatbestand,
1346 1404 1405 1464 und
1438 1404 1519 1464 zwar
1547 1403 1627 1463 schon

1690 1406 1814 1466 Dichter
1846 1407 1929 1467 Ehre
1955 1404 2126 1464 erweisen.

1778 1451 1880 1511 Schon
1910 1451 1958 1511 als
1988 1450 2065 1510 Kind
2096 1449 2161 1509 war
2186 1449 2359 1509 Schnitzler
2384 1449 2431 1509 ein
2456 1449 2587 1509 eifriger
2612 1449 2761 1509 Besucher
2786 1447 2839 1507 des

474 1452 547 1512 nach
580 1452 638 1512 der
670 1452 902 1512 Vorstellung,
924 1449 1056 1509 erfuhr,
1083 1449 1225 1509 wendete
1257 1449 1294 1509 er
1327 1449 1373 1509 sich
1411 1449 1553 1509 lächelnd
1586 1449 1622 1509 an

64 1482 196 1542 nitler

1688 1495 1952 1555 Burgtheaters.
1991 1494 2055 1554 Die
2083 1494 2190 1554 beiden
2223 1494 2337 1554 großen
2370 1494 2602 1554 Schauspieler
2630 1493 2732 1553 Adolf
2759 1491 2850 1551 Son¬

472 1496 630 1556 Direktor
662 1497 846 1557 Friedrich:
878 1494 1025 1554 „Meinen
1062 1494 1172 1554 Eltern
1215 1494 1299 1554 habe
1326 1494 1367 1554 ich
1405 1494 1489 1554 mein
1526 1492 1620 1552 Leben

1688 1540 1826 1600 nenthal
1853 1538 1914 1598 und
1940 1536 2038 1596 Ernst
2064 1538 2249 1598 Hartmann
2280 1539 2419 1599 machten
2455 1537 2573 1597 großen
2605 1536 2764 1596 Eindruck
2790 1535 2846 1595 auf

475 1543 499 1603 zu
540 1541 741 1601 verdanken,
787 1539 857 1599 jetzt
888 1539 983 1599 sogar
1019 1539 1089 1599 auch
1130 1539 1190 1599 das
1226 1537 1463 1597 Theaterleben
1504 1536 1629 1596 meines

67 1543 106 1603 ne
142 1544 273 1604 Dichter
309 1542 411 1602 Artur

1688 1581 1758 1641 ihn.
1807 1583 1920 1643 Dabei
1964 1580 2076 1640 waren
2131 1582 2173 1642 sie
2212 1583 2389 1643 jahrelang
2422 1582 2540 1642 heftige
2573 1579 2708 1639 Gegner
2741 1580 2837 1640 seines

468 1583 568 1643 ersten
605 1583 752 1643 Stückes.
774 1583 842 1643 Nun
879 1583 974 1643 haben
1011 1583 1048 1643 sie
1075 1583 1142 1643 ihre
1169 1580 1290 1640 Pflicht
1317 1580 1374 1640 und
1407 1580 1633 1640 Schuldigkeit

99 1589 214 1649 Wien,
257 1589 330 1649 war
363 1589 415 1649 der

1688 1625 1819 1685 Wesens
1851 1625 1914 1685 und
1946 1625 2087 1685 Leugner
2114 1625 2214 1685 seiner
2241 1626 2446 1686 Begabung,
2468 1626 2504 1686 um
2547 1625 2630 1685 dann
2663 1625 2783 1685 gerade
2810 1625 2836 1685 in

472 1627 585 1687 getan,
607 1628 666 1688 und
693 1628 730 1688 ich
763 1628 838 1688 kann
872 1627 931 1687 und
958 1625 1065 1685 werde
1093 1626 1163 1686 mich
1196 1625 1249 1685 von
1283 1625 1341 1685 nun
1380 1626 1411 1686 ab
1439 1625 1498 1685 auf
1520 1625 1627 1685 eigene

109 1631 414 1691 Universitätspro-

1688 1669 1785 1729 seinen
1827 1667 1956 1727 Werken
1997 1667 2240 1727 unvergeßliche
2277 1670 2462 1730 Triumphe
2494 1670 2524 1730 zu
2566 1667 2751 1727 erwerben.

474 1674 565 1734 Füße
597 1671 738 1731 stellen."

64 1676 96 1736 sir
125 1676 248 1736 ergriff
271 1676 321 1736 den
355 1675 416 1735 Be¬

1773 1714 1993 1774 Sonnenthal
2019 1712 2131 1772 schrieb
2182 1714 2314 1774 einmal
2352 1715 2396 1775 an
2428 1712 2559 1772 Arturs
2592 1715 2698 1775 Vater
2749 1714 2830 1774 einen

560 1715 736 1775 Schnitzler
761 1715 961 1775 beschäftigte
991 1715 1038 1775 sich
1074 1715 1138 1775 eine
1168 1713 1315 1773 Zeitlang
1351 1712 1422 1772 auch
1458 1712 1516 1772 mit
1546 1712 1628 1772 Hyp¬

58 1721 172 1781 jerung
200 1721 304 1781 seiner
326 1720 419 1780 Prü¬

1694 1755 1798 1815 Brief,
1821 1756 1848 1816 in
1881 1757 2009 1817 welchem
2053 1756 2080 1816 er
2109 1756 2158 1816 ihm
2203 1756 2374 1816 mitteilte,
2391 1757 2452 1817 daß
2486 1756 2546 1816 sein
2574 1756 2668 1816 Sohn
2702 1756 2839 1816 gänzlich

474 1759 547 1819 nose
574 1759 637 1819 und
670 1760 865 1820 Suggestion
902 1758 965 1818 und
992 1758 1087 1818 schien
1119 1757 1171 1817 als
1203 1757 1424 1817 Hypnotiseur
1457 1756 1520 1816 eine
1547 1756 1630 1816 ganz

64 1765 220 1825 sdärarzt
257 1765 299 1825 an
357 1765 414 1825 der

1687 1801 1908 1861 untalentiert
1934 1801 1990 1861 sei,
2012 1800 2068 1860 und
2099 1799 2155 1859 daß
2187 1801 2217 1861 er
2238 1803 2289 1863 ihm
2331 1801 2392 1861 nur
2419 1801 2506 1861 einen
2537 1801 2676 1861 einzigen
2702 1801 2774 1861 Rat
2795 1799 2841 1859 ge¬

471 1803 646 1863 besondere
672 1802 775 1862 Kraft
796 1800 1065 1860 auszuströmen.
1106 1802 1173 1862 Der
1200 1801 1422 1861 Niederschlag
1453 1800 1550 1860 dieser
1577 1797 1633 1857 an¬

98 1810 420 1870 Strandhardtner,

468 1847 626 1907 regenden
664 1846 816 1906 Versuche
849 1846 917 1906 war
949 1846 1017 1906 eine
1044 1846 1266 1906 medizinische
1298 1846 1429 1906 Arbeit:
1456 1843 1630 1903 „Behand¬

1685 1846 1739 1906 ben
1772 1846 1891 1906 könne,
1908 1846 1972 1906 auf
1994 1845 2097 1905 Artur
2125 1846 2221 1906 dahin
2254 1846 2493 1906 einzuwirken,
2515 1846 2596 1906 nicht
2623 1846 2672 1906 die
2700 1846 2845 1906 Dichter¬

67 1855 133 1915 ung
168 1854 218 1914 bei
247 1855 415 1915 Professor

472 1892 547 1952 lung
580 1890 633 1950 der
666 1889 897 1949 funktionellen
936 1888 1086 1948 Aphonie
1114 1888 1205 1948 durch
1238 1888 1410 1948 Hypnose“

1690 1888 1848 1948 laufbahn
1881 1890 1913 1950 zu
1946 1888 2126 1948 ergreifen.

52 1897 80 1957 r
104 1900 405 1960 Hautkrankheiten

560 1934 646 1994 Kurz
676 1936 744 1996 nach
780 1933 958 1993 Erscheinen
999 1933 1097 1993 dieser
1127 1933 1363 1993 medizinischen
1398 1932 1519 1992 Arbeit
1543 1930 1629 1990 kom¬

1768 1932 1838 1992 Der
1864 1932 1966 1992 Vater
1993 1933 2088 1993 zeigte
2114 1933 2210 1993 seinem
2256 1933 2344 1993 Sohn
2377 1933 2473 1993 diesen
2506 1933 2614 1993 Brief.
2647 1935 2762 1995 Dieser
2788 1933 2838 1993 las

1682 1975 1736 2035 die
1763 1976 2125 2036 niederschmetternden
2158 1976 2266 2036 Zeilen
2304 1976 2363 2036 und
2396 1977 2482 2037 sagte
2510 1977 2595 2037 ganz
2623 1977 2715 2037 leise,
2737 1977 2839 2037 etwas

469 1977 620 2037 ponierte
647 1977 842 2037 Schnitzler,
870 1977 923 2037 der
951 1977 1020 2037 noch
1060 1977 1145 2037 nicht
1173 1977 1254 2037 recht
1282 1977 1410 2037 wußte,
1433 1974 1541 2034 wohin
1574 1974 1622 2034 ihn

96 1997 185 2057 nicht
217 1998 306 2058 ganz
333 1998 415 2058 aus.

476 2019 532 2079 sein
561 2022 639 2082 Weg
663 2022 775 2082 führen
809 2022 934 2082 werde,
951 2022 1052 2082 einige
1081 2021 1256 2081 anmutige
1280 2022 1426 2082 Walzer.
1449 2016 1488 2076 Er
1511 2017 1623 2077 schrieb

1688 2019 1897 2079 verzweifelt:
1926 2022 1997 2082 „Ich
2025 2019 2085 2079 soll
2113 2019 2191 2079 nicht
2219 2022 2345 2082 Dichter
2373 2022 2522 2082 werden,
2539 2022 2577 2082 ist
2600 2021 2859 2081 Sonnenthals,

61 2039 126 2099 ers,
154 2043 203 2103 der
236 2043 318 2103 Arzt
346 2042 411 2102 und

475 2066 633 2126 außerdem
675 2067 749 2127 auch
776 2064 922 2124 Gedichte
944 2064 970 2124 im
1013 2065 1223 2125 Heine=Stil,
1239 2065 1360 2125 Skizzen
1398 2062 1455 2122 und
1482 2061 1624 2121 Dialoge

1689 2062 1869 2122 Meinung.
1886 2067 1954 2127 Ja,
1971 2064 2044 2124 was
2074 2064 2129 2124 soll
2153 2064 2191 2124 ich
2220 2064 2282 2124 nun
2311 2064 2389 2124 tun?
2412 2064 2508 2124 Nicht
2532 2066 2570 2126 ich
2599 2067 2678 2127 habe
2701 2067 2729 2127 ja
2758 2067 2842 2127 diese

65 2085 153 2145 war,
180 2085 237 2145 das
269 2085 415 2145 Theater

476 2109 499 2169 in
529 2109 664 2169 Pariser
689 2110 753 2170 Art
784 2109 842 2169 und
872 2109 918 2169 ein
949 2109 1131 2169 Versstück:
1162 2109 1339 2169 „Alkandis
1363 2106 1481 2166 Lied",
1499 2106 1557 2166 das
1582 2104 1622 2164 an

1683 2109 1851 2169 Laufbahn
1892 2109 2072 2169 ergriffen,
2095 2109 2230 2169 sondern
2271 2109 2327 2169 das
2367 2109 2558 2169 Dichtertum
2610 2110 2694 2170 nahm
2746 2110 2847 2170 Besitz

64 2132 189 2192 Jahren
224 2133 246 2193 zu
275 2130 418 2190 dichten.

476 2151 679 2211 Grillparzer
703 2150 871 2210 erinnert.

1686 2151 1740 2211 von
1774 2153 1862 2213 mir,
1884 2153 1945 2213 und
1973 2153 2017 2213 ich
2045 2153 2138 2213 gehe,
2161 2150 2266 2210 wohin
2300 2152 2382 2212 mein
2416 2153 2488 2213 Weg
2521 2154 2593 2214 mich
2626 2155 2736 2215 führt.

58 2173 154 2233 wverk,
183 2177 274 2237 „Das
304 2174 418 2234 Aben¬

554 2195 660 2255 Seine
690 2195 772 2255 erste
803 2196 1016 2256 Publikation
1064 2195 1193 2255 erschien
1247 2195 1270 2255 im
1318 2197 1430 2257 Jahre
1460 2193 1537 2253 1880
1585 2192 1614 2252 im

1775 2200 1812 2260 In
1850 2196 1956 2256 seiner
1988 2197 2119 2257 Jugend
2157 2197 2276 2257 machte
2314 2198 2382 2258 man
2421 2198 2526 2258 Artur
2559 2198 2733 2258 Schnitzler
2772 2197 2834 2257 sehr

71 2218 146 2278 urch
178 2219 221 2279 ein
260 2219 410 2279 Mißver¬

478 2240 687 2300 „Bayrischen
715 2240 827 2300 Freien
855 2240 1065 2300 Landboten"
1092 2240 1151 2300 und
1179 2238 1205 2298 in
1233 2239 1281 2299 der
1309 2240 1453 2300 „Blauen
1481 2240 1620 2300 Douau“

1685 2240 1733 2300 oft
1755 2240 1809 2300 den
1842 2240 2025 2300 Vorwurf,
2047 2241 2100 2301 daß
2133 2242 2165 2302 er
2193 2241 2219 2301 zu
2252 2243 2386 2303 elegant
2414 2243 2564 2303 gekleidet
2592 2243 2705 2303 ginge.
2749 2243 2829 2303 Man

58 2263 155 2323 Jihrt.

469 2285 496 2345 in
529 2285 647 2345 Wien,
669 2285 744 2345 dort
771 2285 954 2345 allerdings
981 2285 1078 2345 unter
1105 2285 1159 2345 dem
1202 2284 1396 2344 Pseudonym
1450 2284 1633 2344 „Anatol“,

1686 2285 1874 2345 behauptete
1902 2285 2040 2345 immer,
2063 2285 2118 2345 daß
2157 2285 2202 2345 ein
2235 2285 2351 2345 junger
2374 2287 2457 2347 Arzt
2480 2288 2540 2348 mit
2569 2285 2668 2345 wenig
2702 2287 2845 2347 Praxis.

62 2314 118 2374 ler
144 2318 200 2378 sein
226 2318 408 2378 Erstlings¬

469 2330 529 2390 das
563 2330 673 2390 später
707 2328 805 2388 seinen
845 2330 960 2390 jungen
1000 2330 1093 2390 Ruhm
1143 2327 1358 2387 begründete.

1688 2327 1736 2387 der
1763 2330 1909 2390 elegante
1931 2327 2060 2387 Kleider
2088 2327 2147 2387 und
2180 2329 2320 2389 kostbare
2347 2330 2536 2390 Krawatten
2569 2330 2666 2390 liebe,
2683 2331 2736 2391 der
2764 2330 2834 2390 noch

61 2357 100 2417 eo
135 2359 322 2419 Friedrich.
362 2359 407 2419 Er

563 2372 734 2432 Schnitzler
768 2371 855 2431 stand
895 2372 961 2432 also
1000 2373 1027 2433 zu
1066 2372 1166 2432 dieser
1205 2371 1277 2431 Zeit
1316 2371 1354 2431 am
1410 2371 1615 2431 Scheideweg

1686 2369 1758 2429 dazu
1793 2374 1990 2434 kostspielige
2019 2371 2272 2431 Gewohnheiten
2312 2374 2390 2434 habe
2425 2374 2481 2434 und
2521 2374 2565 2434 sich
2600 2374 2673 2434 gern
2707 2374 2735 2434 in
2769 2373 2836 2433 Ge¬

61 2404 167 2464 dließ
199 2404 257 2464 das
282 2404 412 2464 Manu¬

469 2414 538 2474 Und
566 2415 701 2475 trotzdem
750 2416 820 2476 war
848 2416 874 2476 es
902 2416 955 2476 für
983 2417 1031 2477 ihn
1064 2416 1123 2476 kein
1157 2416 1383 2476 Scheideweg,
1400 2416 1481 2476 denn
1514 2416 1546 2476 er
1574 2416 1632 2476 hat

1688 2416 1866 2476 sellschaften
1902 2416 1988 2476 sehen
2023 2416 2115 2476 läßt,
2139 2416 2196 2476 kein
2226 2416 2317 2476 guter
2347 2418 2427 2478 Arzt
2451 2419 2509 2479 sei.
2550 2421 2653 2481 Maßt
2677 2419 2722 2479 sich
2757 2413 2832 2473 aber

56 2449 230 2509 liegen.

469 2458 520 2518 nie
549 2460 745 2520 aufgehört,
763 2460 813 2520 sich
842 2460 892 2520 als
921 2461 994 2521 Arzt
1017 2461 1045 2521 zu
1079 2459 1209 2519 fühlen.
1249 2458 1310 2518 Als
1339 2459 1384 2519 ihm
1430 2460 1491 2520 sein
1520 2458 1621 2518 Vater

1683 2461 1728 2521 ein
1764 2461 1873 2521 solcher
1902 2461 1977 2521 Arzt
2001 2461 2064 2521 an,
2082 2461 2151 2521 auch
2186 2461 2255 2521 noch
2284 2463 2411 2523 Dichter
2441 2463 2469 2523 zu
2498 2461 2584 2521 sein,
2602 2461 2631 2521 so
2655 2461 2694 2521 ist
2718 2462 2746 2522 er
2776 2460 2839 2520 un¬

55 2500 190 2560 nteuer
225 2500 328 2560 seines
362 2500 413 2560 Le¬

469 2503 653 2563 Vorwürfe
680 2503 816 2563 machte,
838 2503 895 2563 daß
927 2503 1021 2563 dieses
1054 2505 1275 2565 Doppelleben
1307 2503 1333 2563 zu
1370 2503 1470 2563 nichts
1502 2503 1607 2563 Gutem

1682 2503 1817 2563 bedingt
1844 2505 1887 2565 ein
1920 2503 2152 2563 „moderner",
2169 2506 2233 2566 also
2261 2506 2330 2566 nach
2363 2508 2412 2568 den
2445 2509 2629 2569 damaligen
2662 2506 2828 2566 Begriffen

59 2545 208 2605 undeten
245 2546 410 2606 Professor

476 2546 583 2606 führen
625 2546 742 2606 könne,
769 2545 969 2605 antwortete
1000 2547 1200 2607 Schnitzler,
1237 2547 1293 2607 wie
1329 2547 1411 2607 ganz
1442 2547 1627 2607 natürlich:

1683 2547 1726 2607 ein
1766 2549 2012 2609 „unzüchtiger"
2040 2547 2185 2607 Mensch.

41 2589 120 2649 ten
174 2592 254 2652 gern
316 2589 409 2649 einen

476 2593 546 2653 „Ich
576 2591 658 2651 weiß
688 2593 741 2653 es,
765 2594 805 2654 ein
836 2594 929 2654 Arzt,
954 2592 1006 2652 der
1030 2592 1107 2652 auch
1137 2592 1266 2652 dichtet,
1290 2593 1366 2653 wird
1396 2592 1619 2652 ebensowenig

1770 2592 1942 2652 Schnitzler
1968 2592 2128 2652 versuchte
2154 2595 2242 2655 gegen
2275 2595 2370 2655 diesen
2396 2597 2601 2657 Irrglauben
2633 2595 2830 2655 anzukämp¬

1724 2703 1786 2763 fen,
1809 2706 1904 2766 lange
1934 2706 2006 2766 Zeit
2035 2708 2182 2768 hindurch
2216 2711 2312 2771 jedoch
2347 2712 2539 2772 vergeblich.
2579 2710 2646 2770 Die
2675 2709 2765 2769 Welt
2789 2708 2867 2768 hielt

1720 2747 1764 2807 ihn
1795 2747 1845 2807 für
1871 2747 1956 2807 einen
1992 2749 2213 2809 übermütigen
2243 2753 2445 2813 Charmeur,
2466 2753 2526 2813 und
2556 2753 2727 2813 Schnitzler
2753 2753 2863 2813 wurde

1720 2789 1905 2849 manchmal
1926 2792 1992 2852 irre
2013 2792 2049 2852 an
2080 2792 2126 2852 sich
2158 2794 2260 2854 selbst.
2297 2795 2337 2855 Er
2364 2796 2466 2856 fragte
2493 2795 2538 2855 sich
2570 2795 2682 2855 immer
2714 2795 2770 2855 und
2802 2794 2863 2854 im¬

1718 2831 1782 2891 mer
1813 2833 1949 2893 wieder,
1969 2834 2004 2894 ob
2030 2834 2060 2894 er
2091 2836 2140 2896 den
2176 2837 2322 2897 richtigen
2357 2839 2428 2899 Weg
2459 2838 2549 2898 gehe.
2590 2840 2690 2900 Dann
2721 2837 2801 2897 setzte
2832 2840 2861 2900 er

1723 2873 1770 2933 sich
1802 2875 1875 2935 über
1907 2876 1965 2936 alle
1992 2878 2128 2938 Zweifel
2155 2881 2297 2941 hinweg.
2324 2885 2392 2945 „Ich
2424 2882 2497 2942 gehe
2524 2882 2650 2942 meinen
2687 2882 2760 2942 Weg
2798 2882 2855 2942 und

1715 2917 1791 2977 lasse
1818 2920 1889 2980 mich
1926 2921 1982 2981 von
2019 2921 2168 2981 keinerlei
2189 2924 2410 2984 Hemmungen
2447 2926 2508 2986 und
2539 2926 2781 2986 Feindschaften
2813 2924 2863 2984 be¬

1716 2960 1903 3020 einflussen;
1931 2963 2030 3023 denn,
2059 2964 2146 3024 wenn
2186 2964 2257 3024 auch
2285 2968 2378 3028 Ibsen
2418 2968 2522 3028 fragt:
2556 2970 2627 3030 „Ist
2655 2967 2687 3027 es
2721 2968 2859 3028 wirklich

1714 3004 1811 3064 groß,
1833 3004 1892 3064 das
1925 3006 2097 3066 Große?",
2120 3008 2200 3068 dann
2238 3010 2313 3070 weiß
2346 3012 2383 3072 ich
2416 3013 2497 3073 trotz
2520 3013 2649 3073 meines
2676 3013 2870 3073 Grübelns,

1711 3047 1770 3107 daß
1798 3047 1831 3107 es
1864 3049 2001 3109 dennoch
2029 3052 2105 3112 groß
2133 3052 2186 3112 ist.

1793 3096 1836 3156 In
1874 3094 2068 3154 Oesterreich
2101 3094 2170 3154 war
2203 3097 2262 3157 das
2295 3100 2392 3160 Duell
2420 3100 2446 3160 zu
2485 3100 2678 3160 Schnitzlers
2712 3100 2862 3160 Jugend¬

1711 3136 1769 3196 zeit
1797 3135 1867 3195 noch
1894 3135 1996 3195 große
2024 3138 2136 3198 Mode.
2159 3140 2331 3200 Schnitzler
2358 3142 2417 3202 lief
2439 3144 2514 3204 auch
2547 3144 2638 3204 gegen
2671 3144 2757 3204 diese
2785 3143 2865 3203 Ein¬

1708 3178 1851 3238 richtung
1883 3180 2022 3240 Sturm,
2038 3183 2218 3243 allerdings
2250 3185 2311 3245 nur
2337 3186 2393 3246 mit
2415 3186 2466 3246 den
2497 3186 2625 3246 Waffen
2658 3186 2708 3246 der
2735 3186 2868 3246 Satire.

1713 3219 1750 3279 Im
1800 3225 2086 3285 „Zwischenspiel“
2120 3227 2212 3287 speist
2239 3227 2271 3287 er
2304 3228 2352 3288 den
2391 3231 2612 3291 Duellanten,
2662 3231 2732 3291 eine
2765 3231 2862 3291 seiner

1714 3265 2033 3325 Lieblingsfiguren,
2056 3270 2120 3330 mit
2142 3270 2310 3330 folgendem
2359 3273 2462 3333 feinen
2500 3276 2581 3336 Witz
2603 3272 2662 3332 ab:

1799 3311 1870 3371 „Ich
1898 3311 1992 3371 denke
2020 3312 2157 3372 immer,
2180 3314 2212 3374 es
2246 3316 2379 3376 handelt
2407 3318 2456 3378 sich
2490 3318 2528 3378 um
2578 3318 2622 3378 ein
2655 3319 2776 3379 Duell,
2799 3320 2854 3380 und

1704 3352 1767 3412 nun
1800 3350 1868 3410 sehe
1890 3352 1953 3412 ich,
1969 3356 2006 3416 du
2038 3356 2133 3416 willst
2160 3356 2207 3416 ihm
2256 3359 2313 3419 ans
2340 3359 2462 3419 Leben!

1793 3398 1967 3458 Schnitzler
1994 3398 2109 3458 schrieb
2141 3399 2172 3459 u.
2194 3402 2230 3462 a.
2252 3404 2325 3464 auch
2358 3406 2426 3466 zehn
2458 3404 2579 3464 Szenen
2622 3406 2679 3466 aus
2711 3407 2763 3467 dem
2812 3405 2864 3465 Le¬

1704 3438 1783 3498 ben,
1804 3440 1854 3500 die
1879 3443 1909 3503 er
1935 3443 2029 3503 unter
2060 3443 2110 3503 dem
2151 3446 2426 3506 Sammelnamen
2467 3449 2602 3509 „Reigen
2653 3451 2863 3511 zusammen¬

1707 3482 1809 3542 faßte.
1856 3487 1938 3547 „Die
1965 3488 2072 3548 Dirne
2104 3488 2165 3548 und
2202 3488 2253 3548 der
2279 3491 2424 3551 Soldat;
2471 3491 2521 3551 der
2553 3494 2682 3554 Soldat
2708 3494 2769 3554 und
2801 3495 2862 3555 das

1706 3529 2012 3589 Stubenmädchen;
2039 3529 2096 3589 das
2134 3532 2419 3592 Stubenmädchen
2456 3535 2519 3595 und
2551 3537 2604 3597 der
2636 3538 2736 3598 junge
2763 3538 2847 3598 Herr

1703 3569 1755 3629 der
1782 3572 1883 3632 junge
1910 3574 1994 3634 Herr
2026 3574 2089 3634 und
2127 3575 2174 3635 die
2201 3577 2301 3637 junge
2328 3578 2439 3638 Frau;
2466 3580 2513 3640 die
2546 3583 2640 3643 junge
2672 3583 2757 3643 Frau
2800 3582 2857 3642 und

1707 3611 1754 3671 der
1781 3615 1897 3675 Gatte;
1924 3616 1976 3676 der
1998 3617 2103 3677 Gatte
2125 3619 2188 3679 und
2221 3621 2278 3681 das
2305 3622 2379 3682 süße
2406 3622 2543 3682 Mädel;
2565 3625 2622 3685 das
2649 3625 2723 3685 süße
2750 3626 2865 3686 Mädel

1709 3658 1765 3718 und
1796 3659 1852 3719 der
1879 3661 2027 3721 Dichter;
2069 3661 2125 3721 der
2151 3664 2279 3724 Dichter
2311 3667 2372 3727 und
2403 3667 2449 3727 die
2480 3671 2768 3731 Schauspielerin;
2810 3668 2855 3728 die

1705 3703 1964 3763 Schauspielerin
2008 3706 2067 3766 und
2105 3706 2158 3766 der
2187 3708 2294 3768 Graf;
2343 3708 2397 3768 der
2430 3712 2516 3772 Graf
2549 3715 2608 3775 und
2642 3715 2690 3775 die
2723 3714 2862 3774 Dirne“.

1708 3745 1767 3805 Der
1795 3746 1892 3806 Kreis
1926 3747 1963 3807 ist
1991 3748 2110 3808 wieder
2139 3752 2344 3812 geschlossen.

1785 3789 1843 3849 Als
1875 3792 1943 3852 man
1975 3792 2149 3852 Schnitzler
2176 3794 2228 3854 den
2260 3795 2424 3855 Vorwurf
2451 3798 2587 3858 machte,
2604 3798 2661 3858 daß
2694 3796 2719 3856 in
2752 3795 2846 3855 diesen

1705 3831 1823 3891 Szenen
1859 3837 1926 3897 rein
1963 3837 2024 3897 gar
2062 3837 2159 3897 nichts
2190 3837 2366 3897 geschieht,
2408 3837 2609 3897 antwortete
2641 3837 2671 3897 er
2703 3837 2857 3897 gelassen:

1708 3877 1918 3937 „Tatsächlich
1951 3881 2107 3941 geschieht
2135 3882 2253 3942 nichts,
2280 3882 2344 3942 nur
2377 3880 2452 3940 „es“
2485 3879 2652 3939 geschieht,
2680 3879 2738 3939 und
2771 3879 2841 3939 eben

1702 3920 1817 3980 dieses,
1844 3920 1908 3980 wie
1940 3923 2013 3983 „es“
2045 3923 2214 3983 geschieht,
2236 3923 2294 3983 wie
2326 3919 2425 3979 dieses
2452 3919 2563 3979 Nichts
2595 3920 2764 3980 geschieht,
2791 3920 2848 3980 das

1702 3962 1810 4022 wollte
1838 3965 1881 4025 ich
1915 3965 2039 4025 zeigen!

2342 3962 2393 4022 Dr
2435 3965 2492 4025 Leo
2528 3966 2834 4026 Lautenschlager.,
