3344 4384
1398 471 1517 531 box
1593 473 1772 533 44/3

100 488 224 548 12.
273 485 867 545 Schnitzler's
935 483 1164 543 Death

660 1695 766 1755 Seite
789 1695 838 1755 18

1440 1700 1611 1760 Sonntag

619 1775 672 1835 und
710 1779 808 1839 nußte
828 1781 999 1841 schließlich
1018 1781 1054 1841 am
1100 1782 1244 1842 Pranger
1264 1781 1381 1841 stehen.
1400 1784 1462 1844 Der
1491 1784 1599 1844 Pöbel
1618 1785 1708 1845 aber,
1736 1785 1780 1845 der

609 1825 652 1885 sich
685 1824 754 1884 über
788 1826 835 1886 die
863 1826 954 1886 vielen
993 1829 1095 1889 Nieten
1134 1829 1187 1889 aus
1220 1829 1268 1889 dem
1312 1832 1496 1892 Hackelschen
1529 1832 1712 1892 Glückstopf
1739 1833 1787 1893 ge¬

602 1871 710 1931 ärgert
737 1873 834 1933 hatte,
856 1874 942 1934 schrie
975 1875 1028 1935 zur
1056 1877 1298 1937 Schandbühne,
1320 1877 1374 1937 auf
1401 1877 1449 1937 der
1477 1877 1509 1937 er
1536 1878 1638 1938 stand,
1660 1880 1789 1940 empor:

603 1921 705 1981 „Herr
732 1921 785 1981 von
819 1922 937 1982 Hackel,
959 1924 996 1984 ist
1018 1922 1071 1982 das
1104 1924 1147 1984 ein
1180 1925 1374 1985 Spektakel!“
1407 1926 1471 1986 Und
1499 1927 1574 1987 diese
1602 1928 1784 1988 Redensart

603 1972 659 2032 hat
682 1968 732 2028 sich
767 1968 811 2028 bis
840 1969 930 2029 heute
959 1969 987 2029 im
1033 1970 1123 2030 Volke
1158 1972 1309 2032 erhalten.

708 2023 771 2083 Der
800 2025 1002 2085 Glückshafen
1037 2026 1072 2086 ist
1095 2027 1147 2087 das
1182 2029 1372 2089 Spielkasino
1402 2031 1454 2091 des
1483 2030 1592 2090 kleinen
1633 2032 1789 2092 Mannes.

601 2070 666 2130 Das
700 2071 898 2131 Spielkasino
932 2074 1019 2134 aber,
1048 2074 1102 2134 wie
1130 2077 1157 2137 es
1191 2077 1219 2137 in
1258 2079 1346 2139 diesen
1385 2078 1484 2138 Tagen
1523 2080 1682 2140 großartig
1716 2077 1776 2137 und

599 2119 731 2179 prächtig
765 2121 787 2181 in
815 2122 919 2182 Baden
948 2122 1080 2182 eröffnet
1103 2125 1225 2185 wurde,
1242 2125 1274 2185 ist
1297 2125 1341 2185 der
1369 2125 1562 2185 Glückshafen
1597 2125 1668 2185 aller
1691 2126 1790 2186 jener,

600 2166 646 2226 die
677 2167 738 2227 mit
765 2169 909 2229 Fortuna
966 2169 991 2229 in
1048 2169 1254 2229 Wettbewerb
1306 2172 1403 2232 treten
1440 2172 1568 2232 wollen.
1615 2172 1682 2232 Mit
1713 2172 1764 2232 dem

606 2214 744 2274 Schicksal
788 2217 821 2277 um
866 2217 909 2277 den
943 2215 1031 2275 Preis
1054 2219 1152 2279 ringen
1186 2221 1213 2281 zu
1241 2220 1362 2280 dürfen,
1402 2218 1440 2278 die
1468 2218 1567 2278 Göttin
1601 2219 1644 2279 des
1672 2219 1777 2279 Glücks

599 2260 647 2320 als
674 2264 852 2324 leibhaftige
880 2265 1052 2325 Partnerin
1085 2266 1127 2326 sich
1160 2268 1328 2328 gegenüber
1355 2268 1393 2328 am
1431 2268 1592 2328 Spieltisch
1620 2269 1652 2329 zu
1685 2268 1787 2328 sehen,

597 2310 654 2370 das
687 2311 718 2371 ist
745 2310 807 2370 eine
840 2312 966 2372 Lockung
998 2315 1066 2375 auch
1098 2313 1145 2373 für
1177 2313 1224 2373 die
1251 2313 1372 2373 edelsten
1404 2313 1541 2373 Geister.
1563 2315 1652 2375 Denn
1684 2313 1715 2373 es
1747 2314 1778 2374 ist

598 2356 666 2416 eine
693 2359 913 2419 merkwürdige
940 2363 1098 2423 Tatsache,
1125 2364 1177 2424 daß
1209 2364 1277 2424 man
1309 2364 1420 2424 gerade
1447 2364 1536 2424 unter
1563 2361 1615 2421 den
1647 2361 1772 2421 Großen

598 2407 624 2467 in
658 2405 707 2465 der
736 2408 929 2468 Dichtkunst,
968 2408 995 2468 in
1051 2408 1106 2468 der
1151 2408 1305 2468 Malerei,
1350 2411 1377 2471 in
1411 2409 1460 2469 der
1488 2408 1626 2468 Politik,
1665 2410 1692 2470 in
1726 2409 1781 2469 der

601 2455 760 2515 Industrie
788 2454 838 2514 die
872 2456 1181 2516 leidenschaftlichsten
1215 2459 1480 2519 Spielernaturen
1519 2456 1663 2516 antrifft.
1708 2456 1774 2516 Und

596 2502 652 2562 auf
676 2502 709 2562 sie
732 2503 788 2563 alle
811 2504 879 2564 mag
908 2504 958 2564 das
987 2504 1077 2564 Wort
1100 2505 1280 2565 Schnitzlers
1304 2507 1473 2567 zutreffen,
1491 2505 1541 2565 der
1571 2504 1626 2564 mir
1650 2504 1773 2564 damals

598 2551 627 2611 im
670 2552 783 2612 Prater
814 2553 911 2613 sagte:
941 2552 1031 2612 „Mit
1056 2552 1109 2612 dem
1152 2555 1303 2615 Schicksal
1327 2555 1435 2615 spielen
1478 2555 1538 2615 hat
1563 2555 1659 2615 seinen
1695 2555 1773 2615 ganz

600 2599 796 2659 besonderen,
824 2599 1116 2659 unwiderstehlichen
1152 2602 1259 2662 Reiz."

637 2761 1179 2821 Schreckenstat
1229 2760 1421 2820 eines
1483 2758 1736 2818 Schul¬

1007 2855 1366 2915 birettors.

606 2931 970 2991 Privattelegramm
1033 2931 1095 2991 des
1135 2929 1289 2989 „Neuen
1329 2930 1484 2990 Wiener
1523 2928 1755 2988 Journals"

1264 2988 1536 3048 New=York,
1556 2991 1606 3051 14.
1632 2988 1738 3048 April.

698 3048 749 3108 Als
790 3047 836 3107 die
866 3049 1010 3109 Insassen
1046 3047 1097 3107 der
1132 3047 1330 3107 Negerschule
1365 3046 1387 3106 in
1428 3044 1649 3104 Westvirginia
1684 3044 1776 3104 heute

588 3098 755 3158 vormittag
788 3095 879 3155 unter
907 3095 955 3155 der
982 3095 1111 3155 Leitung
1144 3097 1225 3157 ihres
1252 3093 1538 3153 Klassenvorstands
1571 3094 1624 3154 zum
1668 3093 1770 3153 Früh¬

588 3145 657 3205 stück
680 3143 879 3203 versammelt
907 3143 1031 3203 waren,
1053 3144 1171 3204 erschien
1210 3143 1334 3203 plötzlich
1367 3140 1421 3200 der
1448 3140 1685 3200 Schuldirektor
1719 3141 1772 3201 mit

590 3194 671 3254 einem
714 3193 843 3253 Gewehr
865 3192 1032 3252 bewaffnet
1054 3191 1081 3251 im
1119 3191 1346 3251 Schulzimmer
1373 3189 1427 3249 und
1454 3190 1508 3250 gab
1535 3188 1632 3248 einige
1654 3187 1772 3247 Schüsse

587 3239 645 3299 auf
668 3239 710 3299 die
738 3240 861 3300 Schüler
889 3239 937 3299 ab.
959 3239 1023 3299 Der
1045 3239 1309 3299 Klassenvorstand
1342 3237 1444 3297 wurde
1471 3236 1551 3296 durch
1579 3236 1649 3296 eine
1671 3234 1767 3294 Kugel

590 3289 617 3349 in
650 3289 698 3349 den
731 3289 811 3349 Kopf
834 3286 984 3346 getroffen
1017 3285 1071 3345 und
1104 3283 1168 3343 war
1196 3284 1244 3344 auf
1266 3284 1320 3344 der
1342 3283 1439 3343 Stelle
1466 3283 1525 3343 tot.
1548 3283 1633 3343 Fünf
1656 3281 1774 3341 Kinder

588 3337 709 3397 erlitten
751 3334 1041 3394 lebensgefährliche
1079 3331 1316 3391 Verletzungen.
1343 3331 1422 3391 Nach
1459 3328 1633 3388 Verübung
1676 3325 1770 3385 seiner

592 3384 760 3444 gräßlichen
798 3382 866 3442 Tat
893 3382 1014 3442 richtete
1068 3379 1120 3439 der
1174 3380 1300 3440 plötzlich
1359 3378 1554 3438 wahnsinnig
1586 3373 1771 3433 gewordene

594 3433 818 3493 Schuldirektor
848 3430 894 3490 die
919 3430 1024 3490 Waffe
1048 3430 1130 3490 gegen
1166 3427 1213 3487 sich
1237 3427 1325 3487 selbst
1343 3427 1402 3487 und
1432 3424 1573 3484 entleibte
1603 3425 1649 3485 sich
1679 3422 1761 3482 durch

591 3480 652 3540 eine
684 3480 782 3540 Kugel
814 3480 838 3540 in
876 3479 919 3539 die
950 3477 1092 3537 Schläfe.

1278 3743 1667 3803 selt

1090 3891 2131 3951 Kreuzworirüisel.
2167 3881 2238 3941 Von
2281 3881 2359 3941 MA.
2396 3883 2459 3943 S.

703 4021 979 4081 Waagrecht:
1015 4018 1045 4078 1.
1066 4018 1226 4078 Anschrift
1248 4015 1479 4075 (Abkürzung),
1505 4015 1539 4075 3.
1555 4012 1741 4072 Abkürzung

585 4064 639 4124 für
664 4063 899 4123 Prosyriptum,
934 4060 969 4120 5.
984 4060 1057 4120 Gold
1092 4060 1322 4120 (französisch),
1357 4057 1392 4117 6.
1407 4057 1505 4117 König
1535 4056 1755 4116 (italienisch),

591 4105 620 4165 7.
641 4105 852 4165 Pferderasse,
868 4103 913 4163 11.
928 4101 1104 4161 türkischer
1130 4101 1220 4161 Titel,
1235 4102 1281 4162 12.
1291 4099 1447 4159 eruptives
1468 4099 1603 4159 Gestein,
1619 4098 1669 4158 15.
1674 4098 1749 4158 Dorf

592 4143 615 4203 im
659 4144 925 4204 Thüringerwald,
954 4143 1025 4203 auch
1059 4142 1312 4202 Bergeinschnitt
1341 4140 1474 4200 (frühere
1503 4138 1751 4198 Schreibweise),

589 4185 636 4245 16.
656 4186 952 4246 Pferdekrankheit,
976 4185 1028 4245 19.
1043 4184 1187 4244 früherer
1216 4182 1378 4242 Präsident
1412 4182 1459 4242 von
1498 4180 1541 4240 U.
1560 4181 1598 4241 S.
1623 4182 1665 4242 A.
1689 4178 1751 4238 (ge-

585 4229 708 4289 storben
728 4230 823 4290 1826),
842 4229 885 4289 21.
900 4228 1180 4288 Nahrungsmittel,
1200 4226 1242 4286 22.
1253 4226 1424 4286 türkischer
1443 4224 1562 4284 Reiter,
1577 4223 1624 4283 23.
1634 4221 1748 4281 Shake¬

588 4273 751 4333 spearsche
775 4272 1040 4332 Dramengestalt,
1059 4270 1110 4330 25.
1125 4269 1338 4329 Längenmaß,
1357 4269 1403 4329 27.
1423 4268 1511 4328 Stadt
1535 4266 1562 4326 in
1590 4263 1753 4323 Lettland,

587 4311 635 4371 29.
654 4314 702 4374 dem
745 4311 908 4371 Nennwert
933 4311 1047 4371 gleich,
1067 4312 1119 4372 30.
1139 4311 1287 4371 Prophet,
1307 4311 1354 4371 32.
1375 4308 1561 4368 Abkürzung
1591 4310 1638 4370 für
1667 4306 1743 4366 Laus

2864 4303 2907 4363 71
