3392 4384
155 420 271 480 12.
331 426 928 486 Schnitzler's
998 425 1221 485 Deatl
1449 419 1585 479 box
1654 418 1888 478 43/20

1030 1608 1081 1668 saa
1114 1611 1187 1671 faar
1220 1613 1273 1673 jeg
1306 1611 1357 1671 for
1390 1610 1442 1670 dot
1466 1609 1570 1669 meste
1593 1611 1655 1671 slet
1689 1611 1772 1671 intet
1805 1611 1857 1671 ket
1891 1611 1974 1671 vare
2007 1611 2059 1671 den
2092 1611 2261 1671 klerikalt
2284 1614 2527 1674 militaristiake

148 1614 214 1674 lede
245 1611 311 1671 Aar
342 1611 458 1671 tegner
488 1611 614 1671 tydelig
644 1613 730 1673 hans
761 1611 964 1671 deprimered

1017 1668 1105 1728 Svar
1130 1668 1194 1728 paa
1224 1670 1283 1730 mit
1307 1668 1407 1728 andet
1431 1668 1508 1728 eller
1532 1668 1644 1728 tredje
1668 1669 1768 1729 Brev.

237 1670 447 1730 Stemning:
488 1670 610 1730 „Mine
658 1669 868 1729 Erfaringer
916 1668 983 1728 med

1800 1668 2041 1728 antisemitiske
2066 1670 2168 1730 Blok,
2187 1671 2235 1731 som
2272 1671 2446 1731 benyttode
2471 1672 2543 1732 Lej-

242 1727 417 1787 Filmsfolk
456 1729 487 1789 er
519 1727 575 1787 saa
607 1727 707 1787 slette
740 1727 796 1787 som
840 1727 896 1787 vel
922 1726 971 1786 mu

1023 1727 1093 1787 Min
1124 1727 1335 1787 Indflydelse
1360 1727 1519 1787 strækker
1543 1727 1590 1787 sig
1614 1727 1690 1787 ikke
1715 1727 1749 1787 en

1800 1728 1945 1788 ligheden
1975 1727 2018 1787 til
2043 1727 2096 1787 raa
2128 1730 2443 1790 Demonstrationer
2468 1732 2540 1792 den¬

238 1787 328 1847 ligt.
364 1787 504 1847 Maaske
540 1787 595 1847 véd
625 1784 694 1844 De,
716 1787 750 1847 at
779 1786 849 1846 man
885 1785 990 1845 indtil

1019 1788 1104 1848 gang
1145 1784 1197 1844 saa
1238 1785 1330 1845 vidt,
1357 1785 1396 1845 at
1424 1786 1476 1846 jeg
1510 1787 1603 1847 vilde
1637 1785 1722 1845 være
1750 1787 1769 1847 i
1796 1787 1881 1847 gang
1909 1784 2095 1844 Schnitzler
2122 1785 2134 1845 —
2175 1786 2188 1846 i
2208 1786 2320 1846 ovrigt
2341 1789 2433 1849 hejst
2454 1790 2539 1850 mod¬

1019 1844 1130 1904 Stand
1157 1844 1202 1904 til
1222 1844 1254 1904 at
1275 1844 1491 1904 gennemfore
1511 1844 1609 1904 noget
1636 1844 1766 1904 bestemt

1803 1844 1978 1904 stræbende
2004 1844 2016 1904 —
2060 1844 2280 1904 samtykkede
2305 1847 2317 1907 i
2337 1847 2373 1907 at
2400 1847 2468 1907 lade
2493 1849 2536 1909 sit

134 1849 198 1909 nge
236 1844 279 1904 nu
316 1844 381 1904 kun
412 1845 476 1905 har
506 1846 651 1906 „drejet“
696 1844 849 1904 folgende
879 1845 979 1905 Arbej

1019 1902 1085 1962 med
1119 1901 1252 1961 Hensyn
1286 1904 1326 1964 til
1347 1902 1667 1962 Rollebesætningen
1701 1904 1713 1964 i
1727 1904 1760 1964 er

239 1901 297 1961 der
335 1903 371 1963 af
408 1905 496 1965 mig:
534 1904 732 1964 „Libelei",
763 1901 969 1961 „Freiwild“

1797 1903 1984 1963 aandfulde
2014 1904 2220 1964 Læsedrama
2262 1907 2431 1967 „Reigen“
2474 1907 2540 1967 vise

1019 1960 1132 2020 Film,
1152 1960 1239 2020 hvad
1273 1963 1319 2023 jeg
1353 1960 1493 2020 allerede
1520 1960 1613 2020 mere
1641 1960 1693 2020 end
1727 1959 1760 2019 én

126 1959 216 2019 for-
245 1963 496 2023 „Medardus“,
553 1963 727 2023 „Anatol“
784 1963 826 2023 og
889 1961 980 2021 „Frl

1803 1963 1846 2023 fra
1884 1960 2027 2020 Soenen,
2047 1962 2133 2022 hvad
2165 1963 2221 2023 der
2253 1964 2383 2024 vistnok
2415 1965 2477 2025 var
2503 1965 2533 2025 et

1021 2020 1116 2080 Gang
1143 2018 1199 2078 bar
1226 2020 1372 2080 forsogt.
1392 2017 1576 2077 Hvorledes
1602 2017 1652 2077 det
1672 2019 1767 2079 skor¬

238 2020 370 2080 Else";
392 2020 419 2080 og
448 2020 489 2080 nu
511 2020 573 2080 bar
595 2021 664 2081 man
693 2020 706 2080 i
721 2020 875 2080 Amerika
903 2020 987 2080 lavet

1798 2020 1969 2080 ubetinget
1997 2022 2188 2082 Fejlgreb.)
2209 2023 2274 2083 Der
2302 2023 2360 2083 var
2381 2023 2440 2083 han
2474 2023 2526 2083 den

1020 2077 1073 2137 ter
1109 2077 1215 2137 denne
1252 2077 1393 2137 samlede
1429 2077 1660 2137 Filmsverden
1703 2077 1767 2137 selv

128 2078 197 2138 om
240 2080 366 2140 „Spiel
395 2078 423 2138 im
466 2078 789 2138 Morgengrauen“.
825 2077 896 2137 Det
917 2078 980 2138 var

1797 2077 2085 2137 verdensberomte
2130 2080 2254 2140 fejrede
2299 2083 2543 2143 Dramatiker,

125 2137 212 2197 lig,
240 2137 306 2197 med
348 2137 549 2197 Undtagelse
584 2137 617 2197 af
652 2137 705 2197 den
739 2137 860 2197 sidste,
881 2137 982 2197 lutter
1016 2135 1083 2195 paa
1124 2135 1178 2195 den
1219 2136 1441 2196 primitiveste
1476 2136 1684 2196 Hoflighed,
1712 2137 1765 2197 ser
1793 2136 1873 2196 hvis
1901 2136 1988 2196 Vord
2023 2136 2069 2196 vil
2090 2138 2171 2198 leve,
2192 2140 2245 2200 sas
2273 2140 2380 2200 lange
2401 2140 2535 2200 Teatret

1028 2193 1060 2253 de
1087 2193 1184 2253 bedst
1212 2196 1328 2256 deraf,
1349 2196 1380 2256 at
1408 2196 1459 2256 jeg
1486 2193 1531 2253 til
1558 2196 1649 2256 Dags
1676 2194 1760 2254 Dat¬

238 2195 439 2255 Stumfilm.
463 2196 527 2256 For
557 2195 657 2255 Tiden
693 2193 728 2253 er
758 2195 811 2255 der
847 2193 894 2253 den
930 2192 988 2252 ene

1799 2195 1889 2255 staar
1910 2195 1978 2255 ...
1993 2196 2090 2256 Naar
2112 2196 2146 2256 et
2160 2196 2194 2256 af
2215 2198 2277 2258 Sci
2355 2199 2423 2259 lers
2445 2199 2548 2259 Styk¬

131 2252 200 2312 set

245 2253 474 2313 Forhandling
505 2253 588 2313 efter
620 2254 674 2314 den
704 2253 807 2313 anden
838 2253 867 2313 om
904 2253 994 2313 Lyd¬

1018 2250 1074 2310 fra
1112 2253 1168 2313 det
1200 2253 1318 2313 Firma
1356 2253 1368 2313 i
1400 2253 1581 2313 Amerika,
1607 2253 1662 2313 der
1701 2253 1763 2313 har
1795 2253 1857 2313 ker
1882 2253 1994 2313 havde
2027 2256 2239 2316 Urpremière
2290 2255 2308 2315 i
2340 2255 2452 2315 Wien,
2478 2256 2539 2316 var

1021 2313 1158 2373 optaget
1191 2313 1316 2373 „Spiel
1355 2310 1385 2370 im
1450 2313 1745 2373 Morgengrauen“

132 2312 215 2372 tem-
244 2311 490 2371 filmatisering
526 2314 561 2374 af
597 2313 786 2373 „Libelei",
815 2310 970 2370 „Anatol

1798 2314 1885 2374 Byen
1913 2313 1926 2373 —
1974 2313 2021 2373 som
2063 2313 2083 2373 i
2104 2314 2211 2374 ovrigt
2239 2316 2348 2376 aldrig
2382 2316 2537 2376 forsomte

233 2372 277 2432 og
304 2370 401 2430 „Frl.
428 2371 545 2431 Else“,
565 2372 630 2432 men
669 2371 721 2431 det
741 2370 832 2430 forer
859 2370 988 2430 absolut

1022 2370 1076 2430 vel
1098 2370 1214 2430 gennem
1257 2370 1401 2430 Agenten
1429 2370 1491 2430 har
1513 2370 1685 2430 modtaget
1706 2370 1767 2430 mit
1796 2370 1899 2430 nogen
1934 2371 2099 2431 Lejlighed
2135 2372 2148 2432 —
2190 2372 2203 2432 i
2224 2372 2299 2432 Fest
2321 2373 2362 2433 og
2390 2372 2458 2432 hele
2480 2373 2534 2433 den

1022 2426 1204 2486 Honorar,
1225 2429 1286 2489 men
1320 2429 1394 2489 ikke
1415 2429 1448 2489 et
1469 2429 1659 2489 personligt
1686 2426 1747 2486 Ord

237 2429 316 2489 ikke
336 2429 383 2489 til
404 2429 516 2489 noget,
537 2429 630 2489 fordi
650 2429 690 2489 de
711 2429 871 2489 tidligere
891 2429 990 2489 Ejere

1794 2429 2045 2489 intellektuelle
2090 2429 2158 2489 Del
2197 2432 2240 2492 af
2291 2432 2536 2492 Befolkningen

1019 2483 1050 2543 et
1084 2485 1187 2545 Brev,
1207 2486 1239 2546 en
1279 2486 1532 2546 Foresporgsel,
1559 2486 1591 2546 en
1624 2486 1754 2546 Tilslut

128 2486 211 2546 hæve
233 2486 282 2546 af
325 2489 811 2549 Stumfilms-Rettighederne
854 2486 987 2546 gererer

1801 2489 1847 2549 (er
1881 2489 1894 2549 i
1928 2489 2048 2549 evrigt
2082 2489 2154 2549 ikke
2189 2489 2248 2549 det
2282 2489 2408 2549 ganske
2449 2489 2535 2549 Wien

148 2546 211 2606 var
237 2546 288 2606 sig
321 2546 371 2606 som
417 2546 666 2606 Enebesiddere
693 2546 731 2606 og
764 2546 897 2606 bereder
930 2546 968 2606 na

1021 2546 1125 2606 ning,
1147 2546 1195 2606 saa
1224 2546 1258 2606 at
1287 2546 1328 2606 jeg
1357 2546 1419 2606 kun
1448 2546 1664 2606 tilfældigvis
1686 2546 1769 2606 gen-
1799 2546 2085 2606 intellektuelt!),
2149 2549 2169 2609 i
2226 2549 2541 2609 Feberspænding;

236 2602 309 2662 sten
365 2602 407 2662 uo
494 2605 647 2665 indelige
703 2602 967 2662 Vanskelighede

1019 2602 1076 2662 nem
1116 2602 1233 2662 Aviser
1253 2603 1330 2663 faar
1351 2602 1447 2662 noget
1468 2602 1499 2662 at
1520 2602 1597 2662 vide
1617 2604 1649 2664 om
1689 2604 1766 2664 Rol¬
1788 2604 1878 2664 hver
1918 2605 2002 2665 især
2048 2605 2138 2665 folte
2185 2606 2255 2666 det,
2302 2608 2353 2668 som
2419 2608 2535 2668 skulde

1022 2662 1234 2722 lebesætning
1263 2662 1303 2722 og
1331 2662 1385 2722 den
1420 2662 1516 2722 Slags
1544 2665 1626 2725 Ting
1654 2667 1667 2727 .
1688 2666 1701 2726 .
1723 2657 1756 2717 ."

136 2663 204 2723 og
240 2662 301 2722 for
329 2663 425 2723 Lyd.
495 2665 701 2725 soptagelse.
750 2662 798 2722 At
833 2663 881 2723 jeg
923 2662 984 2722 hal

1800 2662 1892 2722 deres
1936 2665 2063 2725 Yngste
2107 2665 2227 2725 holdes
2271 2665 2349 2725 over
2392 2668 2527 2728 Daaben

1076 2719 1139 2779 Det
1166 2719 1357 2779 allersidste
1377 2721 1530 2781 Livstegn
1563 2722 1594 2782 er
1614 2722 1677 2782 kun
1710 2722 1760 2782 fas

134 2720 371 2780 Ste-skrevet
395 2720 550 2780 Snesevis
569 2722 603 2782 af
621 2721 783 2781 Noveller
801 2721 835 2781 og
865 2721 974 2781 Teater

1796 2722 1876 2782 eller
1914 2722 1972 2782 den
2009 2725 2141 2785 Eldste
2172 2725 2208 2785 op
2245 2725 2296 2785 til
2326 2725 2524 2785 Embedseks

130 2779 212 2839 ende
238 2782 397 2842 stykker,
417 2782 467 2842 som
513 2782 576 2842 dog
609 2779 742 2839 maaske
768 2779 863 2839 ogsaa
896 2779 985 2839 vilde
1017 2780 1112 2840 Dage
1139 2780 1317 2840 gammelt,
1336 2781 1578 2841 Hieroglyffer,
1598 2782 1764 2842 ulæselige

1793 2782 1906 2842 amen.
1943 2783 2000 2843 Jeg
2029 2783 2093 2843 har
2116 2783 2179 2843 selv
2201 2785 2387 2845 overvaret
2410 2787 2438 2847 en
2467 2786 2545 2846 saa¬

137 2837 202 2897 ude

1022 2838 1073 2898 for
1114 2836 1179 2896 alle
1219 2838 1323 2898 andre
1357 2837 1422 2897 end
1462 2838 1757 2898 Skrifteksparter

239 2838 322 2898 egne
342 2838 387 2898 sig
413 2838 535 2898 ganske
561 2838 637 2898 godt
664 2838 715 2898 for
735 2838 901 2898 Lydfilm,
921 2836 978 2896 der

1799 2841 1856 2901 dan
1893 2841 2131 2901 Urpremière.
2168 2841 2232 2901 Det
2262 2842 2320 2902 var
2349 2842 2413 2902 paa
2443 2844 2471 2904 et
2501 2844 2536 2904 af

239 2895 275 2955 om
319 2898 492 2958 bekymrer
517 2897 604 2957 disse
629 2898 709 2958 Folk
741 2896 784 2956 sig
815 2895 908 2955 ikke.
939 2895 988 2955 De

1021 2895 1087 2955 Det
1119 2895 1321 2955 sædvanlige
1353 2896 1469 2956 „Liebe
1500 2896 1586 2956 Frau
1624 2896 1733 2956 Karen

1795 2898 1878 2958 hans
1907 2898 1927 2958 i
1949 2899 2067 2959 evrigt
2095 2901 2227 2961 mindre
2256 2901 2443 2961 betydelige
2472 2901 2541 2961 Ar¬

133 2956 212 3016 dste
240 2955 272 3015 er
299 2955 458 3015 endogsaa
485 2955 537 3015 for
565 2955 663 3015 dovne
691 2955 730 3015 til
751 2955 784 3015 at
804 2955 876 3015 lase
897 2955 983 3015 mine
1017 2954 1056 3014 er
1083 2952 1282 3012 umotiveret
1309 2955 1375 3015 blev
1402 2955 1448 3015 til
1488 2955 1574 3015 Sehr
1601 2955 1766 3015 verehrte,

1799 2958 1909 3018 bejder
1947 2958 2130 3018 „Komödie
2183 2958 2241 3018 der
2271 2960 2514 3020 Verführung“

131 3018 213 3078 gna-
237 3015 348 3075 Ting,
367 3015 401 3075 og
432 3015 525 3075 atter
549 3015 584 3075 og
620 3014 708 3074 atter
732 3015 878 3075 kommer
909 3014 979 3074 man
1015 3013 1167 3073 gnädige
1203 3015 1338 3075 Frau“,
1380 3013 1438 3073 det
1474 3012 1573 3072 halve
1615 3013 1656 3073 af
1704 3013 1750 3073 mi

1795 3015 1915 3075 hvoraf
1942 3015 1986 3075 som
2025 3016 2171 3076 bekendt
2191 3018 2223 3078 en
2255 3018 2319 3078 Akt
2345 3020 2504 3080 foregaar
2524 3021 2543 3081 1

129 3071 216 3131 af-
242 3071 285 3131 til
312 3071 380 3131 mig
412 3070 475 3130 med
513 3069 569 3129 den
601 3071 777 3131 latterlige
809 3069 972 3129 Fordring

1017 3069 1112 3129 Navn
1153 3074 1323 3134 mangler,
1352 3072 1454 3132 ogsaa
1489 3071 1688 3131 Angivelsen
1734 3071 1744 3131 a

1798 3074 1970 3134 Gilleleje.
2009 3074 2110 3134 Hvor
2137 3074 2206 3134 stor
2252 3077 2315 3137 var
2342 3077 2418 3137 ikke
2463 3077 2533 3137 min

115 3127 220 3187 Wær-
241 3130 273 3190 at
301 3132 353 3192 jeg
387 3128 459 3188 skal
487 3129 592 3189 levere
620 3131 679 3191 dem
719 3129 812 3189 korte
846 3128 978 3188 Uddrag

1018 3130 1075 3190 det
1102 3129 1217 3189 Land,
1243 3131 1294 3191 jeg
1327 3131 1487 3191 opholder
1521 3129 1584 3189 mig
1617 3130 1635 3190 i
1656 3128 1674 3188 —
1726 3131 1758 3191 ei

1795 3131 2025 3191 Forbavselse,
2058 3134 2096 3194 da
2141 3134 2244 3194 denne
2276 3135 2546 3195 nordsjælland¬

118 3188 214 3248 Pelv.
241 3189 280 3249 af
301 3188 385 3248 mine
412 3188 588 3248 Noveller,
601 3189 633 3249 o.
654 3191 686 3251 s.
700 3191 745 3251 v.,
765 3190 817 3250 for
838 3190 870 3250 at
890 3188 987 3248 spare

1021 3190 1175 3250 rystende
1208 3188 1420 3248 Indledning
1453 3189 1497 3249 til
1530 3188 1587 3248 den
1620 3190 1754 3250 Hjerne

1798 3191 1848 3251 se
1878 3191 2048 3251 forblæste
2093 3196 2121 3256 ig
2152 3194 2299 3254 bladlese
2330 3195 2402 3255 Egn
2441 3195 2535 3255 frem¬

108 3248 218 3308 me-
237 3248 328 3308 disse
354 3245 538 3305 Subjekter
570 3248 618 3308 for
650 3248 705 3308 den
736 3248 828 3308 Moje
853 3248 889 3308 at
915 3248 988 3308 lase

1021 3248 1230 3308 katastrofe,
1255 3248 1310 3308 der
1342 3248 1489 3308 forestod
1515 3249 1588 3309 ...

1790 3250 1905 3310 tonede
1926 3250 1939 3310 i
1960 3253 2191 3313 Tropedragt,
2205 3252 2355 3312 smykket
2376 3253 2444 3313 med
2471 3253 2545 3313 Pal¬

1073 3304 1229 3364 Teatrets
1249 3304 1261 3364 —
1299 3304 1405 3364 særlig
1437 3307 1487 3367 det
1507 3307 1757 3367 tysk-ostrigsk.

146 3305 206 3365 den
240 3307 273 3367 en
309 3307 362 3367 hel
383 3305 443 3365 Bog
479 3304 512 3364 af
540 3306 600 3366 mig
628 3307 797 3367 igennem.
839 3307 892 3367 Jeg
920 3305 987 3365 selv

1794 3307 1856 3367 mer
1882 3309 1919 3369 og
1945 3310 2127 3370 slyngende
2153 3310 2297 3370 Lianer.
2316 3313 2373 3373 Jeg
2399 3316 2536 3376 spurgte

135 3363 214 3423 mis-
240 3363 300 3423 har
326 3364 535 3424 naturligvis
560 3364 633 3424 ikke
659 3367 714 3427 den
739 3364 886 3424 ringeste
912 3364 991 3424 Lyst

1019 3364 1154 3424 Teaters
1201 3364 1213 3424 —
1286 3364 1487 3424 Indstilling
1535 3367 1586 3427 til
1626 3364 1762 3424 Arthur
1796 3367 1945 3427 bagofter
1972 3369 2044 3429 Dr.
2064 3370 2272 3430 Schnitzler,
2293 3370 2377 3430 hvad
2410 3372 2539 3432 Menin¬

126 3422 205 3482 uden
242 3425 285 3485 til
304 3424 334 3484 at
359 3423 481 3483 tilbyde
506 3422 844 3482 Filmsdirektorerne
869 3422 985 3482 egnede
1016 3424 1207 3484 Schnitzler
1238 3424 1299 3484 var
1324 3424 1532 3484 naturligvis
1551 3424 1588 3484 en
1613 3424 1680 3484 helt
1711 3427 1852 3487 an-gen
1889 3427 1968 3487 var.
2012 3427 2092 3487 Han
2129 3429 2239 3489 smilte
2270 3430 2337 3490 lidt
2369 3433 2540 3493 forlegent

131 3480 219 3540 For-
243 3480 385 3540 Emner.
433 3483 480 3543 Og
516 3482 586 3542 hvis
616 3483 651 3543 en
688 3481 763 3541 eller
800 3480 900 3540 anden
942 3480 970 3540 en

1018 3480 1095 3540 den.
1132 3483 1281 3543 (Ganske
1312 3482 1378 3542 vist
1408 3480 1661 3540 gennemlevede
1692 3483 1751 3543 han
1794 3484 1829 3544 og
1860 3486 1974 3546 tilstod
1999 3486 2077 3546 over
2102 3486 2155 3546 for
2180 3488 2263 3548 mig,
2282 3489 2317 3549 at
2342 3490 2396 3550 han
2426 3489 2534 3549 havde

1021 3540 1075 3600 der
1101 3540 1198 3600 ogsaa
1230 3542 1260 3602 en
1298 3541 1463 3601 vanskelig
1501 3542 1666 3602 Krisetid,
1692 3544 1765 3604 tak¬

132 3540 167 3600 ed
196 3541 217 3601 i
246 3543 332 3603 gang
361 3543 403 3603 af
425 3543 503 3603 egen
532 3543 639 3603 Drift
661 3543 811 3603 kommer
841 3543 883 3603 til
905 3546 990 3606 mig,

1798 3546 1954 3606 Forelsket
1981 3546 2025 3606 sig
2052 3547 2064 3607 i
2091 3548 2143 3608 det
2170 3550 2293 3610 dejlige
2319 3549 2384 3609 Ord
2417 3549 2534 3609 Gil-le¬

2633 1626 2755 1686 lae,
2769 1621 2805 1681 un
2843 1619 2867 1679 l
2893 1615 2967 1675 s
2994 1611 3067 1671 den
3105 1610 3154 1670 lal
3192 1605 3228 1665 un

2593 1682 2770 1742 Kærtegn.
2808 1678 2874 1738 For
2897 1674 2964 1734 ham
3002 1668 3112 1728 kunde
3135 1662 3224 1722 dette
3255 1660 3305 1720 Ste

2590 1744 2664 1804 lige
2690 1740 2739 1800 saa
2775 1737 2849 1797 godt
2875 1733 2967 1793 ligge
2993 1730 3009 1790 i
3035 1724 3218 1784 Marokko.
3253 1719 3302 1779 Me

2602 1798 2757 1858 desuden,
2780 1795 2877 1855 sagde
2900 1790 2981 1850 han,
2997 1784 3101 1844 havde
3125 1782 3183 1842 han
3214 1777 3280 1837 lest

2597 1861 2698 1921 Sted,
2714 1856 2745 1916 at
2769 1854 2823 1914 den
2855 1849 2972 1909 varme
2997 1841 3169 1901 Golfstrem
3209 1836 3294 1896 strej

2603 1919 2642 1979 de
2667 1914 2857 1974 Danmarks
2882 1907 3024 1967 Kyster,
3041 1903 3080 1963 og
3113 1898 3144 1958 at
3169 1896 3239 1956 man

2599 1977 2684 2037 kelig
2718 1973 2787 2033 hist
2812 1968 2842 2028 og
2875 1965 2937 2025 her
2962 1961 3071 2021 kunde
3104 1955 3214 2015 træffe
3238 1950 3300 2010 Til

2595 2036 2645 2096 til
2675 2032 2797 2092 tropisk
2834 2021 3051 2081 Vegetation.
3073 2016 3138 2076 Det
3160 2014 3232 2074 siog

2607 2093 2640 2153 at
2666 2090 2715 2150 eaa
2750 2086 2824 2146 lille
2850 2083 2908 2143 var
2934 2080 3043 2140 altsaa
3069 2076 3143 2136 vort
3170 2071 3260 2131 Land

2605 2150 2645 2210 at
2680 2148 2779 2208 denne
2813 2142 2904 2202 store
2939 2140 3038 2200 Mand
3080 2134 3130 2194 fra
3164 2129 3221 2189 det

2611 2208 2694 2268 Rige
2721 2202 2814 2262 intet
2840 2198 2950 2258 vidste
2985 2194 3120 2254 derom,
3147 2190 3180 2250 ja
3215 2186 3298 2246 mind

2612 2267 2667 2327 end
2700 2263 2803 2323 intet,
2828 2262 2866 2322 og
2891 2257 3058 2317 samtidig
3090 2250 3169 2310 felte
3202 2250 3249 2310 jeg

2604 2329 2666 2389 saa
2699 2321 2913 2381 forunderlig
2954 2313 3024 2373 rert
3073 2310 3151 2370 over
3183 2305 3199 2365 i
3224 2304 3286 2364 Art

2614 2381 2817 2441 Schnitzlers
2849 2371 3097 2431 omspændende
3128 2366 3248 2426 Videns
3272 2364 3301 2424 st

2621 2442 2654 2502 te
2678 2437 2965 2497 Aladdinspalads
2990 2430 3011 2490 at
3036 2429 3115 2489 have
3140 2423 3277 2483 opdaget

2623 2501 2694 2561 lille
2716 2495 2904 2555 ufuldferte
2926 2489 3041 2549 Vindu
3063 2489 3134 2549 ...

2680 2614 2726 2674 Om
2764 2611 2894 2671 Arthur
2914 2605 3118 2665 Schnitzlers
3138 2599 3201 2659 Liv
3221 2597 3276 2657 har

2627 2676 2766 2736 allerede
2793 2668 2924 2728 dannet
2951 2666 3003 2726 sig
3030 2661 3143 2721 Myte.
3162 2657 3231 2717 Det
3259 2656 3301 2716 las

2621 2736 2680 2796 saa
2707 2731 2766 2791 nar
2793 2730 2826 2790 at
2844 2725 2946 2785 slutte
2973 2725 3015 2785 fra
3042 2719 3196 2779 Begerne
3214 2716 3247 2776 og

2624 2793 2757 2853 tificere
2781 2788 2875 2848 deres
2892 2785 2962 2845 ofte
2987 2781 3151 2841 gentagne
3176 2775 3285 2835 Hoved

2627 2853 2704 2913 son,
2723 2848 2774 2908 den
2802 2845 2968 2905 elegante,
2987 2838 3178 2898 overlegne,
3197 2832 3292 2892 lidtt

2623 2912 2659 2972 te
2675 2907 2878 2967 Levemand,
2894 2901 2961 2961 med
2984 2895 3195 2955 Forfatteren
3218 2889 3299 2949 selv.

2631 2969 2756 3029 eneste,
2782 2966 2848 3026 man
2874 2961 2941 3021 med
2975 2955 3150 3015 Sikkerhed
3185 2951 3259 3011 véd,
3277 2949 3301 3009 en

2631 3025 2816 3085 Schnitzler
2845 3019 2959 3079 levede
2989 3012 3116 3072 adskilt
3146 3011 3195 3071 fra
3224 3009 3273 3069 sin

2631 3086 2774 3146 tagende
2806 3080 2917 3140 Frue,
2942 3074 2997 3134 som
3038 3072 3124 3132 han,
3149 3068 3276 3128 trofast

2636 3146 2699 3206 han
2732 3143 2810 3203 var,
2827 3135 2986 3195 bevarede
3019 3131 3042 3191 et
3076 3128 3266 3188 ubrydeligt

2638 3203 2714 3263 skab
2741 3200 2792 3260 for
2818 3198 2852 3258 og
2878 3197 2912 3257 af
2939 3194 2972 3254 og
2999 3192 3040 3252 til
3067 3188 3195 3248 besogte
3213 3185 3229 3245 i
3256 3184 3289 3244 Be

2643 3261 2723 3321 hvor
2749 3258 2812 3318 hyr
2846 3253 2943 3313 boede
2977 3249 3115 3309 sammen
3148 3245 3213 3305 med
3254 3242 3285 3302 Se

2640 3318 2828 3378 Heinrich,
2851 3315 2879 3375 en
2916 3313 2959 3373 fin
2996 3311 3024 3371 og
3062 3303 3293 3363 gennemkulti

2646 3376 2881 3436 Skuospiller,
2898 3370 3033 3430 knyttet
3059 3366 3108 3426 til
3135 3360 3293 3420 Statsteat

2701 3434 2778 3494 Selv
2807 3432 2913 3492 levede
2935 3430 2998 3490 han
3020 3427 3076 3487 ene
3099 3425 3112 3485 i
3134 3423 3183 3483 sin
3205 3420 3297 3480 stor¬

2648 3499 2678 3559 la
2702 3495 2717 3555 i
2741 3492 2850 3552 Wiens
2874 3486 3005 3546 Udkant
3030 3483 3099 3543 med
3123 3481 3169 3541 sin
3201 3478 3278 3538 unge

2655 3558 2704 3618 ter
2736 3555 2825 3615 Lily.
2858 3550 2917 3610 For
2949 3549 2978 3609 et
3009 3546 3079 3606 Par
3111 3545 3171 3605 Aar
3202 3538 3292 3598 siden
