3248 4384
149 2287 269 2347 Wey.

143 2362 204 2422 chen
236 2361 408 2421 Dichters.

159 2422 288 2482 größten
326 2421 524 2481 österreichi¬

141 2465 323 2525 gegangen.
367 2465 436 2525 Wie
463 2465 522 2525 für

142 2510 301 2570 storbenen
337 2512 366 2572 zu
402 2510 505 2570 seinem

133 2549 159 2609 te
193 2553 242 2613 der
270 2553 412 2613 Jubilar
440 2555 521 2615 nicht

138 2595 319 2655 Schnitzlers
356 2596 406 2656 kam
452 2596 522 2656 völ¬

135 2641 230 2701 mmer
257 2641 326 2701 noch
348 2641 517 2701 schaffens¬

162 2686 285 2746 einmal
313 2689 436 2749 gesagt,
458 2686 522 2746 Ar¬

133 2733 162 2793 ge
186 2731 336 2791 Dichter.
371 2731 417 2791 In
452 2728 521 2788 die¬

133 2776 227 2836 chtig.
273 2773 356 2833 Auch
390 2773 518 2833 Arthur

141 2817 224 2877 sollen
255 2819 395 2879 müssen.
412 2818 515 2878 Seine

157 2862 258 2922 feinem
309 2864 431 2924 Spott,
457 2862 512 2922 das

140 2906 225 2966 war,
241 2907 310 2967 wich
337 2907 363 2967 in
395 2907 501 2967 spätem

133 2952 164 3012 er
196 2952 324 3012 Dichter
357 2952 410 3012 hat
442 2952 522 3012 nicht

141 2996 215 3056 fand
249 2994 275 3054 in
313 2997 414 3057 seinen
453 2996 522 3056 letz¬

133 3038 157 3098 er
193 3036 233 3096 ein
269 3038 386 3098 großer
417 3038 517 3098 Buch¬

141 3083 194 3143 die
222 3083 303 3143 seine
336 3083 514 3143 Anhänger

129 3126 180 3186 rb.
217 3128 353 3188 Arthur
379 3127 520 3187 Schnitz¬

127 3170 176 3230 den
215 3173 264 3233 ist,
287 3173 419 3233 gehörte
447 3173 519 3233 auch

122 3216 176 3276 gen
217 3215 445 3275 Generation,
471 3218 520 3278 die

126 3257 187 3317 ann
218 3259 274 3319 das
305 3260 448 3320 Theater
474 3259 525 3319 er¬

223 3301 249 3361 in
286 3304 344 3364 der
376 3307 523 3367 Form.

129 3346 176 3406 und
214 3347 293 3407 seine
326 3349 516 3409 Denkweise

122 3392 192 3452 ader
227 3394 391 3454 gewagten
431 3394 520 3454 Neu¬

123 3435 218 3495 prache
251 3439 314 3499 und
347 3439 405 3499 sein
443 3438 522 3498 Stil

122 3480 209 3540 mung
245 3480 274 3540 an
315 3483 450 3543 andere,
475 3483 520 3543 die

130 3525 231 3585 aben.

118 3579 155 3639 die
188 3579 423 3639 Schnitzlersche
457 3579 521 3639 Art

151 3624 257 3684 Kunst
289 3625 315 3685 zu
353 3625 523 3685 erklären.

132 3669 421 3729 derstellung
459 3669 528 3729 ein,

120 3713 140 3773 em
190 3711 383 3771 bestimmten
418 3713 512 3773 Kreis

123 3755 132 3815 t
148 3755 309 3815 dekadent
330 3758 411 3818 sind.
447 3757 517 3817 Da¬

117 3800 151 3860 aß
183 3800 361 3860 Schnitzler
387 3801 443 3861 auf
464 3803 519 3863 der

112 3845 202 3905 rische
234 3847 367 3907 Dichter
404 3848 516 3908 aufge¬

118 3890 210 3950 beiten
247 3891 330 3951 liegt
362 3893 433 3953 eine
465 3892 516 3952 ge¬

154 3934 267 3994 Spott,
292 3937 418 3997 Ironie
448 3936 508 3996 und

331 375 951 435 Schnitzler's
1022 378 1260 438 Death

1429 376 1552 436 box
1631 384 1817 444 43/5

599 2250 701 2310 seinem
748 2250 876 2310 Lächeln
912 2252 1076 2312 verbirgt,
1103 2253 1148 2313 die
1180 2254 1256 2314 aber
1288 2256 1477 2316 namentlich
1514 2256 1539 2316 in
1581 2259 1631 2319 den
1668 2258 1760 2318 Tra¬

599 2295 708 2355 gödien
759 2298 960 2358 Schnitzlers
1012 2296 1066 2356 den
1117 2298 1228 2358 Hörer
1278 2299 1338 2359 und
1390 2302 1570 2362 Zuschauer
1601 2304 1676 2364 stets
1707 2302 1761 2362 ge¬

599 2339 683 2399 packt
711 2340 785 2400 hat.

677 2384 851 2444 Schnitzler
883 2383 949 2443 war
975 2382 1021 2442 ein
1052 2384 1195 2444 überaus
1222 2386 1432 2446 produktiver
1463 2387 1607 2447 Dichter.
1643 2390 1689 2450 Es
1720 2390 1756 2450 ist

598 2426 700 2486 gewiß
730 2426 774 2486 ein
809 2426 902 2486 hohes
937 2423 995 2483 Lob
1025 2428 1073 2488 für
1103 2429 1151 2489 den
1187 2429 1446 2489 Verstorbenen,
1471 2432 1559 2492 wenn
1594 2434 1662 2494 man
1696 2432 1750 2492 von

599 2471 699 2531 vielen
734 2471 839 2531 seiner
865 2471 980 2531 Werke
1006 2471 1096 2531 sagen
1127 2473 1217 2533 darf,
1238 2474 1293 2534 daß
1323 2474 1363 2534 sie
1394 2477 1489 2537 etwas
1524 2478 1604 2538 ganz
1635 2479 1765 2539 Neues,

605 2514 679 2574 ganz
705 2514 936 2574 Eigenartiges
966 2516 1111 2576 gebracht
1132 2519 1253 2579 haben.
1273 2519 1343 2579 Das
1374 2521 1434 2581 gilt
1454 2522 1509 2582 für
1535 2522 1765 2582 „Anatol",

601 2558 791 2618 Schnitzlers
831 2558 924 2618 erstes
959 2560 1061 2620 Buch,
1081 2561 1179 2621 sieben
1219 2561 1360 2621 überaus
1395 2566 1551 2626 reizvolle
1581 2567 1756 2627 Gespräche

598 2602 736 2662 zwischen
794 2602 889 2662 zwei,
933 2602 1009 2662 drei
1053 2602 1238 2662 Personen,
1263 2605 1320 2665 von
1358 2607 1459 2667 denen
1498 2609 1578 2669 zwei
1607 2608 1755 2668 Männer

599 2644 713 2704 immer
744 2646 794 2706 die
819 2647 955 2707 gleichen
991 2647 1131 2707 bleiben,
1156 2650 1282 2710 Anatol
1307 2651 1367 2711 und
1403 2653 1503 2713 Max,
1524 2655 1674 2715 während
1710 2654 1754 2714 die

598 2689 728 2749 Frauen
768 2690 934 2750 wechseln.
980 2692 1110 2752 Anatol
1161 2692 1281 2752 erlebt,
1312 2695 1392 2755 Max
1428 2698 1563 2758 dagegen
1604 2698 1759 2758 bespricht

599 2734 658 2794 und
689 2734 864 2794 bespöttelt
890 2734 939 2794 die
965 2737 1211 2797 Liebesafsaren
1246 2740 1346 2800 seines
1382 2742 1572 2802 Freundes,
1598 2742 1658 2802 und
1688 2743 1748 2803 aus

599 2779 693 2839 diesen
749 2779 920 2839 Dialogen
976 2782 1081 2842 wegen
1137 2782 1192 2842 der
1223 2785 1529 2845 Gegensätzlichkeit
1559 2788 1610 2848 der
1645 2788 1750 2848 beiden

599 2823 749 2883 Männer
780 2823 890 2883 ergibt
920 2823 971 2883 sich
1001 2823 1076 2883 jene
1107 2826 1288 2886 eigenartig
1324 2829 1464 2889 reizvoll
1495 2829 1616 2889 heitere
1646 2829 1761 2889 Stim¬

598 2868 711 2928 mung,
731 2868 779 2928 die
804 2868 946 2928 zwischen
981 2870 1222 2930 Erlebnistiefe
1247 2871 1310 2931 und
1340 2873 1364 2933 im
1409 2874 1565 2934 Abrücken
1600 2874 1654 2934 von
1689 2876 1742 2936 dem

599 2913 754 2973 Ereignis
785 2912 860 2972 hin=
886 2913 945 2973 und
976 2915 1203 2975 herschwankt.
1239 2916 1385 2976 Anatol,
1405 2918 1460 2978 das
1496 2918 1530 2978 ist
1551 2919 1606 2979 der
1637 2920 1767 2980 Mann,

598 2957 652 3017 der
682 2955 735 3015 bei
765 2955 819 3015 den
859 2956 991 3016 Frauen
1031 2958 1212 3018 ruhmvolle
1247 2961 1467 3021 Niederlagen
1507 2964 1659 3024 erleidet,
1689 2964 1742 3024 dem

599 3000 790 3060 Stimmung
821 3001 881 3061 vor
912 3002 993 3062 alles
1024 3003 1144 3063 andere
1175 3006 1261 3066 geht,
1287 3006 1342 3066 der
1373 3006 1469 3066 liebt,
1495 3008 1570 3068 ohne
1606 3009 1661 3069 das
1692 3009 1762 3069 Be¬

594 3044 727 3104 dürfnis
764 3044 821 3104 zur
847 3044 960 3104 Treue
987 3046 1017 3106 zu
1054 3047 1172 3107 haben.
1209 3047 1271 3107 Ein
1307 3050 1426 3110 kleines
1463 3052 1695 3112 Kabinettstück
1726 3053 1762 3113 ist

599 3088 643 3148 die
674 3089 895 3149 Schilderung
936 3092 1036 3152 seiner
1066 3092 1297 3152 Beziehungen
1338 3096 1368 3156 zu
1409 3095 1514 3155 Cora.
1560 3095 1604 3155 Er
1640 3097 1755 3157 möchte

598 3132 720 3192 wissen,
745 3132 877 3192 obwohl
907 3134 941 3194 er
971 3134 1000 3194 im
1044 3136 1161 3196 tiefsten
1196 3138 1333 3198 Innern
1373 3140 1470 3200 daran
1505 3140 1759 3200 uninteressiert

596 3178 645 3238 ist,
670 3176 704 3236 ob
734 3176 777 3236 sie
802 3178 856 3238 ihn
891 3179 954 3239 mit
979 3179 1116 3239 anderen
1151 3181 1303 3241 betrügt,
1328 3184 1357 3244 er
1387 3185 1529 3245 versucht
1559 3186 1661 3246 wegen
1701 3188 1750 3248 des

596 3224 856 3284 Widerstandes,
876 3224 930 3284 den
965 3224 998 3284 er
1024 3224 1072 3284 bei
1097 3224 1146 3284 ihr
1171 3227 1293 3287 findet,
1313 3227 1357 3287 ihr
1387 3227 1440 3287 das
1475 3229 1666 3289 Geheimnis
1701 3230 1759 3290 auf

598 3266 656 3326 alle
686 3265 843 3325 mögliche
873 3266 976 3326 Weise
1006 3267 1034 3327 zu
1074 3270 1261 3330 entreißen,
1286 3271 1452 3331 schließlich
1487 3272 1610 3332 kommt
1640 3272 1668 3332 er
1703 3275 1761 3335 auf

596 3310 647 3370 den
685 3310 880 3370 Gedanken,
900 3311 987 3371 Cora
1016 3312 1043 3372 in
1077 3312 1225 3372 Hypnose
1254 3315 1286 3375 zu
1320 3316 1487 3376 versenken
1524 3316 1585 3376 und
1618 3319 1678 3379 nun
1716 3319 1748 3379 an

599 3357 633 3417 sie
659 3355 708 3415 die
734 3355 971 3415 entscheidende
997 3356 1102 3416 Frage
1133 3358 1162 3418 zu
1193 3359 1329 3419 richten.
1365 3358 1455 3418 Aber
1486 3360 1530 3420 als
1566 3361 1647 3421 Cora
1677 3363 1757 3423 hyp¬

592 3398 744 3458 notisiert
774 3400 823 3460 ist,
848 3400 922 3460 kann
957 3400 990 3460 er
1015 3400 1064 3460 sich
1095 3400 1173 3460 nicht
1203 3403 1276 3463 dazu
1311 3403 1537 3463 entschließen,
1557 3406 1596 3466 sie
1626 3408 1655 3468 zu
1690 3406 1758 3466 fra¬

594 3447 673 3507 gen.
729 3445 779 3505 Er
825 3445 965 3505 fürchtet
1006 3445 1055 3505 die
1101 3445 1277 3505 Wahrheit
1302 3448 1332 3508 zu
1368 3448 1488 3508 hören.
1529 3451 1593 3511 Ihm
1644 3449 1679 3509 ist
1705 3452 1754 3512 die

597 3486 732 3546 Illusion
768 3486 874 3546 lieber
905 3486 955 3546 als
991 3486 1041 3546 die
1067 3489 1254 3549 Wahrheit.
1295 3490 1380 3550 Hier
1411 3492 1456 3552 ein
1497 3492 1643 3552 typisches
1679 3492 1759 3552 Bei¬

599 3531 677 3591 spiel
707 3531 819 3591 dafür,
845 3532 903 3592 wie
938 3531 1065 3591 Anatol
1095 3531 1154 3591 nur
1189 3533 1247 3593 mit
1277 3534 1380 3594 seiner
1415 3537 1537 3597 Stärke
1567 3540 1679 3600 spielt,
1699 3538 1757 3598 ob¬

599 3576 686 3636 wohl
707 3574 738 3634 er
769 3577 867 3637 weiß,
888 3576 939 3636 daß
971 3577 1001 3637 er
1028 3578 1084 3638 gar
1110 3576 1192 3636 nicht
1214 3579 1296 3639 stark
1322 3579 1373 3639 ist.

675 3628 739 3688 Die
765 3628 871 3688 Figur
902 3628 1048 3688 Anatols
1078 3627 1184 3687 findet
1209 3630 1255 3690 sich
1285 3631 1315 3691 in
1346 3633 1401 3693 dem
1447 3633 1482 3693 am
1528 3636 1653 3696 meisten
1689 3635 1759 3695 auf¬

593 3673 761 3733 geführten
804 3673 994 3733 Schauspiel
1026 3675 1242 3735 Schnitzlers,
1269 3676 1294 3736 in
1337 3678 1585 3738 „Liebelei“
1622 3679 1759 3739 wieder,

598 3718 637 3778 ein
672 3716 784 3776 Stück,
805 3718 864 3778 das
894 3718 962 3778 auch
997 3718 1085 3778 heute
1115 3717 1183 3777 noch
1214 3719 1361 3779 überaus
1391 3723 1666 3783 bühnenwirksam
1711 3724 1764 3784 ist,

594 3761 623 3821 in
654 3760 704 3820 dem
744 3760 789 3820 die
815 3761 1000 3821 Beziehung
1031 3763 1081 3823 zur
1106 3761 1226 3821 kleinen
1257 3766 1422 3826 Freundin
1453 3767 1639 3827 geschildert
1664 3767 1759 3827 wird.

599 3804 653 3864 Sie
679 3805 794 3865 bleibt,
815 3806 945 3866 obwohl
966 3806 1015 3866 der
1041 3806 1116 3866 Held
1141 3806 1191 3866 des
1222 3809 1367 3869 Dramas
1398 3811 1448 3871 für
1473 3812 1598 3872 wenige
1624 3812 1754 3872 Augen¬

594 3848 686 3908 blicke
717 3851 846 3911 glaubt,
867 3851 918 3911 bei
944 3851 995 3911 ihr
1022 3850 1078 3910 das
1110 3850 1217 3910 wahre
1249 3853 1347 3913 Glück
1378 3857 1408 3917 zu
1440 3857 1568 3917 finden,
1595 3857 1656 3917 doch
1693 3857 1754 3917 nur

599 3895 645 3955 die
666 3894 769 3954 kleine
795 3896 986 3956 Freundin.
1022 3894 1063 3954 Er
1089 3896 1244 3956 duelliert
1266 3898 1312 3958 sich
1338 3899 1389 3959 für
1415 3901 1487 3961 eine
1509 3901 1627 3961 andere
1654 3902 1761 3962 Frau.

591 3937 709 3997 Dieses
760 3937 861 3997 Stück
901 3940 1019 4000 bringt
1048 3940 1092 4000 die
1121 3942 1291 4002 Tragödie
1320 3942 1370 4002 des
1404 3945 1522 4005 jungen
1562 3946 1759 4006 Mädchens,

1837 2259 1885 2319 die
1912 2261 1960 2321 dem
2009 2262 2139 2322 Freund
2172 2264 2220 2324 ihr
2248 2265 2328 2325 Herz
2356 2268 2518 2328 geschenkt
2540 2270 2610 2330 hat,
2632 2271 2659 2331 in
2692 2271 2827 2331 höchster
2854 2273 2994 2333 Vollen¬

1829 2304 1937 2364 dung.
1972 2304 2020 2364 Er
2050 2307 2162 2367 konnte
2192 2307 2246 2367 von
2280 2310 2329 2370 ihr
2354 2310 2521 2370 fortgehen
2556 2310 2599 2370 m'
2644 2314 2732 2374 einem
2776 2316 2898 2376 Lächeln
2933 2321 2992 2381 auf

1829 2343 1880 2403 dem
1943 2348 2082 2408 Antlitz,
2119 2350 2253 2410 obwohl
2296 2352 2331 2412 er
2358 2355 2482 2415 wußte,
2504 2358 2560 2418 daß
2592 2358 2628 2418 er
2654 2358 2679 2418 in
2716 2360 2768 2420 den
2805 2361 2871 2421 Tod
2903 2366 2996 2426 ging.

1837 2390 1906 2450 Nun
1939 2391 2014 2451 weiß
2042 2393 2095 2453 sie,
2118 2393 2166 2453 daß
2199 2395 2231 2455 sie
2259 2396 2307 2456 für
2334 2397 2382 2457 ihn
2416 2399 2459 2459 ein
2486 2402 2648 2462 Erlebnis
2675 2403 2762 2463 war,
2779 2405 2832 2465 daß
2865 2407 2902 2467 sie
2924 2408 2972 2468 ihm

1835 2435 1896 2495 nur
1928 2438 1980 2498 zum
2027 2438 2245 2498 Zeitvertreib
2277 2441 2401 2501 diente.

1917 2496 1984 2556 Der
2009 2499 2137 2559 Dichter
2169 2501 2223 2561 hat
2242 2501 2291 2561 sich
2322 2503 2389 2563 auch
2420 2506 2481 2566 mit
2506 2508 2665 2568 wichtigen
2697 2510 2892 2570 Problemen
2930 2512 2978 2572 des

1839 2542 1941 2602 Tages
1973 2543 2101 2603 befaßt,
2123 2544 2199 2604 ohne
2226 2548 2256 2608 zu
2288 2549 2344 2609 den
2375 2552 2560 2612 Konflikten
2592 2555 2746 2615 Stellung
2778 2558 2808 2618 zu
2840 2558 2994 2618 nehmen.

1835 2585 1879 2645 In
1915 2587 2020 2647 seinen
2056 2588 2186 2648 Werken
2221 2590 2371 2650 schwingt
2402 2593 2447 2653 die
2477 2596 2693 2656 Atmosphäre
2729 2597 2778 2657 des
2814 2599 2979 2659 morbiden

1831 2629 2031 2689 Österreichs
2064 2629 2118 2689 der
2151 2635 2405 2695 Vorkriegszeit
2433 2638 2508 2698 mit,
2536 2641 2584 2701 die
2617 2641 2649 2701 er
2682 2643 2708 2703 in
2742 2644 2833 2704 ihrer
2866 2647 2984 2707 ganzen

1836 2674 1957 2734 Tragik
1979 2677 2174 2737 empfindet.
2201 2676 2259 2736 -Zu
2291 2680 2343 2740 den
2375 2683 2597 2743 bekanntesten
2629 2686 2756 2746 Werken
2788 2689 2983 2749 Schnitzlers

1831 2719 1971 2779 gehören
2009 2720 2268 2780 „Professor
2301 2726 2608 2786 Bernhardi",
2630 2731 2683 2791 der
2716 2731 2840 2791 Roman
2878 2737 2985 2797 „Der

1835 2760 1924 2820 Weg
1953 2764 2026 2824 ins
2055 2765 2230 2825 Freie",
2247 2767 2298 2827 die
2321 2769 2388 2829 viel
2411 2773 2609 2833 umkämpfte
2638 2776 2852 2836 Dialogfolge
2875 2779 2982 2839 „Der

1834 2808 2043 2868 Reigen",
2066 2810 2176 2870 „Der
2204 2811 2337 2871 junge
2371 2816 2663 2876 Medardus",
2686 2818 2752 2878 eine
2781 2820 2985 2880 dramatische

1836 2850 1990 2910 Historie,
2032 2853 2124 2913 deren
2181 2856 2377 2916 Hauptrolle
2409 2858 2511 2918 Kains
2548 2862 2718 2922 zugedacht
2749 2864 2831 2924 war,
2857 2865 2986 2925 „Fink

1835 2895 1915 2955 und
1951 2898 2302 2958 Fliederbusch",
2337 2902 2383 2962 die
2413 2904 2551 2964 Novelle
2586 2910 2828 2970 „Fräulein
2864 2910 2967 2970 Else

1835 2940 1898 3000 und
1933 2943 2030 3003 „Die
2060 2943 2175 3003 Frau
2211 2946 2280 3006 des
2315 2949 2557 3009 Richters“.

1913 3003 1983 3063 Der
2007 3003 2236 3063 Lebensabend
2260 3009 2454 3069 Schnitzlers
2478 3012 2548 3072 war
2572 3014 2754 3074 umschattet
2778 3015 2830 3075 von
2860 3015 2989 3075 trauri¬

1830 3047 1887 3107 gen
1920 3047 2304 3107 Familienereignissen.
2342 3053 2389 3113 Im
2432 3056 2542 3116 Jahre
2569 3056 2637 3116 1927
2664 3056 2722 3116 hat
2749 3059 2827 3119 seine
2854 3059 2985 3119 Tochter

1840 3090 2036 3150 Selbstmord
2067 3092 2201 3152 verübt.
2243 3096 2314 3156 Das
2352 3098 2403 3158 hat
2429 3098 2485 3158 den
2522 3101 2650 3161 Dichter
2677 3102 2790 3162 schwer
2816 3104 2997 3164 getroffen,

1837 3134 1944 3194 ebenso
1991 3136 2052 3196 wie
2099 3139 2191 3199 Hugo
2238 3140 2274 3200 v.
2316 3143 2608 3203 Hoffmannsthal,
2630 3146 2686 3206 der
2712 3148 2789 3208 kurz
2815 3149 2886 3209 nach
2918 3149 2969 3209 dem

1835 3179 2035 3239 Selbstmord
2073 3184 2178 3244 seines
2210 3185 2346 3245 Sohnes
2384 3190 2652 3250 dahingegangen
2690 3191 2742 3251 ist.

2800 3194 2983 3254 Schnitzler

1835 3224 1903 3284 war
1924 3224 1992 3284 auch
2017 3227 2178 3287 äußerlich
2204 3229 2321 3289 immer
2346 3230 2429 3290 mehr
2459 3233 2502 3293 ein
2532 3235 2704 3295 Einsamer
2729 3236 2895 3296 geworden
2925 3238 2984 3298 und

1833 3268 1867 3328 ist
1892 3268 2078 3328 gestorben,
2103 3271 2157 3331 wie
2187 3271 2221 3331 er
2246 3271 2280 3331 es
2310 3275 2550 3335 vorausgesagt
2580 3278 2648 3338 hat:
2679 3277 2767 3337 „Und
2797 3280 2885 3340 wenn
2925 3279 2983 3339 uns

1835 3313 1876 3373 ein
1912 3314 1979 3374 Zug
2016 3314 2072 3374 von
2104 3316 2305 3376 Bacchanten
2342 3320 2512 3380 begleitet,
2534 3322 2585 3382 den
2611 3322 2683 3382 Weg
2699 3323 2797 3383 hinab
2818 3325 2905 3385 gehen
2932 3325 2988 3385 wir

1832 3358 1893 3418 alle
1924 3358 2057 3418 allein".
2099 3359 2181 3419 Eine
2212 3362 2417 3422 Biographie
2444 3364 2643 3424 Schnitzlers
2675 3367 2762 3427 wäre
2798 3370 2875 3430 nicht
2906 3367 2988 3427 voll¬

1829 3401 1971 3461 ständig,
1991 3403 2079 3463 wenn
2113 3403 2182 3463 man
2212 3406 2290 3466 nicht
2315 3407 2373 3467 auf
2393 3409 2477 3469 zwei
2497 3409 2692 3469 wesentliche
2718 3412 2884 3472 Tatsachen
2919 3412 2987 3472 hin¬

1833 3445 1937 3505 wiese,
1963 3448 2013 3508 die
2044 3448 2104 3508 sein
2140 3448 2280 3508 Schaffen
2321 3452 2401 3512 stark
2432 3454 2618 3514 beeinflußt
2649 3456 2769 3516 haben.
2810 3457 2985 3517 Schnitzler

1833 3489 1899 3549 war
1926 3490 2038 3550 Arzt
2065 3492 2126 3552 und
2152 3492 2249 3552 darum
2296 3495 2337 3555 sah
2374 3495 2404 3555 er
2430 3496 2553 3556 vieles,
2574 3498 2630 3558 vor
2657 3498 2733 3558 allem
2780 3499 2826 3559 die
2852 3500 2986 3560 mensch¬

1830 3532 1903 3592 liche
1933 3533 2045 3593 Ethik,
2070 3534 2133 3594 mit
2163 3537 2241 3597 ganz
2271 3539 2408 3599 anderen
2448 3540 2560 3600 Augen
2600 3542 2634 3602 an
2674 3543 2722 3603 als
2762 3543 2805 3603 ein
2845 3545 2991 3605 Dichter,

1829 3576 1881 3636 der
1910 3576 1967 3636 aus
1996 3579 2135 3639 anderem
2178 3582 2293 3642 Milien
2327 3583 2460 3643 kommt.
2494 3585 2675 3645 Schnitzler
2705 3586 2771 3646 war
2796 3588 2900 3648 Jude,
2925 3590 2982 3650 und

1832 3621 1861 3681 er
1891 3621 1944 3681 hat
1965 3621 1993 3681 es
2023 3624 2141 3684 immer
2166 3624 2273 3684 schwer
2294 3627 2509 3687 empfunden,
2530 3630 2583 3690 daß
2613 3630 2642 3690 er
2667 3630 2696 3690 in
2726 3631 2829 3691 seiner
2854 3633 2990 3693 Heimat

1837 3664 1920 3724 Wien
1950 3668 1998 3728 nie
2024 3669 2102 3729 ganz
2127 3669 2372 3729 aufgenommen
2407 3672 2534 3732 worden
2564 3673 2613 3733 ist.
2628 3675 2696 3735 Der
2721 3676 2848 3736 Dichter
2874 3680 2986 3740 wurde

1836 3708 1899 3768 sehr
1925 3710 1988 3770 viel
2009 3711 2067 3771 auf
2087 3713 2263 3773 deutschen,
2279 3713 2338 3773 vor
2363 3715 2436 3775 allem
2480 3716 2736 3776 österreichischen
2771 3722 2908 3782 Bühnen
2938 3725 2992 3785 ge¬

1833 3752 1940 3812 spielt.
1977 3755 2023 3815 In
2055 3755 2111 3815 der
2137 3755 2240 3815 letzten
2277 3758 2349 3818 Zeit
2375 3760 2483 3820 führte
2515 3759 2581 3819 man
2618 3761 2793 3821 Schnitzler
2825 3765 2887 3825 nur
2918 3769 2984 3829 noch

1831 3797 1922 3857 selten
1971 3800 2046 3860 auf.
2095 3801 2186 3861 Alles
2235 3803 2321 3863 sollte
2365 3804 2397 3864 zu
2446 3806 2548 3866 seinem
2592 3804 2639 3864 70.
2662 3808 2866 3868 Geburtstag
2894 3812 2985 3872 nach¬

1833 3843 1942 3903 geholt
1983 3845 2129 3905 werden.
2190 3845 2260 3905 Der
2306 3846 2427 3906 Stille,
2467 3848 2618 3908 Einsame
2649 3851 2704 3911 hat
2730 3853 2780 3913 sich
2810 3854 2845 3914 an
2881 3857 2966 3917 einem

1833 3887 1951 3947 schönen
1992 3889 2177 3949 Herbsttage
2204 3890 2349 3950 heimlich
2376 3893 2455 3953 allen
2495 3896 2680 3956 Ovationen
2721 3902 2892 3962 entzogen.

2845 3964 2892 4024 F.
2908 3964 2955 4024 2.
