3344 4352
1399 404 1528 464 box
1610 407 1804 467 44/2

119 407 238 467 12.
298 410 888 470 Schnitzler's
959 408 1187 468 Death

604 932 1311 992 OBSERVER

683 986 709 1046 I.
722 986 843 1046 österr.
856 992 1007 1052 behördl.
1021 1001 1323 1061 konzessioniertes

641 1027 873 1087 Unternehmen
904 1033 955 1093 für
977 1043 1369 1103 Zeitungs-Ausschnitte

686 1083 832 1143 WIEN,
866 1092 912 1152 I.,
940 1101 1227 1161 WOLLZEILE
1274 1110 1314 1170 11

786 1144 999 1204 TELEPHON
1036 1153 1213 1213 R-23-0-43

580 1278 803 1338 Ausschnitt
830 1286 920 1346 aus:

547 1346 771 1406 Montag-
811 1358 1007 1418 Morgen
1166 1380 1288 1440 ünn,

849 1478 1005 1538 29.11
1097 1486 1208 1546 1931

568 1501 685 1561 vom:

923 1738 1575 1798 HINTERDEN

516 1814 721 1874 E
928 1879 1547 1939 KULISSEN

668 2004 886 2064 Schnitzler
917 2003 992 2063 und
1031 2004 1106 2064 das
1137 2001 1325 2061 Theater.
1357 1997 1371 2057 —
1447 1999 1507 2059 Ein
1546 2003 1734 2063 Dementi
1758 2004 1969 2064 Nestroys.

1040 2076 1178 2136 Tonny
1210 2075 1334 2135 Veidt
1366 2071 1396 2131 in
1437 2075 1591 2135 Brünn.

504 2138 568 2198 Der
621 2138 737 2198 jüngst
803 2138 1012 2198 verstorbene
1072 2138 1306 2198 Dichter=Arzt
1327 2150 1522 2210 Salzburg.
1549 2150 1601 2210 Da
1634 2150 1731 2210 bekam
1778 2150 1809 2210 er
1843 2150 1980 2210 plötzlich
2020 2150 2064 2210 ein
2104 2147 2195 2207 Tele¬

428 2183 558 2243 Arthur
585 2184 756 2244 Schnitzler
788 2183 861 2243 war
888 2185 945 2245 eng
977 2186 1038 2246 mit
1066 2186 1117 2246 dem
1159 2184 1305 2244 Theater

1333 2195 1479 2255 gramm:
1528 2192 1630 2252 „Sitze
1679 2195 1809 2255 besorgt
1858 2195 2095 2255 Europäischer
2128 2194 2193 2254 Hof

437 2228 643 2288 verbunden.
665 2228 741 2288 Eine
773 2228 871 2288 große
898 2229 990 2289 Zahl
1017 2228 1073 2288 von
1105 2228 1311 2288 Anekdoten,

1334 2238 1462 2298 Hugo".
1485 2238 1658 2298 Schnitzler
1692 2240 1831 2300 erschrak
1866 2237 1927 2297 und
1961 2237 2111 2297 drahtete
2140 2237 2201 2297 mit

433 2273 480 2333 die
508 2273 544 2333 er
576 2273 602 2333 in
641 2273 937 2333 Freundeskreisen
975 2274 1027 2334 zum
1081 2273 1192 2333 Besten
1230 2276 1287 2336 gab

1323 2282 1484 2342 bezahlter
1511 2282 1763 2342 Rückantwort:
1786 2284 1930 2344 „Warum
1974 2285 2059 2345 sitzest
2082 2285 2119 2345 du
2147 2281 2199 2341 be¬

437 2318 539 2378 macht
571 2316 797 2376 gegenwärtig
833 2318 906 2378 noch
947 2318 1065 2378 immer
1102 2318 1148 2378 die
1184 2318 1302 2378 Rund¬

1330 2328 1411 2388 sorgt
1439 2327 1662 2387 europäischer
1690 2328 1760 2388 Hof
1782 2327 1896 2387 erbitte
1924 2327 2196 2387 Rückantwort“.

431 2359 467 2419 an
503 2362 555 2422 den
591 2359 747 2419 Stätten,
768 2360 809 2420 an
841 2360 939 2420 denen
976 2361 1152 2421 Schnitzler
1184 2360 1292 2420 wirkte

1334 2371 1388 2431 Der
1417 2371 1616 2431 vergeßliche
1639 2371 1771 2431 Dichter
1800 2371 1888 2431 hatte
1916 2371 2048 2431 nämlich
2082 2371 2193 2431 längst

433 2404 571 2464 Einmal
598 2404 685 2464 stand
717 2404 892 2464 Schnitzler
918 2406 1083 2466 wiederum
1130 2406 1187 2466 vor
1213 2404 1300 2464 einer

1338 2416 1388 2476 sein
1423 2416 1688 2476 telegraphisches
1723 2416 1875 2476 Ersuchen
1910 2414 2084 2474 vergessen.

432 2449 734 2509 Erstaufführung.
784 2450 864 2510 Man
908 2449 999 2509 stritt
1032 2449 1199 2509 darüber,
1227 2449 1296 2509 was

431 2494 482 2554 den
519 2494 632 2554 Erfolg
684 2492 776 2552 eines
808 2494 941 2554 Stückes
973 2496 1174 2556 ausmache,
1216 2493 1292 2553 man

1391 2528 1462 2588 Wir
1490 2531 1606 2591 kennen
1640 2532 1773 2592 Nestroy
1801 2530 1867 2590 nur
1896 2530 1951 2590 von
1985 2532 2039 2592 der
2068 2531 2195 2591 gemüt¬

429 2538 542 2598 wollte
568 2535 691 2595 wissen,
712 2536 805 2596 wann
836 2538 898 2598 das
924 2538 1022 2598 Glück
1048 2538 1114 2598 beim
1156 2538 1300 2598 Theater

1324 2574 1415 2634 lichen
1449 2574 1557 2634 Seite.
1579 2574 1648 2634 Wie
1671 2574 1892 2634 ungemütlich
1925 2574 2001 2634 aber
2023 2574 2077 2634 der
2099 2573 2190 2633 Dich¬

429 2580 587 2640 beginne,
614 2580 709 2640 wann
746 2581 777 2641 es
810 2583 973 2643 aufhöre.
1000 2583 1099 2643 „Was
1137 2583 1289 2643 versteher

427 2627 483 2687 Sie
520 2625 586 2685 also
628 2625 726 2685 unter
763 2625 850 2685 einem
908 2627 1182 2687 Theatererfolg,
1208 2625 1296 2685 Herr
1323 2623 1374 2683 ter
1405 2619 1529 2679 werden
1566 2619 1700 2679 konnte,
1726 2619 1814 2679 wenn
1856 2620 1928 2680 man
1965 2619 2016 2679 ihm
2063 2618 2197 2678 persön¬

433 2670 614 2730 Doktor?",
631 2670 735 2730 fragte
758 2670 829 2730 man
857 2671 984 2731 Arthur
1006 2671 1199 2731 Schnitzler.
1211 2672 1276 2732 Dem
1327 2665 1381 2725 lich
1437 2664 1519 2724 nahe
1547 2665 1635 2725 trat,
1674 2664 1811 2724 beweist
1856 2664 2021 2724 folgendes
2077 2663 2192 2723 wahre

1323 2709 1574 2769 Geschichtchen,
1601 2708 1660 2768 das
1692 2708 1756 2768 wir
1789 2708 1842 2768 den
1880 2709 2040 2769 Brünner
2073 2709 2195 2769 Neuig¬

430 2715 554 2775 Doktor
583 2715 673 2775 schien
707 2714 786 2774 diese
815 2717 922 2777 Frage
951 2715 973 2775 in
1008 2715 1211 2775 Anbetracht
1234 2714 1301 2774 des¬

427 2761 498 2821 sen,
520 2758 575 2818 daß
603 2758 636 2818 er
658 2758 724 2818 eben
758 2758 785 2818 im
829 2759 978 2819 Begriffe
1000 2759 1088 2819 war,
1111 2760 1171 2820 mit
1194 2759 1292 2819 seiner
1326 2753 1419 2813 keiten
1458 2753 1513 2813 vom
1558 2753 1612 2813 13.
1635 2753 1761 2813 August
1789 2753 1866 2813 1851
1894 2753 2109 2813 entnehmen:

429 2801 608 2861 „Liebelei"
646 2802 969 2862 niederzukommen,
1017 2805 1296 2865 augenscheinlich

1383 2807 1466 2867 „Die
1489 2807 1622 2867 Gratzer
1646 2807 1784 2867 Zeitung
1819 2807 1907 2867 hatte
1931 2807 2108 2867 gemeldet,
2126 2807 2181 2867 daß

424 2847 681 2907 unangenehm.
697 2846 737 2906 Er
759 2846 866 2906 dachte
892 2849 934 2909 ein
965 2849 1067 2909 wenig
1094 2849 1191 2909 nach,
1207 2849 1289 2909 dann
1320 2849 1407 2909 Herr
1439 2849 1567 2909 Nestroy
1619 2852 1779 2912 während
1831 2852 1933 2912 seines
1986 2852 2191 2912 Budapester

427 2891 513 2951 sagte
535 2891 588 2951 er:
638 2891 713 2951 „Ein
746 2891 1027 2951 Theatererfolg?
1076 2892 1135 2952 Ein
1174 2892 1292 2952 echter?
1320 2894 1503 2954 Gastspiels
1542 2894 1644 2954 wegen
1682 2895 1768 2955 eines
1801 2896 1963 2956 Couplets
2018 2896 2190 2956 Anstände

428 2935 496 2995 Das
533 2935 612 2995 stelle
639 2935 680 2995 ich
712 2935 775 2995 mir
807 2935 970 2995 ungefähr
997 2935 1286 2995 folgendermaßen
1324 2937 1376 2997 bei
1398 2938 1450 2998 der
1477 2938 1624 2998 Behörde
1651 2940 1755 3000 hatte,
1777 2941 1803 3001 ja
1835 2941 1929 3001 sogar
1956 2938 2040 2998 einen
2072 2937 2177 2997 kurzen

429 2977 502 3037 vor:
524 2977 618 3037 Wenn
651 2977 708 3037 das
735 2979 829 3039 Stück
851 2980 903 3040 die
924 2980 1019 3040 Leute
1046 2980 1113 3040 noch
1146 2981 1166 3041 so
1193 2980 1293 3040 lange
1320 2980 1435 3040 Arrest
1462 2980 1630 3040 abgesessen
1668 2983 1725 3043 sein
1757 2983 1830 3043 soll.
1852 2983 1988 3043 Darauf
2010 2983 2189 3043 veröffent¬

423 3022 633 3082 beschäftigt,
656 3022 715 3082 wie
748 3024 790 3084 sie
818 3025 883 3085 mit
910 3025 969 3085 der
1002 3025 1197 3085 Garderobe
1230 3025 1267 3085 un

1322 3027 1411 3087 lichte
1443 3028 1575 3088 Nestroy
1614 3026 1639 3086 in
1677 3027 1729 3087 den
1767 3028 1904 3088 Wiener
1937 3029 2090 3089 Blättern
2128 3026 2190 3086 fol¬

424 3065 482 3125 der
509 3069 698 3129 Heimfahrt
720 3067 751 3127 zu
784 3068 836 3128 tun
874 3070 1006 3130 haben;
1027 3070 1117 3130 wenn
1154 3070 1206 3130 der
1239 3069 1286 3129 Di

1322 3070 1418 3130 gende
1446 3070 1655 3130 Erklärung:

424 3112 529 3172 rektor
556 3112 582 3172 in
614 3112 666 3172 den
699 3112 910 3172 Stoßseufzer
937 3112 1127 3172 ausbricht:
1154 3113 1296 3173 „Natür¬

1388 3124 1459 3184 „Da
1499 3124 1548 3184 die
1582 3124 1715 3184 Gratzer
1749 3124 1892 3184 Zeitung
1932 3126 1959 3186 in
1998 3126 2053 3186 der
2087 3129 2186 3189 Regel

422 3155 499 3215 lich,
520 3156 623 3216 meine
649 3156 768 3216 Herren
800 3156 1079 3216 Dramaturgen,
1100 3157 1203 3217 hatten
1235 3156 1296 3216 das

1323 3167 1406 3227 nicht
1436 3168 1495 3228 zum
1544 3168 1632 3228 Lesen
1677 3169 1863 3229 verwendet
1898 3171 1996 3231 wird,
2026 3171 2089 3231 und
2129 3171 2187 3231 na¬

426 3201 520 3261 Stück
553 3199 742 3259 abgelehnt,
769 3201 806 3261 ich
843 3201 922 3261 aber
954 3203 1038 3263 habe
1070 3202 1138 3262 noch
1176 3201 1291 3261 immer

1318 3213 1461 3273 mentlich
1491 3212 1546 3272 den
1576 3213 1789 3273 Semmering
1824 3214 1882 3274 nur
1913 3215 1961 3275 als
1992 3215 2189 3275 Emballage

424 3245 511 3305 mehr
548 3243 676 3303 Riecher
708 3244 759 3304 als
790 3244 831 3304 sie
863 3245 925 3305 alle
956 3246 1167 3306 zusammen;
1199 3244 1260 3304 wen

1322 3257 1365 3317 des
1399 3258 1572 3318 trefflichen
1611 3256 1746 3316 Gratzer
1779 3258 1964 3318 Zwiebacks
1997 3261 2192 3321 übersteigt,

423 3288 471 3348 die
504 3291 742 3351 Schauspieler
797 3288 921 3348 wieder
955 3291 1084 3351 einmal
1117 3291 1296 3351 feststellen,

1323 3300 1351 3360 so
1374 3303 1465 3363 hätte
1489 3303 1516 3363 es
1545 3301 1710 3361 eigentlich
1739 3304 1802 3364 gar
1825 3303 1927 3363 nichts
1956 3303 2012 3363 auf
2036 3304 2110 3364 sich,
2127 3306 2183 3366 daß

420 3334 484 3394 daß
537 3333 601 3393 mit
647 3333 862 3393 erstklassigen
896 3334 1032 3394 Kräften
1092 3335 1189 3395 sogar
1236 3337 1294 3397 der
1320 3341 1365 3401 sie
1392 3345 1438 3405 die
1471 3344 1561 3404 Notiz
1588 3346 1718 3406 bringt,
1739 3347 1783 3407 ich
1810 3347 1894 3407 habe
1921 3347 1947 3407 in
1980 3347 2051 3407 Pest
2078 3349 2181 3409 wegen

422 3377 538 3437 größte
571 3377 771 3437 Schmarren
815 3379 1047 3439 durchzusetzen
1090 3378 1148 3438 ist;
1196 3377 1291 3437 wenn

1317 3387 1401 3447 eines
1434 3392 1600 3452 Couplets
1632 3392 1803 3452 Anstände
1836 3392 1959 3452 gehabt
1991 3392 2055 3452 und
2093 3393 2189 3453 sogar

426 3422 470 3482 die
496 3422 604 3482 Kritik
624 3422 680 3482 den
713 3422 924 3482 allgemeinen
957 3422 1090 3482 Verfall
1110 3422 1160 3482 des
1193 3422 1282 3482 guten
1321 3433 1410 3493 einen
1449 3434 1557 3494 kurzen
1596 3435 1711 3495 Arrest
1744 3434 1768 3494 zu
1808 3434 1947 3494 bestehen
1986 3437 2126 3497 gehabt.

419 3467 618 3527 Geschmacks
652 3467 819 3527 feststellt;
864 3467 933 3527 und
966 3467 1057 3527 wenn
1097 3467 1150 3527 der
1183 3467 1290 3527 Autor

1317 3481 1364 3541 Da
1396 3479 1475 3539 aber
1508 3479 1587 3539 diese
1615 3481 1710 3541 Notiz
1737 3481 1800 3541 aus
1833 3479 1885 3539 der
1918 3482 2189 3542 Verborgenheit

425 3509 478 3569 von
509 3512 604 3572 diesem
647 3512 755 3572 Abend
786 3512 821 3572 an
852 3512 1033 3572 literarisch
1063 3512 1202 3572 erledigt
1220 3514 1292 3574 ist."
1323 3519 1376 3579 der
1401 3522 1533 3582 Gratzer
1564 3523 1702 3583 Spalten
1739 3525 1762 3585 in
1799 3526 1846 3586 die
1871 3526 2058 3586 gelesensten
2095 3525 2190 3585 Blät¬

418 3552 500 3612 Nach
534 3553 633 3613 diesen
672 3553 804 3613 Worten
838 3555 948 3615 stützte
977 3556 1153 3616 Schnitzler
1181 3554 1280 3614 seiner

1319 3562 1362 3622 ter
1389 3566 1503 3626 Wiens
1530 3567 1844 3627 hinüberschlüpfte,
1866 3571 1925 3631 und
1959 3571 2055 3631 somit
2078 3571 2104 3631 in
2137 3569 2185 3629 die

423 3595 509 3655 Kopf
531 3597 771 3657 gedankenvoll
793 3598 820 3658 in
848 3598 896 3658 die
924 3601 1038 3661 Hand.
1060 3600 1153 3660 „Wir
1180 3598 1288 3658 wollen

1325 3610 1557 3670 Offentlichkeit
1587 3613 1837 3673 übergegangen
1882 3613 1931 3673 ist,

1979 3616 2001 3676 so
2036 3613 2105 3673 sehe
2135 3614 2180 3674 ich

425 3640 570 3700 hoffen,
598 3641 683 3701 sagte
717 3642 759 3702 ein
798 3641 894 3701 guter
927 3643 1116 3703 Bekannter
1149 3643 1278 3703 Schnitz

1319 3653 1388 3713 mich
1427 3655 1594 3715 genötigt,
1616 3655 1756 3715 hiermit
1784 3659 1810 3719 zu
1849 3658 2016 3718 erklären,
2044 3658 2097 3718 daß
2135 3655 2183 3715 so¬

422 3685 506 3745 lers,
532 3687 608 3747 „daß
638 3685 673 3745 du
710 3685 764 3745 von
800 3688 931 3748 morgen
967 3688 1002 3748 an
1038 3688 1214 3748 literarisch
1245 3685 1289 3745 er¬

1318 3697 1408 3757 wohl
1429 3697 1534 3757 meine
1560 3699 1873 3759 Zensurvergehen,
1894 3703 1949 3763 wie
1980 3703 2050 3763 auch
2081 3702 2181 3762 meine

420 3727 524 3787 ledigt
552 3729 646 3789 bist".
668 3729 735 3789 Und
769 3729 796 3789 so
830 3732 901 3792 war
929 3732 962 3792 es
995 3732 1089 3792 auch.
1134 3731 1200 3791 Die
1223 3728 1289 3788 Lie¬

1319 3741 1513 3801 Kerkerhaft
1540 3741 1567 3801 in
1600 3741 1675 3801 Pest
1703 3744 1843 3804 lediglich
1881 3745 1951 3805 eine
1979 3747 2173 3807 Erdichtung

414 3771 516 3831 belei“
539 3771 612 3831 trat
630 3771 669 3831 am
709 3774 850 3834 nächsten
885 3777 952 3837 Tag
981 3777 1065 3837 ihren
1100 3776 1173 3836 Weg
1202 3775 1280 3835 über
1309 3781 1365 3841 des
1400 3785 1501 3845 geist=
1536 3785 1597 3845 und
1638 3787 1932 3847 phantasiereichen
1978 3791 2181 3851 Korrespon¬

423 3817 471 3877 die
493 3819 652 3879 deutschen
685 3819 821 3879 Bühnen
855 3820 914 3880 an.

1315 3831 1462 3891 denzlers
1495 3830 1544 3890 der
1583 3831 1757 3891 „Grazerin
1813 3837 1899 3897 sind.

1907 3879 1951 3939 I.
1971 3876 2132 3936 Nestroy."

483 3879 661 3939 Schnitzler
684 3881 753 3941 war
781 3882 857 3942 aufs
884 3885 993 3945 engste
1020 3883 1085 3943 mit
1107 3884 1199 3944 Hugo
1227 3881 1285 3941 von

424 3923 692 3983 Hofmannsthal
718 3926 930 3986 befreundet.
951 3926 1023 3986 Vor
1054 3926 1110 3986 der
1142 3923 1291 3983 Erstauf¬

419 3968 566 4028 führung
620 3968 672 4028 des
726 3970 1091 4030 Hofmannsthalschen
1156 3969 1271 4029 „Jeder

1378 3968 1470 4028 Grün
1507 3971 1563 4031 und
1595 3971 1672 4031 blau
1708 3973 1764 4033 vor
1791 3974 1868 4034 Neid
1899 3977 2028 4037 mußten
2064 3977 2172 4037 unsere

420 4010 543 4070 mann"
580 4013 631 4073 bei
658 4013 714 4073 den
751 4013 962 4073 Salzburger
999 4013 1215 4073 Festspielen,
1241 4012 1272 4072 er

1312 4013 1465 4073 Künstler
1500 4014 1647 4074 werden,
1677 4016 1726 4076 als
1766 4017 1805 4077 sie
1835 4018 1888 4078 den
1934 4022 2091 4082 Rummel
2121 4021 2160 4081 um

421 4056 517 4116 suchte
545 4055 717 4115 Schnitzler
744 4056 798 4116 den
831 4055 1063 4115 befreundeten
1096 4055 1224 4115 Dichter
1252 4056 1284 4116 er
1311 4056 1451 4116 Conrad
1478 4056 1580 4116 Beidt
1630 4059 1732 4119 herum
1797 4064 1915 4124 sahen.
1964 4064 2028 4124 Der
2067 4064 2169 4124 Mann

416 4100 507 4160 möge
541 4103 590 4163 ihm
634 4101 687 4161 für
721 4102 775 4162 den
808 4101 878 4161 Tag
912 4100 966 4160 der
994 4100 1282 4160 Erstaufführung

1313 4100 1421 4160 wurde
1447 4102 1591 4162 gefeiert,
1613 4103 1674 4163 wie
1696 4106 1772 4166 kaum
1820 4107 1902 4167 einer
1928 4106 1985 4166 vor
2011 4109 2093 4169 ihm.
2114 4111 2171 4171 Die

420 4144 496 4204 zwei
524 4145 606 4205 Sitze
662 4145 722 4205 und
762 4144 806 4204 ein
845 4144 1081 4204 Hotelzimmer
1115 4145 1292 4205 besorgen.
1314 4143 1408 4203 Leute
1436 4146 1524 4206 rissen
1558 4147 1607 4207 sich
1635 4147 1723 4207 nicht
1745 4149 1811 4209 bloß
1851 4150 1883 4210 um
1928 4150 1977 4210 die
2005 4152 2104 4212 Plätze
2132 4151 2154 4211 im

414 4189 526 4249 Einige
562 4189 650 4249 Tage
681 4189 893 4249 verstrichen,
935 4188 1118 4248 Schnitzler
1160 4189 1278 4249 dachte
1308 4189 1473 4249 Theater,
1503 4191 1638 4251 sondern
1681 4194 1846 4254 bezahlten
1888 4193 1999 4253 Preise
2030 4195 2177 4255 hierfür,

417 4234 525 4294 längst
558 4234 640 4294 nicht
666 4233 755 4293 mehr
781 4232 819 4292 an
851 4233 902 4293 die
928 4233 1215 4293 Erstaufführung
1247 4235 1272 4295 in
1312 4234 1362 4294 die
1382 4234 1420 4294 sie
1446 4234 1490 4294 sich
1523 4234 1611 4294 selbst
1631 4237 1681 4297 bei
1701 4237 1784 4297 einer
1810 4240 1975 4300 Stagione
2002 4240 2026 4300 zu
2059 4243 2173 4303 bezah¬
