3392 4352
1477 309 1602 369 box
1681 309 1860 369 43/5

379 315 961 375 Schnitzlers
1030 316 1261 376 Deatl

223 315 255 375 2

774 577 927 637 PAUL
971 577 1240 637 ZSOLNAV
1293 580 1584 640 VERLAG/
1621 584 1766 644 WIAN

222 637 498 697 Abrüstung.

209 703 273 763 nter
308 703 361 763 den
397 702 419 762 in
461 702 666 762 Washington

244 751 303 811 die
337 750 511 810 detailliert
545 749 571 809 im
621 748 675 808 ge¬

243 849 316 909 Der
340 849 540 909 Semmering
575 849 672 909 grüßt

1894 855 1921 915 zu
1959 848 2121 908 schließen,
2148 849 2218 909 weil
2246 850 2277 910 am
2321 849 2407 909 Ende
2440 852 2505 912 doch
2538 852 2618 912 jeder
2646 852 2764 912 Lösung
2803 855 2867 915 noch
2900 855 3007 915 immer

725 855 783 915 und
810 855 931 915 manche
959 856 1021 916 noch
1048 856 1074 916 in
1107 856 1153 916 der
1176 858 1265 918 Mitte
1292 856 1339 916 des
1366 857 1477 917 Weges
1504 856 1599 916 dieses
1627 855 1843 915 unberührbar

230 897 288 957 von
321 897 426 957 blauem
475 897 575 957 Rauch
613 894 665 954 und

1891 893 1928 953 ein
1960 892 2034 952 Rest
2062 894 2114 954 von
2152 894 2290 954 Willkür
2323 896 2381 956 und
2414 898 2637 958 Verlogenheit
2664 900 2808 960 anhafte.
2830 901 2920 961 Wert
2947 899 3005 959 und

726 900 825 960 reinen
859 903 1024 963 Künstlers
1052 903 1129 963 nicht
1152 903 1234 963 sehen
1263 903 1406 963 wollten,
1429 903 1483 963 das
1512 904 1583 964 aber
1606 905 1671 965 jetzt
1694 905 1793 965 wohl,
1810 904 1837 964 in

200 944 331 1004 leistreich
372 943 508 1003 wölken,
549 940 669 1000 erfüllte

1896 939 2012 999 Würde
2033 940 2085 1000 von
2113 942 2234 1002 Arthur
2255 944 2435 1004 Schnitzlers
2462 945 2662 1005 Lebenswerk
2689 948 2821 1008 beruhen
2848 948 2895 1008 zur
2916 948 3000 1008 guten

726 945 777 1005 der
822 948 974 1008 Stunde,
1020 950 1053 1010 da
1111 950 1161 1010 die
1212 950 1330 1010 „letzten
1387 950 1551 1010 Masken"
1608 950 1720 1010 fallen,
1766 950 1839 1010 über

200 989 217 1049 t
248 989 313 1049 noch
350 989 409 1049 eine
439 986 671 1046 österreichische

1895 986 2001 1046 Hälfte
2025 986 2154 1046 darauf,
2172 989 2222 1049 daß
2251 990 2301 1050 ihm
2335 986 2346 1046 —
2403 989 2453 1049 wie
2477 991 2566 1051 Ibsen
2595 990 2606 1050 —
2663 994 2815 1054 schließlich
2844 995 2911 1055 auch
2940 995 3001 1055 noch

727 992 800 1052 jeden
840 992 976 1052 Zweifel
1005 994 1135 1054 erhaben
1176 995 1373 1055 hervortritt.
1419 995 1612 1055 Schnitzlers
1647 995 1839 1055 moralisches

1891 1033 1944 1093 das
1977 1031 2095 1091 Wahre
2123 1034 2203 1094 nicht
2231 1037 2317 1097 wahr
2345 1034 2446 1094 genug
2474 1037 2560 1097 war.

208 1036 253 1096 ter
294 1034 355 1094 mit
391 1034 545 1094 eigenem,
581 1034 662 1094 wenn

724 1039 944 1099 Fundament,
973 1040 1051 1100 seine
1092 1040 1215 1100 sittliche
1255 1041 1441 1101 Grundlage
1487 1040 1526 1100 ist
1566 1043 1611 1103 ein
1662 1042 1842 1102 unerhörter

285 1082 430 1142 freigebig
476 1081 660 1141 bemessener

727 1085 997 1145 Wahrheitsmut,
1014 1088 1052 1148 ein
1081 1088 1308 1148 unerbittlicher
1330 1088 1635 1148 Wahrheitsdrang.
1652 1091 1729 1151 Eine
1752 1089 1845 1149 seiner

1984 1106 2037 1166 Ein
2075 1109 2262 1169 Naturalist
2287 1109 2365 1169 also,
2390 1109 2461 1169 aber
2492 1112 2589 1172 einer,
2614 1112 2667 1172 der
2698 1112 2746 1172 von
2783 1112 2879 1172 seinen
2916 1112 3007 1172 ersten

204 1127 272 1187 sigt,
298 1127 373 1187 aber
398 1127 580 1187 abschließt.

726 1130 1102 1190 Lieblingswendungen,
1130 1135 1218 1195 wenn
1257 1135 1290 1195 es
1323 1135 1478 1195 Geistiges
1517 1136 1588 1196 oder
1622 1136 1837 1196 Menschliches

1897 1150 2058 1210 Anfängen
2091 1153 2139 1213 her
2167 1153 2220 1213 mit
2248 1156 2502 1216 Hofmannsthal
2524 1153 2702 1213 befreundet
2725 1157 2816 1217 war;
2844 1158 2881 1218 ein
2914 1156 3010 1216 Beob¬

209 1171 410 1231 ssenschaftlich
441 1171 582 1231 gesehen,
607 1171 665 1231 eine

725 1179 754 1239 zu
790 1177 936 1237 schlichten
973 1180 1054 1240 galt,
1084 1180 1178 1240 war:
1202 1182 1302 1242 „Man
1339 1181 1408 1241 darf
1439 1181 1467 1241 es
1503 1183 1556 1243 sich
1592 1183 1674 1243 nicht
1698 1182 1727 1242 so
1757 1180 1844 1240 leicht

1897 1198 2007 1258 achter,
2029 1198 2100 1258 aber
2123 1198 2189 1258 auch
2217 1199 2255 1259 ein
2289 1201 2459 1261 Künstler;
2482 1201 2519 1261 ein
2553 1201 2701 1261 Grübler,
2724 1202 2784 1262 doch
2812 1204 2839 1264 im
2879 1202 2999 1262 gleichen

200 1218 310 1278 rischen
351 1219 454 1279 Wesen
496 1217 570 1277 nahe
606 1220 674 1280 lag,

727 1222 882 1282 machen."
911 1221 957 1281 In
993 1225 1084 1285 dieser
1114 1227 1246 1287 Strenge
1276 1229 1367 1289 gegen
1403 1228 1455 1288 sich
1484 1228 1593 1288 selbst,
1617 1228 1663 1288 die
1692 1228 1772 1288 einer
1802 1225 1847 1285 oft

1892 1245 1968 1305 Maß
2018 1243 2062 1303 ein
2112 1243 2255 1303 Wiener,
2306 1246 2372 1306 war
2428 1247 2598 1307 Schnitzler
2655 1248 2737 1308 durch
2798 1249 2875 1309 diese
2930 1249 3007 1309 seine

199 1267 460 1327 Apatol-Typus
487 1264 661 1324 entwichelt

724 1267 944 1327 weitgehenden
985 1271 1143 1331 Nachsicht
1173 1273 1257 1333 gegen
1297 1273 1410 1333 andere
1439 1276 1615 1336 entsprach,
1644 1275 1757 1335 äußert
1791 1273 1836 1333 sich

1894 1288 2093 1348 einzigartige
2116 1291 2321 1351 Verbindung
2349 1294 2594 1354 gegensätzlicher
2622 1294 2827 1354 Begabungen
2872 1297 2921 1357 wie
2950 1294 3010 1354 kein

200 1315 227 1375 s
257 1315 284 1375 er
308 1315 336 1375 es
365 1315 432 1375 noch
457 1315 535 1375 nicht
559 1313 610 1373 für
633 1312 678 1372 die

725 1315 793 1375 jene
823 1316 949 1376 sittliche
978 1317 1035 1377 und
1071 1318 1306 1378 versittlichende
1336 1321 1450 1381 Kraft,
1474 1321 1519 1381 die
1549 1321 1600 1381 den
1641 1320 1842 1380 Wahrheits¬

1887 1333 2019 1393 anderer
2067 1336 2146 1396 dazu
2200 1337 2348 1397 berufen,
2396 1339 2539 1399 damals,
2577 1339 2613 1399 an
2656 1340 2708 1400 der
2751 1342 2904 1402 Schwelle
2953 1342 3005 1402 des

203 1360 272 1420 gabe
296 1360 377 1420 jedes
401 1358 512 1418 großen
541 1356 674 1416 Schrift¬

728 1359 849 1419 forscher
876 1362 923 1422 zum
966 1362 1134 1422 Entdecker
1156 1364 1203 1424 des
1230 1365 1330 1425 weiten
1362 1365 1483 1425 Landes
1510 1367 1557 1427 der
1584 1365 1673 1425 Seele
1695 1365 1752 1425 und
1779 1368 1826 1428 zun

1893 1380 1983 1440 neuen
2020 1380 2280 1440 Jahrhunderts,
2312 1383 2359 1443 die
2391 1384 2608 1444 Verhunnung
2652 1383 2736 1443 durch
2779 1386 2831 1446 den
2874 1386 3016 1446 Natura¬

200 1407 241 1467 bl,
265 1405 318 1465 wie
348 1404 401 1464 der
432 1404 526 1464 junge
551 1404 668 1464 Goethe

726 1405 880 1465 Gestalter
908 1409 957 1469 der
985 1410 1266 1470 genußfreudigen,
1289 1412 1371 1472 wenn
1399 1414 1470 1474 auch
1499 1413 1641 1473 zuweilen
1670 1413 1724 1473 von
1758 1411 1834 1471 böser

1896 1427 2012 1487 lismus
2039 1427 2091 1487 von
2134 1428 2281 1488 deutschen
2308 1428 2456 1488 Theater,
2478 1431 2530 1491 von
2557 1431 2609 1491 der
2631 1431 2778 1491 deutschen
2811 1434 2937 1494 Nooelle
2964 1435 3016 1495 auf

264 1452 405 1512 Werther
437 1450 517 1510 hab'
542 1449 578 1509 ich
610 1451 658 1511 den

727 1453 893 1513 Ahnungen
934 1457 1153 1517 beunruhigten
1188 1458 1384 1518 Gesellschaft
1407 1458 1505 1518 seines
1534 1461 1701 1521 Zeitalters
1736 1461 1833 1521 macht

1891 1472 2139 1532 österreichischem
2204 1473 2307 1533 Boden
2367 1476 2583 1536 abzuwehren.
2627 1476 2708 1536 Auch
2763 1476 2794 1536 er
2844 1477 2913 1537 war
2963 1479 3005 1539 ein

279 1500 284 1560 „
317 1500 387 1560 oder
415 1497 469 1557 wie
502 1497 550 1557 der
578 1497 665 1557 junge

722 1500 792 1560 Wie
823 1502 940 1562 Anatol
964 1503 1017 1563 zur
1041 1504 1153 1564 Hälfte
1183 1504 1224 1564 ein
1254 1506 1377 1566 Wiener
1407 1507 1667 1567 Hausherrnsohn
1703 1506 1762 1566 und
1792 1507 1844 1567 zur

1891 1518 2085 1578 Naturalis,
2108 1517 2179 1577 aber
2202 1517 2212 1577 —
2269 1519 2291 1579 im
2330 1521 2607 1581 Drewierteltakt,
2624 1522 2686 1582 mit
2703 1523 2785 1583 einem
2825 1524 2935 1584 Zusatz
2953 1523 3002 1583 von

196 1542 223 1602 er
251 1544 332 1604 dann
365 1546 447 1606 durch
496 1544 539 1604 die
584 1544 675 1604 ganze

727 1547 830 1607 Hälfte
854 1547 901 1607 ein
930 1550 1075 1610 Dichter,
1093 1548 1121 1608 so
1145 1549 1196 1609 hat
1221 1550 1290 1610 auch
1319 1550 1353 1610 an
1384 1550 1429 1610 dem
1470 1553 1598 1613 Dichter
1621 1553 1714 1613 selbst
1738 1553 1841 1613 wieder

1897 1564 2015 1624 Musik,
2037 1565 2106 1625 der,
2129 1565 2236 1625 immer
2264 1565 2452 1625 vorhanden,
2474 1568 2522 1628 sich
2555 1568 2608 1628 mit
2631 1568 2684 1628 den
2712 1568 2830 1628 Jahren
2863 1570 3013 1630 steigerte.

246 1592 341 1652 Diese
377 1592 478 1652 Figur
514 1589 567 1649 und
604 1592 674 1652 ihre

724 1590 775 1650 der
804 1595 1125 1655 Wahrheitsforscher
1159 1595 1215 1655 und
1255 1597 1306 1657 der
1340 1598 1520 1658 Epikuräer
1555 1598 1678 1658 gleichen
1724 1598 1831 1658 Anteil

1894 1597 1942 1657 So
1969 1610 2071 1670 wurde
2099 1610 2146 1670 er,
2169 1611 2254 1671 wenn
2288 1611 2363 1671 schon
2401 1613 2481 1673 nicht
2509 1613 2557 1673 zum
2601 1613 2768 1673 Erfinder,
2790 1613 2816 1673 so
2844 1615 2908 1675 doch
2941 1616 2994 1676 zum

224 1637 408 1697 gewordene
436 1637 521 1697 „füße
542 1637 653 1697 Mädel

721 1638 794 1698 Nur
829 1642 936 1702 freilich
976 1643 1044 1703 darf
1078 1643 1140 1703 man
1180 1643 1253 1703 über
1282 1643 1389 1703 solchen
1424 1646 1570 1706 Formeln
1611 1646 1661 1706 den
1696 1644 1842 1704 Künstler

1892 1652 2091 1712 Miterfinder
2131 1656 2191 1716 und
2242 1658 2375 1718 weitaus
2426 1658 2659 1718 erfolgreichsten
2704 1660 2893 1720 Verkünder
2927 1661 3015 1721 jener

201 1685 225 1745 n
250 1685 609 1745 Schöpfungsgeschichte

727 1685 807 1745 nicht
836 1688 1009 1748 vergessen,
1039 1688 1130 1748 dessen
1166 1689 1281 1749 Werk,
1310 1691 1489 1751 wenngleich
1524 1693 1553 1753 es
1594 1693 1646 1753 vom
1692 1692 1842 1752 Erlebnis

1906 1700 2044 1760 „Wiener
2073 1702 2194 1762 Note",
2218 1703 2304 1763 durch
2339 1703 2385 1763 die
2420 1703 2466 1763 sich
2501 1705 2558 1765 das
2588 1703 2674 1763 Wien
2715 1706 2766 1766 der
2796 1708 2893 1768 letzten
2929 1706 3015 1766 Vor¬

191 1736 232 1796 Ich
269 1736 345 1796 nicht
377 1732 531 1792 durchaus
562 1733 615 1793 auf
645 1731 674 1791 so

726 1734 861 1794 ausgeht
890 1736 951 1796 und
986 1736 1041 1796 auf
1070 1736 1284 1796 Beobachtung
1319 1739 1442 1799 beruht,
1471 1739 1532 1799 doch
1566 1741 1678 1801 immer
1707 1739 1769 1799 erst
1797 1740 1842 1800 die

1888 1746 2176 1806 kriegsgeneration
2204 1750 2364 1810 literarisch
2398 1750 2520 1810 mündig
2548 1750 2703 1810 erklärte.
2720 1751 2841 1811 Zumal
2864 1753 2919 1813 auf
2942 1750 2991 1810 dem

244 1780 291 1840 der
317 1780 413 1840 junge
433 1777 552 1837 Dichter
572 1778 674 1838 wahr¬

727 1780 898 1840 Phantasie
922 1783 1087 1843 beslügelt.
1105 1782 1164 1842 Ein
1195 1784 1282 1844 Stück
1313 1786 1442 1846 erlebtes
1473 1786 1584 1846 Leben,
1608 1786 1762 1846 vermehrt
1786 1786 1838 1846 und

1894 1792 2017 1852 Gebiete
2050 1792 2098 1852 des
2131 1795 2304 1855 Theaters,
2331 1795 2384 1855 das
2417 1795 2584 1855 Schnitzler
2617 1795 2671 1855 wie
2704 1795 2768 1855 kein
2801 1798 2930 1858 anderer
2963 1797 3011 1857 be¬

215 1823 368 1883 veredelte
392 1825 460 1885 (vor
484 1825 558 1885 allem
604 1825 672 1885 auch

726 1828 866 1888 gleichsam
916 1829 1088 1889 angegoren
1131 1828 1217 1888 durch
1248 1830 1297 1890 die
1328 1832 1555 1892 Zusatzfrage:
1587 1832 1641 1892 wie
1673 1834 1758 1894 hätte
1789 1834 1837 1894 sich

1892 1840 2051 1900 herrschte,
2069 1840 2181 1900 wirkte
2205 1840 2240 1900 sie
2264 1840 2428 1900 erlösend;
2447 1841 2481 1901 sie
2506 1840 2611 1900 erlöste
2635 1840 2694 1900 uns
2718 1841 2770 1901 von
2801 1843 2882 1903 jenem
2919 1843 3000 1903 faden

200 1873 339 1933 rnsohn,
369 1872 444 1932 aber
480 1870 508 1930 er
544 1873 584 1933 ist
620 1874 671 1934 zur

726 1876 779 1936 das
817 1876 989 1936 entwickeln
1028 1876 1157 1936 müssen,
1184 1876 1270 1936 wenn
1309 1879 1363 1939 das
1401 1879 1460 1939 und
1493 1879 1578 1939 jenes
1617 1880 1838 1940 hinzugetreten

1889 1883 2105 1943 Epigonentum
2157 1885 2202 1945 der
2237 1886 2385 1946 achtziger
2414 1888 2516 1948 Jahre
2551 1886 2601 1946 und
2642 1888 2721 1948 einem
2773 1888 2795 1948 in
2836 1890 2921 1950 Wien
2962 1889 3023 1949 seit,

206 1915 241 1975 tt
266 1918 354 1978 gleich
384 1918 425 1978 ein
455 1918 674 1978 Inkommen¬

727 1921 841 1981 wäre:
859 1924 917 1984 das
941 1924 980 1984 ist
998 1924 1171 1984 Herkunft,
1189 1924 1304 1984 Inhalt
1328 1924 1385 1984 und
1409 1926 1738 1986 Entwicklungsgang
1767 1926 1842 1986 einer

1892 1931 1970 1991 jeher
2010 1930 2066 1990 und
2101 1932 2207 1992 immer
2242 1933 2348 1993 wieder
2383 1933 2501 1993 fröhlich
2536 1933 2699 1993 blühenden
2739 1934 3015 1994 Auslandsuobis¬

200 1965 271 2025 jedem
310 1965 394 2025 einen
422 1965 505 2025 nicht
528 1965 666 2025 geringer

724 1969 804 2029 jeden
839 1971 1196 2031 Schnitzler=Dichtung,
1220 1971 1271 2031 von
1307 1971 1358 2031 der
1393 1972 1485 2032 ersten
1531 1971 1583 2031 bis
1624 1972 1680 2032 zur
1722 1971 1848 2031 letzten:

1894 1975 1978 2035 mus,
2002 1975 2052 2035 der
2075 1976 2132 2036 das
2161 1977 2256 2037 Seine
2285 1978 2353 2038 dazu
2387 1977 2534 2037 beiträgt,
2557 1979 2591 2039 um
2637 1980 2687 2040 das
2716 1980 2874 2040 heimische
2897 1980 3015 2040 Talent

209 2013 255 2073 dem
308 2013 435 2073 Wiener
465 2013 674 2073 Burgtheater

722 2013 842 2073 wobei,
860 2015 917 2075 wie
947 2017 1010 2077 noch
1045 2016 1148 2076 gesagt
1172 2016 1287 2076 werden
1323 2017 1414 2077 muß,
1438 2019 1484 2079 die
1507 2019 1726 2079 Entwicklung
1756 2018 1847 2078 selbst

1894 2022 1962 2082 nach
1996 2023 2200 2083 Möglichkeit
2228 2025 2256 2085 zu
2296 2025 2534 2085 unterdrücken.
2562 2025 2625 2085 Bei
2648 2025 2817 2085 Schnitzler
2852 2026 2913 2086 war
2942 2024 3009 2084 dies

197 2061 237 2121 den
266 2058 364 2118 letzten
399 2058 556 2118 Ausdruck
591 2061 654 2121 eine

725 2060 836 2120 immer
884 2061 979 2121 unter
1032 2063 1085 2123 der
1121 2064 1404 2124 Doppelkontrolle
1458 2064 1540 2124 eines
1588 2067 1841 2127 wissenschaftlich

1892 2067 2162 2127 ausnahmsweise
2187 2069 2304 2129 einmal
2334 2070 2410 2130 nicht
2434 2070 2593 2130 möglich;
2617 2071 2646 2131 er
2670 2073 2735 2133 war
2765 2071 2899 2131 stärker,
2924 2073 3005 2133 sogar

203 2105 300 2165 iltur,
318 2106 341 2166 so
364 2106 519 2166 gewinnen
549 2106 606 2166 wir
624 2106 669 2166 die

727 2106 916 2166 arbeitenden
957 2109 1141 2169 Verstandes
1176 2109 1233 2169 und
1268 2110 1349 2170 eines
1379 2112 1412 2172 um
1459 2112 1643 2172 Wahrheit,
1667 2113 1850 2173 Wahrheit,

1892 2115 1921 2175 im
1963 2115 2186 2175 Burgtheater,
2210 2115 2251 2175 wo
2281 2115 2310 2175 es
2340 2115 2386 2175 ihm
2434 2115 2487 2175 mit
2512 2115 2564 2175 der
2588 2118 2764 2178 „Liebelei"
2794 2121 2923 2181 gelang,
2942 2118 3006 2178 eine

204 2154 294 2214 unst,
337 2151 421 2211 deren
470 2153 651 2213 erstaunlich

722 2151 889 2211 Wahrheit
936 2156 1102 2216 ringenden
1138 2156 1547 2216 Ehrlichkeitsfanatismus
1600 2159 1744 2219 erfolgte.
1790 2159 1836 2219 In

1892 2159 1966 2219 ganz
1996 2159 2071 2219 neue
2101 2159 2244 2219 Gattung
2280 2159 2395 2219 Stüche
2425 2162 2662 2222 einzubürgern.
2686 2164 2749 2224 Bis
2779 2164 2836 2224 auf
2866 2162 2906 2222 ihn
2947 2164 3010 2224 war

208 2201 291 2261 „aus
333 2199 416 2259 einem
458 2198 672 2258 Ineinander¬

725 2198 816 2258 dieser
840 2201 938 2261 letzten
967 2201 1099 2261 Hensicht
1117 2201 1232 2261 konnte
1256 2204 1302 2264 sich
1325 2204 1429 2264 zumal
1447 2204 1492 2264 der
1516 2204 1654 2264 alternde
1678 2205 1839 2265 Schnitzlei

1892 2201 1943 2261 das
1978 2204 2209 2264 wohlerzogene
2244 2205 2527 2265 Burgtheaterstück
2568 2207 2718 2267 entweder
2754 2209 2816 2269 eine
2852 2209 3007 2269 Jamben¬

197 2247 304 2307 rgibt.
328 2246 390 2306 Mit
413 2246 458 2306 dem
499 2248 674 2308 Charanter

726 2246 779 2306 gar
812 2247 892 2307 nicht
920 2249 1005 2309 mehr
1033 2249 1135 2309 genug
1168 2249 1238 2309 tun.
1265 2249 1308 2309 Er
1341 2251 1443 2311 klagte
1476 2252 1519 2312 oft
1547 2252 1697 2312 darüber,
1724 2252 1778 2312 daß
1811 2250 1842 2310 er

1893 2249 2030 2309 tragödie
2061 2252 2188 2312 gewesen
2225 2252 2296 2312 oder
2327 2252 2369 2312 ein
2406 2254 2617 2314 französisches
2654 2255 2901 2315 Problemstück.
2925 2253 3009 2313 Aber

202 2297 268 2357 en,
286 2295 335 2355 das
369 2297 443 2357 viele
469 2296 501 2356 am
544 2297 668 2357 Anfang

729 2296 788 2356 den
810 2296 889 2356 Mat
921 2297 1000 2357 nicht
1022 2297 1101 2357 mehr
1133 2296 1313 2356 aufbringe,
1335 2301 1374 2361 ein
1405 2301 1495 2361 Stück
1526 2300 1596 2360 oder
1627 2300 1687 2360 eine
1718 2299 1878 2359 Novellel
1900 2299 1949 2359 gab
1981 2300 2020 2360 es
2051 2300 2121 2360 denn
2162 2300 2242 2360 nicht
2273 2300 2343 2360 auch
2374 2300 2403 2360 in
2435 2302 2545 2362 Wien,
2576 2304 2595 2364 ja
2627 2303 2716 2363 sogar
2748 2303 2777 2363 in
2809 2302 2979 2362 Oesterunc

1893 2377 1988 2437 alters
2019 2379 2259 2439 aufgezeichnet,
2296 2377 2338 2437 die
2381 2377 2404 2437 in
2453 2377 2549 2437 seinen
2580 2377 2796 2437 Tagebüchern
2839 2376 3001 2436 beschlossen

721 2385 772 2445 das
800 2383 1009 2443 Burgtheater
1033 2383 1060 2443 in
1089 2383 1270 2443 vollendeter
1293 2381 1371 2441 Form
1412 2380 1627 2440 vermittelte;
1645 2381 1745 2441 später
1769 2377 1836 2437 fand

227 2401 394 2461 dichterisch
426 2400 457 2460 zu
494 2397 662 2457 behaupten

1892 2425 1980 2485 liegt.
2005 2425 2075 2485 Sein
2112 2425 2259 2485 Zeitalter
2284 2423 2348 2483 war
2373 2424 2425 2484 das
2456 2423 2502 2483 des
2526 2425 2840 2485 Individualismus.
2859 2425 2924 2485 Mit
2948 2423 2994 2483 dem

713 2428 747 2488 er
776 2430 804 2490 zu
834 2430 948 2490 Ibsen,
966 2431 1058 2491 dessen
1093 2428 1300 2488 unerbittliche
1329 2429 1404 2489 Art,
1427 2427 1640 2487 „Gerichtstag
1675 2429 1703 2489 zu
1733 2425 1830 2485 halten

189 2452 216 2512 e
240 2449 302 2509 doch
331 2446 410 2506 mehr
433 2445 478 2505 als
507 2443 569 2503 eine
593 2442 665 2502 Vor=

1892 2470 2168 2530 tausendköpfigen
2203 2471 2384 2531 Ungeheuer
2419 2470 2605 2530 Kollektwam
2657 2471 2820 2531 vermochte
2849 2470 2883 2530 er
2912 2470 3007 2530 nichts

718 2476 791 2536 über
820 2476 876 2536 das
911 2476 1012 2536 eigene
1041 2475 1120 2535 Ich"
1155 2473 1267 2533 (wobei
1297 2473 1437 2533 übrigens
1478 2473 1545 2533 auch
1574 2473 1670 2533 Ibsen
1710 2472 1755 2532 sich
1789 2469 1839 2529 der

187 2494 367 2554 Schnitzler
393 2491 501 2551 hervor
532 2488 587 2548 und
624 2485 671 2545 be=

1897 2518 2106 2578 anzufangen,
2124 2520 2151 2580 es
2180 2518 2361 2578 verursachte
2391 2518 2435 2578 ihm
2470 2518 2616 2578 Grauen,
2634 2518 2661 2578 da
2696 2518 2747 2578 gab
2770 2520 2798 2580 es
2827 2517 2911 2577 keine
2934 2515 3013 2575 Ver¬

721 2521 933 2581 französischen
980 2521 1112 2581 Technik
1153 2518 1308 2578 bedient),
1338 2518 1510 2578 Schnitzler
1551 2519 1574 2579 in
1615 2518 1695 2578 einer
1736 2515 1844 2575 gleich¬

184 2537 320 2597 gefärbt,
347 2535 402 2595 das
434 2532 540 2592 gleiche
572 2533 646 2593 Rech

722 2568 894 2628 gerichteten
930 2565 1155 2625 Veranlagung
1191 2565 1358 2625 bestärkte.
1382 2565 1503 2625 Zumal
1532 2565 1555 2625 in
1596 2562 1688 2622 seinen
1724 2559 1844 2619 Gipfel¬

1890 2563 2091 2623 ständigung,
2111 2565 2173 2625 und
2199 2565 2224 2625 so
2250 2565 2381 2625 flüchtete
2407 2563 2451 2623 er,
2471 2565 2520 2625 auf
2540 2567 2710 2627 Tätigkeit
2729 2568 2861 2628 gestellt,
2875 2565 2924 2625 sich
2950 2562 3006 2622 nur

212 2582 309 2642 schrieb
344 2580 654 2640 Burgtheaterstücke

724 2611 837 2671 werken
877 2613 927 2673 vom
978 2610 1164 2670 „Einsamen
1204 2610 1305 2670 Weg"
1340 2608 1384 2668 bis
1419 2610 1475 2670 zum
1526 2610 1706 2670 „Professor
1741 2604 1841 2664 Bern¬

1894 2610 1998 2670 immer
2027 2611 2131 2671 tiefer,
2154 2610 2264 2670 immer
2292 2610 2485 2670 überzeugter
2514 2610 2541 2670 in
2574 2610 2651 2670 seine
2680 2610 2801 2670 Arbeit,
2823 2613 2872 2673 die
2901 2610 3011 2670 immer

189 2628 302 2688 tlicher
332 2626 504 2686 Erziehung
541 2623 665 2683 spielten

726 2657 833 2717 hardi"
867 2658 929 2718 und
963 2657 1098 2717 darüber
1127 2654 1239 2714 hinaus
1279 2653 1301 2713 in
1341 2652 1419 2712 einer
1454 2655 1549 2715 Reihe
1583 2652 1758 2712 dialektisch
1792 2651 1825 2711 ge

1898 2658 1961 2718 eine
1990 2658 2105 2718 Arbeit
2134 2658 2169 2718 am
2216 2658 2371 2718 Menschen
2412 2659 2493 2719 war,
2516 2658 2550 2718 ob
2580 2658 2614 2718 er
2649 2658 2706 2718 uns
2742 2660 2822 2720 nun,
2852 2658 2874 2718 in
2915 2656 3007 2716 seiner

200 2673 233 2733 sen
267 2673 464 2733 vorgingen;
493 2671 537 2731 die
560 2670 667 2730 gesell¬

726 2703 847 2763 schulter
882 2703 1037 2763 Einakter
1076 2700 1147 2760 tritt
1181 2700 1275 2760 dieser
1309 2700 1442 2760 Einfluß
1482 2700 1682 2760 bestimmend
1727 2698 1831 2758 zutage

1893 2704 2005 2764 milden
2038 2706 2151 2766 Prosa,
2170 2705 2238 2765 eine
2264 2706 2440 2766 dramatisch
2472 2706 2598 2766 bewegte
2624 2703 2749 2763 Novelle
2775 2706 2907 2766 erzählte
2945 2703 3013 2763 oder

206 2718 398 2778 natürlicher
427 2715 567 2775 Haltung
596 2715 671 2775 ohne

718 2747 788 2807 Den
821 2749 998 2809 „Professor
1026 2747 1220 2807 Bernhardi“
1253 2744 1334 2804 kann
1367 2744 1431 2804 man
1464 2745 1609 2805 geradezu
1637 2744 1723 2804 einen
1751 2741 1842 2801 öster¬

1898 2750 1948 2810 das
1977 2750 2095 2810 Drama
2125 2750 2312 2810 sublimierte
2335 2749 2347 2809 —
2404 2749 2454 2809 wie
2484 2750 2506 2810 in
2535 2750 2631 2810 seinem
2672 2748 2762 2808 letzten
2796 2750 3018 2810 Burgtheater¬

195 2768 212 2828 de
249 2763 453 2823 Plädoyers,
483 2760 572 2820 dabei
604 2758 674 2818 aber

724 2795 888 2855 reichischen
928 2792 1159 2852 „Volksfeind"
1199 2792 1334 2852 nennen,
1357 2791 1487 2851 obwohl
1510 2790 1543 2850 er
1578 2789 1639 2849 noch
1679 2788 1763 2848 mehr
1792 2786 1837 2846 ein

1892 2798 2001 2858 stück:
2031 2797 2117 2857 „Der
2147 2798 2239 2858 Gang
2275 2798 2326 2858 zum
2373 2794 2517 2854 Weiher"
2553 2794 2563 2854 —
2628 2797 2685 2857 und
2727 2798 3010 2858 Lebenserfahrung

203 2810 262 2870 und
299 2810 352 2870 auf
382 2809 447 2869 eine
478 2807 668 2867 theatralisch

724 2840 1006 2900 Regierungsfeind
1041 2838 1093 2898 ist.
1111 2837 1186 2897 Doch
1227 2837 1255 2897 in
1285 2837 1365 2897 jedem
1406 2837 1492 2897 Falle
1534 2837 1567 2897 ist
1603 2834 1631 2894 er
1672 2833 1718 2893 ein
1753 2830 1850 2890 öster¬

1893 2848 1924 2908 zu
1956 2843 2062 2903 Versen
2100 2844 2306 2904 verdichtete:
2332 2843 2413 2903 „Als
2445 2844 2538 2904 lernte
2564 2843 2632 2903 Leid
2664 2843 2720 2903 sich
2746 2843 2833 2903 leicht
2859 2842 2870 2902 —
2934 2842 3002 2902 auch

197 2855 207 2915 t
236 2855 325 2915 einem
382 2855 500 2915 Wort,
529 2852 573 2912 die
619 2849 663 2909 die

725 2885 907 2945 reichischer,
932 2885 978 2945 der
1002 2885 1049 2945 sich
1079 2885 1167 2945 unter
1191 2883 1332 2943 Verzicht
1356 2882 1409 2942 auf
1433 2882 1479 2942 die
1504 2880 1627 2940 ethische
1657 2880 1845 2940 Schroffheit

1895 2889 1965 2949 Leid
1996 2891 2030 2951 ist
2055 2891 2197 2951 Gnade."
2227 2891 2280 2951 Ich
2316 2891 2362 2951 hob
2393 2891 2421 2951 in
2453 2891 2570 2951 meiner
2594 2891 2801 2951 Besprechung
2838 2891 2884 2951 die
2909 2889 3020 2949 Tasso¬

184 2903 222 2963 ie
267 2900 440 2960 allerbesten
486 2897 651 2957 Franzosen

719 2932 839 2992 Ibsens
895 2932 961 2992 und
1006 2930 1088 2990 seine
1133 2927 1276 2987 sekkante
1321 2927 1592 2987 Wunderlichkeit
1631 2925 1691 2985 mit
1747 2922 1829 2982 einem

1892 2937 2105 2997 Aehnlichkeit
2152 2936 2250 2996 seiner
2298 2935 2482 2995 melodischen
2535 2935 2795 2995 Jambensprache
2842 2935 3009 2995 gebührend

185 2953 229 3013 ge,
250 2949 269 3009 in
296 2947 407 3007 Berlin
435 2944 493 3004 wie
513 2942 538 3002 in
566 2941 676 3001 Wien,

721 2977 930 3037 wienerischen
970 2976 1079 3036 „Hol's
1113 2972 1162 3032 der
1191 2973 1345 3033 Teufel!“
1379 2974 1500 3034 lachend
1534 2972 1588 3032 aus
1628 2971 1677 3031 dem
1722 2968 1843 3028 Staube

1894 2982 1996 3042 hervor
2036 2984 2093 3044 und
2122 2984 2291 3044 Schnitzler
2315 2983 2427 3043 dankte
2457 2983 2513 3043 mir
2542 2983 2598 3043 mit
2621 2983 2700 3043 einem
2746 2981 2894 3041 reizenden
2928 2980 3001 3040 Brie

190 2995 225 3055 hn
262 2994 285 3054 in
322 2992 376 3052 den
413 2989 569 3049 folgenden
606 2988 654 3048 die

726 3022 839 3082 macht.
862 3022 1020 3082 Vielleicht
1050 3021 1105 3081 aus
1134 3019 1395 3079 Wahrheitsliebe
1423 3015 1434 3075 —
1491 3016 1565 3076 weil
1588 3018 1649 3078 doch
1684 3016 1751 3076 auch
1780 3013 1831 3073 „im

1898 3031 1940 3091 für
1972 3031 2020 3091 die
2046 3031 2180 3091 Freude,
2206 3029 2248 3089 die
2280 3030 2328 3090 ihm
2372 3029 2464 3089 dieser
2495 3028 2649 3088 Vergleich
2680 3029 2803 3089 bereitet
2834 3030 2932 3090 hatte,
2958 3028 2994 3088 um

198 3043 221 3103 hm
259 3037 406 3097 zeitweise
425 3037 492 3097 auch
518 3034 665 3094 historisch

1761 3059 1841 3119 sicher

729 3069 842 3129 Leben"
877 3069 927 3129 nie
956 3068 995 3128 ein
1030 3068 1142 3128 Prozeß
1183 3064 1312 3124 wirklich
1347 3065 1375 3125 zu
1409 3064 1494 3124 Ende
1528 3064 1646 3124 gedeiht
1676 3059 1737 3119 —,

1895 3077 1971 3137 dann
2007 3079 2030 3139 in
2066 3076 2160 3136 seiner
2184 3077 2260 3137 aller
2290 3076 2508 3136 Gespreiztheit
2532 3076 2697 3136 abholden,
2715 3076 2767 3136 dem
2809 3076 2921 3136 Scherz
2957 3074 3009 3134 auf

192 3085 306 3145 rhob.
327 3082 454 3142 Freilich
489 3082 555 3142 darf
583 3079 650 3139 man

725 3114 807 3174 nicht
837 3115 889 3175 aus
925 3115 1208 3175 Verträglichkeit.
1226 3109 1373 3169 Indessen
1409 3109 1520 3169 gehört
1550 3109 1615 3169 auch
1651 3106 1744 3166 dieser
1775 3108 1838 3168 Zug

1897 3124 1999 3184 halbem
2045 3124 2141 3184 Wege
2170 3124 2521 3184 entgegenkommenden
2556 3123 2618 3183 Art
2647 3124 2896 3184 hinzuzufügen:
2925 3121 3015 3181 „Wie

228 3129 280 3189 dem
326 3125 673 3185 Gesellschaftsdichter,

724 3157 808 3217 einer
837 3159 1092 3219 absolutistischen
1127 3154 1386 3214 Bequemlichkeit
1415 3155 1460 3215 zum
1506 3154 1630 3214 Bilde;
1653 3151 1749 3211 treibt
1772 3150 1839 3210 man

1898 3170 2011 3230 schade,
2030 3171 2083 3231 daß
2115 3171 2181 3231 man
2205 3171 2283 3231 nicht
2302 3170 2337 3230 um
2375 3169 2488 3229 dreißig
2513 3170 2616 3230 Jahre
2641 3171 2742 3231 jünger
2767 3171 2815 3231 ist,
2834 3170 2900 3230 man
2930 3168 3014 3228 hätte

197 3174 329 3234 denken,
357 3172 403 3232 die
444 3171 496 3231 sich
537 3171 603 3231 nur
644 3168 670 3228 so

728 3204 773 3264 ihn
802 3206 923 3266 stärker
952 3205 1073 3265 hervor,
1091 3205 1120 3265 so
1143 3201 1258 3261 könnte
1282 3201 1351 3261 man
1380 3201 1489 3261 sagen,
1507 3201 1558 3261 daß
1594 3198 1778 3258 Schnitzler,
1796 3194 1842 3254 der

1896 3216 1958 3276 eine
1984 3217 2084 3277 schöne
2116 3219 2328 3279 Entwicklung
2361 3216 2410 3276 vor
2442 3216 2485 3276 sich
2505 3215 2579 3275 ..."
2605 3215 2648 3275 Er
2680 3216 2730 3276 hat
2756 3216 2793 3276 sie
2818 3216 2918 3276 hinter
2950 3216 3012 3276 sich.

203 3222 244 3282 die
268 3216 565 3276 verhältnismäßig
589 3215 671 3275 ober¬

730 3251 911 3311 Naturalist
939 3252 959 3312 im
1008 3247 1285 3307 Dreivierteltakt,
1306 3247 1372 3307 auch
1400 3246 1426 3306 so
1461 3246 1555 3306 etwas
1590 3243 1643 3303 wie
1671 3244 1718 3304 ein
1746 3241 1839 3301 Ibsen

1899 3263 1952 3323 und
1989 3263 2018 3323 so
2049 3264 2151 3324 dürfen
2188 3264 2241 3324 wir
2272 3263 2343 3323 ihn,
2368 3261 2416 3321 dem
2465 3261 2518 3321 das
2555 3264 2789 3324 selbstgewählte
2820 3264 2910 3324 Glück
2959 3260 3006 3320 der

190 3261 221 3321 lt
241 3264 478 3324 Bauernfelds,
492 3264 542 3324 von
575 3262 664 3322 dessen

726 3297 750 3357 in
788 3297 874 3357 Moll
899 3294 979 3354 war.

201 3309 361 3369 immerhin
400 3309 516 3369 einiges
555 3306 676 3366 gelernt

1897 3310 2004 3370 Arbeit
2032 3311 2077 3371 bis
2112 3312 2162 3372 zum
2208 3310 2303 3370 letzten
2338 3309 2490 3369 bewußten
2524 3309 2665 3369 Atemzug
2700 3309 2795 3369 zuteil
2818 3309 2919 3369 ward,
2943 3309 3010 3369 noch

823 3338 862 3398 Er
885 3340 952 3400 war
981 3340 1032 3400 das
1061 3338 1150 3398 auch,
1168 3336 1258 3396 unter
1281 3335 1421 3395 anderm,
1445 3335 1512 3395 aber
1541 3335 1591 3395 vor
1614 3335 1693 3395 allem
1733 3332 1794 3392 war
1817 3332 1845 3392 er

244 3356 273 3416 em
316 3356 418 3416 Ernst
443 3354 496 3414 der
527 3350 665 3410 geistigen

1900 3356 1922 3416 im
1968 3358 2047 3418 Tode
2076 3356 2211 3416 glücklich
2240 3354 2375 3414 preisen.
2399 3356 2466 3416 Wie
2489 3356 2641 3416 Flaubert
2665 3356 2732 3416 sank
2767 3356 2794 3416 er
2818 3356 2953 3416 sterbend
2982 3356 3003 3416 zu

726 3387 908 3447 Schnitzler,
925 3386 985 3446 und
1008 3387 1073 3447 war
1097 3384 1124 3444 es
1147 3382 1162 3442 —
1213 3382 1267 3442 wie
1290 3383 1405 3443 traurig
1434 3380 1721 3440 unwahrscheinlich
1744 3378 1848 3438 klingt

245 3398 384 3458 schließt.
405 3398 481 3458 Auch
510 3397 669 3457 Schnitzler

1898 3405 1999 3465 Füßen
2030 3404 2126 3464 seines
2157 3404 2385 3464 Schreibtisches
2416 3401 2536 3461 nieder.
2555 3403 2596 3463 So
2621 3403 2729 3463 sterben
2766 3404 2849 3464 gwoße
2880 3402 3012 3462 Schrift¬

732 3432 822 3492 dieses
857 3434 919 3494 war
953 3431 964 3491 —
1027 3432 1049 3492 in
1084 3432 1162 3492 jedem
1214 3428 1395 3488 Augenblick
1429 3428 1525 3488 seines
1560 3428 1752 3488 schriftlichen
1792 3425 1848 3485 und

212 3447 495 3507 hausgesprochen
527 3442 680 3502 amüsant

1901 3452 1992 3512 steller
2017 3452 2084 3512 auch
2109 3451 2176 3511 noch
2202 3450 2225 3510 in
2257 3449 2336 3509 einer
2361 3449 2440 3509 Zeit,
2460 3449 2538 3509 deren
2570 3450 2784 3510 Schriftsteller
2809 3449 2888 3509 kaum
2926 3447 3011 3507 mehr

732 3482 917 3542 mündlichen
960 3481 1104 3541 Wesens.
1129 3476 1218 3536 Ohne
1249 3477 1272 3537 im
1322 3476 1489 3536 geringsten
1526 3476 1580 3536 wie
1617 3475 1730 3535 andere
1761 3473 1850 3533 große

217 3492 396 3552 hinreißend
435 3491 561 3551 heiteren
600 3488 681 3548 Ein¬

1888 3500 2009 3560 wissen,
2032 3498 2093 3558 wer
2115 3499 2271 3559 Flaubert
2299 3497 2359 3557 war
2388 3497 2443 3557 und
2477 3498 2526 3558 daß
2560 3497 2593 3557 er
2621 3497 2643 3557 so
2671 3497 2827 3557 gestorben
2860 3497 2910 3557 ist.
2933 3494 3009 3554 Was

732 3529 966 3589 Schriftsteller,
997 3529 1081 3589 deren
1118 3523 1334 3583 Feierlichkeit
1366 3523 1419 3583 uns
1456 3523 1564 3583 unsere
1601 3520 1847 3580 Minderwertig¬

206 3537 346 3597 teratur"
374 3529 387 3589 —
448 3532 521 3592 aber
549 3533 582 3593 er
610 3532 676 3592 war

1889 3547 2036 3607 vielleicht
2073 3544 2119 3604 für
2155 3544 2250 3604 diesen
2292 3541 2570 3601 liebenswürdigen
2612 3544 2748 3604 Weisen,
2778 3544 2872 3604 diesen
2914 3541 3002 3601 hohen

731 3574 793 3634 keit
825 3574 944 3634 fühlbar
983 3575 1095 3635 macht,
1121 3573 1340 3633 „gesammelte
1367 3568 1504 3628 Werke"
1543 3568 1567 3628 zu
1612 3568 1762 3628 sprechen,
1788 3566 1850 3626 war

467 3580 557 3640 rnn
595 3578 637 3638 and

1889 3592 2051 3652 Künstler,
2070 3590 2168 3650 diesen
2198 3589 2337 3649 Musiker
2367 3589 2412 3649 der
2442 3589 2593 3649 Sprache,
2623 3590 2669 3650 der
2699 3589 2820 3649 Arthur
2845 3588 3012 3648 Schnitzler

732 3620 796 3680 doch
823 3622 907 3682 jedes
934 3622 1031 3682 seiner
1058 3622 1162 3682 Worte
1189 3619 1227 3679 ein
1260 3616 1475 3676 gesammeltes
1502 3617 1592 3677 Werk
1626 3615 1775 3675 insofern,
1795 3613 1846 3673 als

546 3624 605 3684 nie
630 3622 637 3682 i

1895 3638 1977 3698 war,
2016 3637 2060 3697 ein
2094 3637 2204 3697 Grund
2238 3637 2321 3697 mehr
2349 3637 2470 3697 gewesen
2504 3637 2603 3697 wäre,
2626 3638 2670 3698 sich
2704 3637 2731 3697 zu
2765 3634 2858 3694 seiner
2881 3636 2952 3696 Zeit
2981 3635 3008 3695 zu

727 3667 765 3727 es
792 3667 967 3727 verdiente,
994 3666 1176 3726 gesammelt
1203 3664 1260 3724 und
1294 3662 1482 3722 aufbewahrt
1509 3664 1540 3724 zu
1574 3662 1710 3722 werden.
1756 3661 1846 3721 Diese

517 3670 666 3730 Sendung

1897 3685 2042 3745 bekennen
2076 3685 2135 3745 und
2168 3686 2282 3746 seinen,
2304 3685 2352 3745 bei
2375 3684 2521 3744 Lebzeiten
2554 3682 2613 3742 doch
2647 3682 2755 3742 immer
2782 3682 3010 3742 angefochtenen

728 3714 853 3774 rastlose
875 3717 986 3777 Hand,
1001 3715 1049 3775 die
1071 3713 1175 3773 vierzig
1197 3712 1308 3772 Bände
1329 3712 1531 3772 abgeschlossen
1567 3710 1622 3770 aus
1644 3711 1692 3771 sich
1721 3707 1846 3767 heraus¬

348 3720 421 3780 eines
464 3718 578 3778 Lebens
613 3715 673 3775 von

1901 3730 1986 3790 Platz
2005 3732 2035 3792 in
2074 3732 2122 3792 der
2154 3729 2462 3789 Literaturgeschichte
2494 3729 2648 3789 endgültig
2686 3729 2920 3789 einzunehmen.

732 3763 844 3823 stellte,
865 3762 917 3822 hat
951 3760 1076 3820 zugleich
1104 3759 1249 3819 taufende
1276 3756 1375 3816 Briefe
1402 3756 1607 3816 geschrieben,
1628 3753 1706 3813 jeder
1740 3751 1846 3811 unver¬

206 3765 371 3825 vestimmt
401 3763 484 3823 war.
503 3761 549 3821 In
585 3759 679 3819 seiner

727 3807 905 3867 wechselbar
931 3807 956 3867 in
989 3806 1084 3866 seiner
1103 3804 1256 3864 herzlichen
1289 3801 1454 3861 Eigenart,
1474 3801 1531 3861 und
1563 3801 1588 3861 so
1614 3801 1780 3861 nebenher,
1800 3797 1844 3857 für

197 3810 409 3870 anzösischen
444 3807 676 3867 Gesellschafts¬

2424 3813 2580 3873 Raoul
2613 3816 2968 3876 Auernheimer.

733 3858 786 3918 den
826 3855 948 3915 eigenen
988 3853 1143 3913 Gebrauch
1175 3850 1321 3910 gleichsat
1376 3852 1429 3912 die
1461 3850 1593 3910 Chwnik
1632 3849 1724 3909 seines
1764 3847 1848 3907 Zeit¬

202 3854 279 3914 ssen,
300 3854 384 3914 deren
417 3855 573 3915 Kenntnis
607 3852 651 3912 ihm
