3392 4320
328 2643 459 2703 Arthur
485 2647 646 2707 Schnitzler
672 2644 711 2704 f,
727 2644 772 2704 der
799 2645 884 2705 große
910 2646 1142 2706 Romandichter
1168 2646 1223 2706 und

681 2688 896 2748 Dramatiker.

340 2733 395 2793 Wie
427 2734 485 2794 eine
517 2733 560 2793 der
592 2736 706 2796 klugen,
730 2738 934 2798 nachdenklichen
970 2739 1108 2799 Gestalten
1144 2739 1230 2799 seiner

344 2772 439 2832 Stücke
477 2772 527 2832 und
565 2775 756 2835 Erzählungen
799 2775 832 2835 ist
866 2777 911 2837 der
945 2778 998 2838 fast
1024 2781 1228 2841 siebzigjährige

316 2811 425 2871 Dichter
453 2812 502 2872 aus
535 2812 579 2872 dem
616 2814 701 2874 Leben
730 2814 888 2874 gegangen.
909 2814 957 2874 Ein
990 2817 1075 2877 letzter
1104 2819 1237 2879 Spazier¬

323 2851 413 2911 gang
441 2852 511 2912 durch
539 2849 590 2909 das
618 2853 766 2913 herbstliche
794 2855 885 2915 Wien,
905 2855 951 2915 das
979 2855 1002 2915 er
1030 2855 1124 2915 liebte,
1144 2855 1234 2915 Heim¬

312 2890 387 2950 kehr
412 2892 456 2952 ins
480 2891 547 2951 stille
572 2891 647 2951 Haus
675 2892 727 2952 und
751 2894 787 2954 ein
815 2895 954 2955 Hinsinken
983 2897 1010 2957 am
1047 2897 1234 2957 Schreibtisch.

687 2939 744 2999 Fot.
760 2939 806 2999 Ilse
829 2941 898 3001 Roß.

397 3142 662 3202 ARTHUR
730 3145 1165 3205 SCHNITZLER

384 3270 401 3330 n
431 3270 478 3330 der
500 3270 688 3330 glanzvollen
719 3270 821 3330 Epoche
848 3270 899 3330 der
920 3270 1118 3330 Erneuerung
1144 3267 1229 3327 deut¬

328 3318 457 3378 scher
490 3318 731 3378 Bühnenkunst,
754 3318 800 3378 die
833 3319 869 3379 um
917 3318 985 3378 1890
1023 3318 1079 3378 von
1116 3318 1222 3378 Berlin

325 3369 481 3429 ausging,
510 3369 616 3429 ragten
657 3368 714 3428 aus
749 3369 802 3429 der
842 3369 928 3429 Fülle
968 3369 1231 3429 jugendkräftiger

331 3417 550 3477 dramatischer
585 3417 732 3477 Talente,
758 3417 805 3477 die
835 3419 891 3479 mit
926 3420 1090 3480 einemmal
1125 3417 1232 3477 allent¬

321 3467 428 3527 halben
475 3464 502 3524 in
549 3467 753 3527 Deutschland
800 3467 1009 3527 aufsprossen,
1042 3467 1223 3527 ebenbürtig

325 3515 398 3575 zwei
436 3515 527 3575 starke
570 3518 837 3578 Persönlichkeiten
884 3518 1012 3578 hervor:
1045 3515 1096 3575 der
1133 3515 1225 3575 große

338 3563 488 3623 schlesische
519 3566 728 3626 Voltsdichter
764 3566 900 3626 Gerhart
932 3566 1127 3626 Hauptmann
1167 3566 1224 3626 und

294 3614 393 3674 „der
412 3613 502 3673 große
525 3614 647 3674 Wiener
671 3615 897 3675 Kulturdichter
920 3616 1038 3676 Arthur
1057 3614 1233 3674 Schnitzler.

315 3659 383 3719 Mit
410 3662 460 3722 dem
506 3664 597 3724 Ruhm
643 3663 692 3723 der
729 3664 870 3724 „Weber“
902 3662 939 3722 ist
966 3663 1016 3723 der
1048 3663 1144 3723 Name
1176 3663 1225 3723 des

309 3709 417 3769 einen,
439 3712 494 3772 mit
516 3712 567 3772 dem
611 3712 662 3772 der
697 3712 861 3772 „Liebelei“
892 3712 938 3772 der
969 3715 1063 3775 Name
1090 3713 1141 3773 des
1172 3713 1227 3773 an¬

291 3757 294 3817 .
337 3758 407 3818 dern
441 3761 578 3821 dauernd
611 3763 777 3823 verknüpft
803 3762 973 3822 geblieben.
1015 3763 1123 3823 Solche
1152 3760 1227 3820 Ver¬

331 3808 491 3868 knüpfung
531 3811 584 3871 hat
616 3811 722 3871 immer
758 3811 864 3871 innere
896 3811 1131 3871 Berechtigung,
1158 3814 1224 3874 auch

340 3858 424 3918 wenn
451 3859 499 3919 der
526 3859 640 3919 Dichter
667 3861 764 3921 später
786 3859 830 3919 sich
857 3862 940 3922 gegen
972 3862 1015 3922 den
1047 3862 1134 3922 Ruhm
1175 3860 1227 3920 sei¬

340 3906 393 3966 ner
415 3909 635 3969 Jugendwerke
661 3909 756 3969 wehrt
777 3908 831 3968 und
860 3910 947 3970 daran
981 3909 1081 3969 leidet,
1102 3912 1152 3972 wie
1177 3909 1222 3969 der

340 3957 438 4017 Mann
473 3959 593 4019 Goethe
623 3958 657 4018 am
709 3960 794 4020 Ruhm
838 3960 889 4020 des
928 3960 1043 4020 „Goetz“
1083 3961 1138 4021 und
1172 3961 1219 4021 des

2163 1766 2213 1826 Die
2242 1768 2406 1828 Beisetzung
2435 1769 2480 1829 der
2509 1771 2599 1831 Opfer
2628 1770 2673 1830 des
2702 1772 2974 1832 Grubenunglücks

2220 1812 2273 1872 auf
2301 1812 2350 1872 der
2378 1813 2459 1873 Zeche
2487 1812 2579 1872 Mont
2607 1813 2699 1873 Cenis
2732 1813 2775 1873 bei
2803 1814 2917 1874 Herne.

2448 1853 2503 1913 Fot.
2516 1852 2550 1912 B.
2568 1855 2687 1915 Muthfer.

2046 2002 2219 2062 „Werther“
2246 2005 2365 2065 gelitten
2393 2005 2446 2065 hat
2474 2007 2528 2067 und
2555 2006 2603 2066 der
2631 2008 2728 2068 Mann
2761 2008 2918 2068 Schnitzler
2946 2008 2977 2068 an
3011 2008 3059 2068 dem
3103 2009 3151 2069 der

2048 2052 2223 2112 „Liebelei",
2244 2052 2293 2112 die
2319 2055 2419 2115 immer
2450 2055 2555 2115 wieder
2581 2055 2631 2115 auf
2657 2057 2777 2117 Bühnen
2813 2055 2938 2115 gespielt
2964 2057 3079 2117 wurde,
3105 2058 3149 2118 die

2047 2100 2087 2160 sich
2114 2101 2164 2161 den
2191 2101 2309 2161 Werken
2340 2104 2432 2164 seiner
2453 2105 2540 2165 reifen
2566 2104 2628 2164 Zeit
2655 2105 2711 2165 und
2742 2106 2829 2166 seines
2860 2106 2958 2166 Alters
2989 2106 3045 2166 nur
3071 2106 3143 2166 allzu

2043 2150 2083 2210 oft
2110 2150 2311 2210 verschlossen.
2332 2153 2415 2213 Denn
2441 2154 2487 2214 die
2514 2154 2668 2214 „Liebelei"
2695 2154 2772 2214 zeigt
2788 2154 2818 2214 am
2855 2154 2983 2214 stärksten
3016 2154 3056 2214 die
3078 2155 3149 2215 Ver¬

2043 2199 2218 2259 wurzelung
2248 2202 2424 2262 Schnitzlers
2450 2203 2474 2263 in
2505 2205 2595 2265 seinem
2636 2205 2866 2265 Heimatboden,
2888 2205 2912 2265 in
2943 2205 2993 2265 der
3018 2205 3133 2265 Kultur

2043 2249 2135 2309 schicht
2161 2249 2212 2309 des
2239 2249 2362 2309 höheren
2394 2252 2512 2312 Wiener
2538 2253 2760 2313 Bürgertums,
2776 2252 2832 2312 wie
2853 2250 2884 2310 es
2910 2250 2956 2310 sich
2983 2253 3049 2313 nach
3075 2252 3142 2312 1866

2044 2297 2232 2357 entwickelte,
2256 2300 2426 2360 unberührt
2450 2301 2497 2361 von
2533 2301 2632 2361 zweien
2668 2301 2715 2361 der
2745 2303 2921 2363 mächtigsten
2957 2301 3074 2361 Triebe,
3098 2302 3144 2362 die

2204 2448 2279 2508 sonst
2304 2450 2359 2510 das
2390 2453 2626 2513 Menschenleben
2662 2455 2782 2515 lenken:
2808 2457 2858 2517 von
2894 2458 3019 2518 Ehrgeiz

2202 2498 2256 2558 und
2302 2499 2378 2559 Not.
2429 2503 2585 2563 Lächelnde
2621 2506 2873 2566 Melancholiker,
2909 2506 3019 2566 heitere

2204 2548 2357 2608 Skeptiker
2390 2550 2448 2610 und
2485 2551 2745 2611 kulturgesättigte
2777 2554 2926 2614 Genießer
2958 2556 3015 2616 sind

2198 2598 2378 2658 Schnitzlers
2410 2599 2586 2659 Menschen.
2633 2599 2690 2659 Sie
2721 2602 2824 2662 sehnen
2866 2604 2913 2664 sich
2949 2605 3016 2665 nach

2204 2646 2300 2706 Liebe,
2323 2646 2355 2706 sie
2377 2646 2502 2706 fürchten
2529 2647 2578 2707 den
2606 2648 2681 2708 Tod.
2704 2649 2763 2709 Und
2790 2650 2823 2710 sie
2845 2652 3013 2712 empfinden

2201 2694 2269 2754 aufs
2302 2696 2433 2756 stärkste,
2455 2696 2518 2756 was
2551 2697 2603 2757 wir
2635 2700 2719 2760 heute
2752 2699 2799 2759 die
2831 2702 3015 2762 Relativität

2198 2745 2272 2805 aller
2303 2745 2399 2805 Dinge
2430 2746 2454 2806 zu
2490 2746 2600 2806 nennen
2632 2748 2767 2808 pflegen.
2813 2750 2868 2810 „Es
2904 2751 3009 2811 fließen

2200 2793 2377 2853 ineinander
2402 2795 2500 2855 Traum
2540 2795 2593 2855 und
2623 2796 2761 2856 Wachen,
2776 2799 2933 2859 Wahrheit
2954 2801 3012 2861 und

2198 2840 2293 2900 Lüge,
2314 2840 2478 2900 Sicherheit
2500 2842 2537 2902 ist
2564 2843 2743 2903 nirgends".
2781 2846 2845 2906 Das
2877 2846 2913 2906 ist
2940 2848 3014 2908 keine

2191 2891 2382 2951 dramatische
2412 2894 2728 2954 Lebensanschauung.
2758 2896 2873 2956 Später
2902 2896 2959 2956 trat
2984 2898 3007 2958 in

2195 2939 2372 2999 Schnitzlers
2397 2942 2530 3002 Schaffen
2560 2942 2612 3002 das
2637 2945 2747 3005 Drama
2776 2945 2872 3005 hinter
2896 2948 3006 3008 Roman

2193 2987 2250 3047 und
2270 2989 2393 3049 Novelle
2409 2991 2518 3051 zurück.
2538 2993 2576 3053 In
2605 2993 2744 3053 Novellen
2773 2996 2826 3056 wie
2845 2996 3012 3056 „Leutnant

2198 3038 2319 3098 Gustl",
2346 3041 2504 3101 „Fräulein
2536 3044 2642 3104 Else",
2664 3044 2769 3104 „Spiel
2801 3044 2827 3104 im
2864 3046 3012 3106 Morgen¬

2193 3088 2343 3148 grauen",
2359 3088 2409 3148 das
2435 3090 2530 3150 zuerst
2551 3091 2576 3151 in
2602 3091 2652 3151 der
2678 3091 2834 3151 „Berliner
2860 3094 3015 3154 Illustrir¬

2195 3136 2258 3196 ten"
2288 3137 2425 3197 erschien,
2445 3138 2503 3198 und
2533 3142 2796 3202 „Traumnovelle"
2831 3143 2880 3203 hat
2905 3145 2933 3205 er
2963 3145 3007 3205 die

2196 3186 2275 3246 Höhe
2296 3186 2391 3246 seiner
2418 3189 2629 3249 Meisterschaft
2656 3192 2788 3252 erreicht.

1787 3933 2032 3993 Braunschweig:
2054 3930 2277 3990 Vorbeimarsch
2308 3930 2357 3990 der
2384 3927 2690 3987 nationalsozialisti¬

1719 3978 1787 4038 schen
1815 3977 1975 4037 Verbände
2007 3974 2058 4034 vor
2086 3975 2176 4035 Adolf
2200 3974 2300 4034 Hitler
2323 3972 2378 4032 auf
2402 3972 2447 4032 dem
2489 3972 2689 4032 Schloßplatz.
