3392 4320
332 597 449 657 SEITE
490 597 500 657 4

2575 608 2648 668 NR.
2671 608 2733 668 305

1417 634 1631 694 fn

334 717 433 777 kunst
460 718 520 778 seit
547 718 572 778 je
608 718 825 778 bedeutendes
852 718 1008 778 Interesse
1044 717 1095 777 ent

1155 719 1237 779 rung
1285 721 1337 781 für
1376 718 1428 778 die
1459 720 1688 780 künstlerische
1719 722 1922 782 Umformung

1980 725 2055 785 den:
2082 724 2166 784 „Der
2198 726 2290 786 junge
2326 727 2530 787 Medardus",
2553 730 2726 790 „Liebelei“

342 757 458 817 gegen.
484 756 521 816 Er
547 756 609 816 war
639 760 747 820 immer
773 757 885 817 bereit,
906 758 973 818 jene
1002 757 1106 817 seiner

1161 760 1269 820 seines
1294 760 1428 820 Dramas
1454 761 1571 821 Arthur
1596 763 1776 823 Schnitzler
1801 760 1851 820 bei
1872 762 1930 822 der

1986 765 2142 825 „Fräulein
2170 766 2259 826 Ele“
2287 765 2335 825 (an
2363 767 2470 827 dessen
2502 768 2658 828 Drehbuch
2690 771 2743 831 der

344 796 474 856 Werke,
493 793 541 853 die
565 792 599 852 er
624 792 671 852 für
696 797 990 857 verfilmungsfähig
1024 798 1110 858 hielt.

1156 797 1257 857 Sache
1287 796 1362 856 war.
1401 797 1459 857 Oft
1502 798 1556 858 hat
1599 798 1632 858 er
1662 798 1717 858 mir
1742 798 1826 858 seine
1856 801 1927 861 Mei¬

1985 802 2110 862 Dichter
2167 804 2343 864 gleichfalls
2400 807 2633 867 mitarboitete)
2681 810 2737 870 und

336 831 396 891 den
435 837 680 897 Filmkünstlern
719 834 989 894 anzuvertrauen,
1020 836 1093 896 aller

1156 835 1240 895 nung
1270 836 1342 896 über
1367 836 1422 896 den
1456 837 1515 897 Film
1553 837 1578 897 im
1621 838 1828 898 allgemeinen
1858 840 1912 900 aus

1983 843 2089 903 „Spiel
2112 843 2134 903 im
2170 843 2441 903 Morgengrauen“
2468 846 2525 906 (ein
2553 849 2672 909 Tonfilm
2713 848 2735 908 in

339 874 429 934 dings
460 875 520 935 nur
546 876 693 936 solchen,
737 876 792 936 von
844 876 935 936 deren
974 876 1103 936 Können

1162 878 1458 938 einandergesetzt.
1480 876 1514 936 Er
1540 878 1596 938 gab
1622 877 1677 937 der
1704 878 1922 938 Entwicklung

1976 882 2156 942 englischer
2186 885 2341 945 Sprache,
2363 884 2417 944 der
2447 884 2501 944 mit
2531 887 2644 947 Ramon
2683 886 2745 946 No-

340 915 393 975 und
425 915 680 975 künstlerischem
720 915 1106 975 Einfühlungsvermögen

1165 915 1216 975 des
1255 917 1345 977 Films
1380 915 1444 975 viel
1475 918 1651 978 Hoffnung,
1681 917 1732 977 und
1776 918 1857 978 wenn
1896 918 1926 978 er

1984 919 2059 979 varo
2099 921 2125 981 in
2179 924 2236 984 der
2276 927 2479 987 Hauptrolle,
2520 929 2656 989 kürziich
2710 929 2736 989 in

345 954 376 1014 er
401 954 578 1014 Uberzeugt
603 955 679 1015 war.
720 954 804 1014 Auch
857 954 921 1014 war
966 954 998 1014 er
1023 954 1103 1014 stets

1159 954 1236 1014 auch
1276 956 1331 1016 mit
1357 956 1413 1016 dem
1461 957 1607 1017 Resultat
1638 957 1693 1017 der
1728 958 1917 1018 Verfilmung

1981 960 2167 1020 Hollywood
2202 963 2361 1023 vollendet
2388 965 2512 1025 wurde)

343 992 476 1052 willens,
504 995 606 1055 selbst
638 993 673 1053 an
710 992 767 1052 den
803 995 1103 1055 Filmdrehbüchern

1162 994 1291 1054 eigener
1317 995 1463 1055 Arbeiten
1492 995 1580 1055 nicht
1606 998 1714 1058 immer
1740 995 1852 1055 restlos
1878 997 1927 1057 zu¬

2015 1007 2053 1067 Es
2087 1010 2151 1070 wär
2181 1011 2261 1071 innig
2296 1013 2329 1073 zu
2368 1013 2533 1073 wünschen
2589 1013 2643 1073 und

342 1032 604 1092 mitzuarbeiten.
652 1034 716 1094 Und
772 1033 828 1093 das
871 1033 927 1093 hat
962 1033 991 1093 er
1027 1034 1103 1094 auch

1165 1034 1282 1094 frieden
1315 1034 1392 1094 war,
1409 1034 1441 1094 so
1469 1032 1607 1092 negierte
1640 1034 1668 1094 er
1689 1034 1766 1094 doch
1799 1034 1843 1094 nie
1868 1037 1924 1097 den

1979 1045 2062 1105 wohl
2105 1049 2139 1109 zu
2169 1052 2293 1112 hoffen,
2329 1052 2392 1112 daß
2441 1055 2615 1115 ernsthafte
2651 1055 2748 1115 Film-

339 1073 525 1133 wiederholt
552 1073 664 1133 getan,
682 1073 711 1133 so
738 1073 859 1133 schrieb
890 1071 920 1131 er
946 1072 998 1132 zum
1042 1071 1110 1131 Bei¬

1159 1073 1258 1133 hohen
1290 1073 1371 1133 Wert
1394 1073 1445 1133 der
1472 1074 1723 1134 künstlerischen
1754 1075 1854 1135 Mittel
1871 1076 1927 1136 des

1978 1087 2122 1147 schöpfer
2152 1088 2211 1148 nun
2245 1091 2300 1151 mit
2330 1091 2473 1151 Bedacht
2503 1093 2558 1153 aus
2592 1093 2647 1153 den
2681 1094 2744 1154 Ro¬

343 1112 422 1172 spiel
446 1113 493 1173 die
521 1114 764 1174 Zwischentitel
788 1112 816 1172 zu
849 1110 1096 1170 „Liebelei“

1164 1114 1271 1174 Films.
1295 1115 1427 1175 Zufällig
1465 1114 1544 1174 ward
1578 1113 1638 1173 mir
1667 1115 1723 1175 das
1752 1115 1869 1175 Glück,
1898 1116 1921 1176 in

1982 1127 2087 1187 manen
2128 1130 2184 1190 und
2225 1131 2354 1191 Dramen
2396 1133 2513 1193 Arthur
2550 1133 2740 1193 Schnitzlers

339 1151 417 1211 nahm
460 1154 573 1214 Anteil
616 1151 650 1211 an
698 1153 754 1213 der
781 1151 992 1211 Bearbeitung
1045 1151 1100 1211 von

1161 1154 1354 1214 Schnitzlers
1389 1153 1604 1213 Gesellschaft
1634 1156 1685 1216 den
1742 1154 1840 1214 ersten
1896 1154 1922 1214 in

1975 1163 2042 1223 jene
2076 1169 2277 1229 auswählen,
2320 1171 2412 1231 deren
2463 1172 2559 1232 hoher
2585 1174 2740 1234 geistiger

341 1191 572 1251 „Fräulein
616 1190 751 1250 Else“,
781 1193 838 1253 und
882 1193 939 1253 gap
979 1193 1099 1253 zuletzt

1162 1191 1248 1251 Wien
1279 1192 1503 1252 vorgeführten
1538 1193 1707 1253 deutschen
1764 1194 1927 1254 (synchro¬

1985 1205 2096 1265 Gehalt
2123 1205 2182 1265 sich
2213 1209 2341 1269 filmisch
2376 1212 2591 1272 wiedergeben
2621 1213 2677 1273 und
2707 1212 2737 1272 so

340 1230 375 1290 da
428 1230 498 1290 man
552 1230 600 1290 für
632 1231 781 1291 Amerika
830 1231 918 1291 seine
972 1228 1100 1288 Novelre

1160 1231 1333 1291 nisierten)
1373 1231 1497 1291 Tonfilm
1560 1234 1755 1294 anzusehen.
1796 1234 1929 1294 Damuls

1979 1241 2037 1301 den
2071 1246 2230 1306 weitesten
2263 1249 2430 1309 Schichten
2464 1251 2514 1311 der
2548 1252 2744 1312 Menschheit

342 1270 490 1330 „Spiel
539 1270 577 1330 im
625 1272 981 1332 Morgengrauen

1163 1272 1272 1332 sprach
1300 1273 1354 1333 sich
1386 1273 1436 1333 der
1455 1272 1582 1332 Dichter
1601 1273 1668 1333 sehr
1688 1273 1919 1333 hoffnungsfroh

1982 1286 2211 1346 näherbringen
2242 1288 2323 1348 läßt,
2345 1288 2380 1348 da
2411 1291 2527 1351 gerade
2553 1291 2630 1351 jetzt
2661 1291 2742 1351 eines

337 1308 434 1368 warb,
479 1309 715 1369 Anweisungen
751 1309 800 1369 für
827 1309 875 1369 die
912 1309 1103 1369 Umsetzung

1159 1309 1236 1369 über
1267 1311 1314 1371 die
1345 1312 1487 1372 Zukunft
1517 1312 1569 1372 des
1604 1313 1694 1373 Films
1747 1312 1819 1372 aus.
1863 1312 1927 1372 Der

1981 1324 2127 1384 Dichters
2158 1326 2264 1386 Worte
2308 1327 2339 1387 so
2388 1328 2463 1388 sehr
2503 1330 2635 1390 nottun!
2680 1330 2741 1390 Der

338 1346 390 1406 der
424 1350 603 1410 Erzählung
647 1351 671 1411 in
710 1351 907 1411 Filmbilder,
956 1351 1105 1411 übrigens

1162 1350 1299 1410 tönende
1335 1351 1394 1411 Film
1442 1351 1662 1411 interessierte
1693 1353 1739 1413 ihn
1778 1353 1933 1413 überaus,

1969 1363 2149 1423 Sprechfilm
2194 1367 2274 1427 kann
2311 1368 2387 1428 doch
2423 1370 2499 1430 auch
2536 1372 2589 1432 das
2621 1372 2746 1432 Wort

340 1388 390 1448 die
422 1389 522 1449 erste,
545 1390 663 1450 einzige
700 1389 837 1449 Verton
860 1393 983 1453 filmung
1020 1390 1101 1450 eines

1169 1387 1228 1447 und
1264 1390 1291 1450 er
1319 1390 1405 1450 hatte
1437 1393 1464 1453 in
1496 1393 1641 1453 jüngster
1673 1393 1736 1453 Zeit
1768 1391 1813 1451 ein
1846 1393 1927 1453 Ton¬

1974 1402 2028 1462 des
2056 1404 2202 1464 Dichters
2230 1404 2384 1464 beleben!

337 1427 618 1487 Schnitzlerschen
654 1428 785 1488 Werkes

1159 1431 1428 1491 fiimmanuskript
1471 1430 1504 1490 zu
1542 1431 1706 1491 schreiben
1749 1432 1933 1492 begonnen,

2016 1452 2078 1512 Und
2115 1453 2195 1513 dann
2232 1455 2353 1515 werden
2390 1458 2452 1518 sich
2489 1458 2641 1518 Millionen
2683 1460 2736 1520 von

377 1467 434 1527 Als
470 1467 514 1527 ich
554 1464 611 1524 vor
647 1465 743 1525 vielen
788 1469 898 1529 Jahren
943 1468 1000 1528 mit
1031 1469 1088 1529 dem

1163 1468 1222 1528 das
1245 1469 1340 1529 leider
1368 1470 1573 1530 unvollendet
1601 1470 1696 1530 blieb.
1715 1470 1846 1530 Freudig
1874 1469 1928 1529 be¬

1985 1492 2147 1552 Menschen
2177 1494 2206 1554 zu
2236 1494 2323 1554 jenen
2353 1498 2670 1558 Hunderttausenden
2696 1499 2745 1559 ge¬

330 1506 463 1566 Dichter
486 1504 532 1564 die
560 1506 850 1566 Filmbearbeitung
878 1507 929 1567 des
957 1509 1099 1569 „Jungen

1165 1509 1277 1569 sprach
1307 1507 1337 1567 er
1363 1508 1436 1568 auch
1470 1509 1517 1569 die
1535 1510 1685 1570 geplante
1703 1511 1930 1571 Neuinszenie¬

1978 1530 2094 1590 sellen,
2137 1531 2187 1591 die
2242 1533 2304 1593 seit
2351 1536 2564 1596 Jahrzehnten
2623 1539 2740 1599 Arthur

343 1545 524 1605 Medardus“
561 1545 711 1605 besprach
747 1548 811 1608 (der
838 1547 915 1607 dann
952 1548 979 1608 in
1016 1548 1097 1608 Wien

1152 1546 1234 1606 rung
1283 1548 1386 1608 seines
1439 1550 1582 1610 „Jungen
1635 1549 1821 1609 Medardus“
1878 1550 1926 1610 als

1982 1571 2159 1631 Schnitzler
2190 1574 2245 1634 und
2285 1573 2349 1633 sein
2385 1573 2470 1633 Werk
2510 1578 2561 1638 aus
2596 1578 2730 1638 reinstem

340 1585 394 1645 mit
427 1586 537 1646 Victor
569 1587 739 1647 Varkonyi
767 1587 794 1647 in
831 1587 885 1647 der
918 1587 1105 1647 Hauptrolle

1166 1589 1315 1649 Tonfilm,
1334 1587 1443 1647 dessen
1475 1590 1660 1650 Hauptrolle
1688 1590 1783 1650 Josef
1806 1590 1906 1650 Schild

1982 1608 2098 1668 Herzen
2129 1610 2245 1670 geliebt
2271 1613 2366 1673 haben
2396 1614 2447 1674 und
2478 1616 2573 1676 lieben
2608 1619 2745 1679 werden,

340 1620 391 1680 von
426 1623 560 1683 Kertesz
591 1624 634 1684 als
665 1625 725 1685 Film
769 1625 942 1685 inszeniert
973 1628 1107 1688 wurde).

1163 1626 1264 1686 kraut
1291 1626 1405 1686 spielen
1441 1626 1546 1686 sollte.

1983 1649 2012 1709 so
2043 1649 2134 1709 lange
2160 1652 2238 1712 Atem
2277 1653 2303 1713 in
2329 1655 2420 1715 ihnen
2451 1655 2506 1715 ist!

333 1661 372 1721 da
407 1664 522 1724 konnte
557 1664 604 1724 ich
639 1665 716 1725 mich
751 1664 853 1724 davon
893 1667 1107 1727 überzeugen,

1199 1664 1238 1724 Es
1261 1667 1319 1727 sind
1346 1667 1403 1727 nur
1426 1664 1492 1724 vier
1511 1667 1626 1727 Filme,
1640 1667 1684 1727 die
1706 1667 1817 1727 bisnun
1844 1670 1915 1730 nach

334 1703 391 1763 mit
414 1703 547 1763 welchem
588 1706 672 1766 Eifer
699 1704 752 1764 und
784 1706 917 1766 welcher
940 1706 1104 1766 Begeiste¬

1159 1708 1430 1768 Schnitzlerschen
1473 1706 1602 1766 Werken
1641 1709 1812 1769 inszeniert
1847 1707 1911 1767 wur

2370 1715 2528 1775 Friedrich
2564 1718 2707 1778 Porges.

333 1754 2746 1814 ..

327 1954 534 2014 HEINRICH
599 1957 815 2017 GEORGE:

904 1962 1550 2022 20ss
1677 1960 1897 2020 alle

2004 1963 2614 2023 Biberkop

619 2043 786 2103 Heinrich
804 2044 935 2104 George
954 2045 1050 2105 erzdhlt
1069 2047 1108 2107 von
1130 2049 1174 2109 der
1192 2047 1337 2107 Entstehune
1360 2044 1438 2104 seines
1461 2046 1531 2106 Films
1562 2046 1924 2106 „Berlin-Alexanderplatz“,
1937 2046 2021 2106 dessen
2044 2049 2202 2109 Hauptrolle,
2220 2049 2259 2109 den
2281 2049 2347 2109 Mann
2370 2051 2519 2111 Biberkopf,
2533 2052 2554 2112 er
2573 2053 2660 2113 spielt.

364 2100 413 2160 Ich
470 2100 565 2160 filmte
627 2100 747 2160 gerade

1972 2105 2093 2165 Kampf
2118 2105 2141 2165 in
2169 2103 2226 2163 der
2250 2106 2405 2166 Freiheit,
2424 2109 2646 2169 durcherleben
2679 2109 2735 2169 und

332 2139 359 2199 in
430 2139 622 2199 Hollywood
698 2139 754 2199 bei

1968 2144 2107 2204 spielen.
2139 2143 2166 2203 In
2207 2144 2297 2204 einer
2329 2145 2446 2205 Szene,
2473 2148 2500 2208 in
2537 2148 2595 2208 der
2627 2150 2672 2210 ich
2713 2150 2739 2210 in

331 2178 389 2238 der
421 2178 533 2238 Metro.
557 2178 606 2238 Ich
638 2179 755 2239 spielte

1974 2181 2031 2241 der
2063 2182 2142 2242 Zelle
2179 2182 2209 2242 zu
2245 2184 2374 2244 kritzeln
2410 2187 2516 2247 hatte,
2548 2188 2646 2248 setzte
2691 2189 2735 2249 ich

333 2216 421 2276 einen
490 2215 755 2275 Schwerverbre¬

1977 2222 2036 2282 das
2069 2222 2173 2282 Kabel
2196 2224 2232 2284 an
2270 2224 2370 2284 Alfred
2407 2225 2520 2285 Döblin
2553 2225 2621 2285 auf.

328 2255 423 2315 cher,
456 2255 510 2315 der
552 2255 642 2315 seine
684 2258 756 2318 Mit¬

2005 2258 2061 2318 Die
2123 2261 2258 2321 Anwort
2315 2263 2371 2323 kam
2446 2262 2502 2322 auf
2555 2264 2742 2324 Umwegen.

326 2291 528 2351 gefangenen
568 2294 623 2354 zum
675 2293 754 2353 Auf¬

1980 2299 2090 2359 Döblin
2126 2297 2202 2357 sehe
2237 2300 2322 2360 nicht
2353 2300 2401 2360 die
2442 2302 2659 2362 Möglichkeit,
2687 2305 2739 2365 aus

330 2333 421 2393 stand
482 2332 642 2392 verleitet.
691 2334 751 2394 Na¬

1976 2339 2032 2399 dem
2077 2338 2153 2398 Buch
2187 2338 2231 2398 ein
2267 2342 2502 2402 Bühnendrama
2535 2342 2567 2402 zu
2596 2342 2745 2402 machen.

327 2372 493 2432 turgetreu
531 2374 595 2434 war
625 2374 664 2434 da
702 2373 744 2433 oin

1974 2377 2060 2437 Nun,
2086 2376 2199 2436 dachte
2238 2378 2281 2438 ich
2321 2380 2394 2440 mir,
2421 2382 2503 2442 dann
2542 2381 2607 2441 erst
2642 2384 2741 2444 recht.

334 2413 512 2473 Gefängnis
589 2412 758 2472 errichtet.

1972 2417 2025 2477 Ich
2061 2417 2203 2477 kämpfte
2234 2418 2269 2478 um
2315 2418 2510 2478 Biberkopf!
2532 2420 2580 2480 Ich
2617 2423 2741 2483 schwur

325 2450 379 2510 Ein
430 2449 507 2509 echt
553 2452 753 2512 amerikani-

1968 2452 2014 2512 ihm
2061 2454 2177 2514 Treue.
2200 2456 2274 2516 Bald
2312 2455 2372 2515 war
2405 2457 2446 2517 ich
2484 2458 2507 2518 in
2544 2461 2688 2521 Europa,
2711 2461 2734 2521 in

330 2488 423 2548 sches
461 2491 663 2551 Zuchthaus:
702 2491 744 2551 ein

1977 2494 2092 2554 Berlin,
2119 2494 2220 2554 stürze
2257 2494 2287 2554 zu
2323 2495 2452 2555 Döblin,
2479 2499 2559 2559 hoffe
2590 2499 2638 2559 ihn
2675 2500 2741 2560 um¬

334 2530 509 2590 Riesenhof
537 2530 590 2590 und
627 2531 662 2591 um
699 2533 748 2593 ihn

1970 2533 2173 2593 zustimmen.
2200 2533 2294 2593 Seine
2330 2536 2529 2596 sachlichen,
2560 2539 2637 2599 kühl
2668 2538 2741 2598 vor¬

328 2568 410 2628 viele
447 2569 542 2629 Stock
584 2569 660 2629 hoch
702 2570 752 2630 die

1968 2572 2156 2632 gebrachten
2210 2573 2339 2633 Gründe
2394 2578 2515 2638 vermag
2565 2576 2614 2636 ich
2663 2578 2739 2638 aber

328 2607 430 2667 Zellen
486 2610 546 2670 mit
579 2610 639 2670 den
686 2608 755 2668 Git¬

1974 2612 2062 2672 nicht
2102 2613 2138 2673 zu
2187 2613 2395 2673 widerlegen.
2445 2617 2631 2677 „Vielleicht
2685 2616 2733 2676 ein

327 2646 516 2706 terwänden
585 2648 610 2708 in
688 2649 748 2709 den

1978 2650 2255 2710 Rundfunkspiel?
2308 2651 2477 2711 Vielleicht
2529 2653 2576 2713 ein
2619 2654 2717 2714 Film?

335 2687 423 2747 Hof.

486 2686 551 2746 Das
636 2688 742 2748 Ganze

1974 2690 2071 2750 meint
2107 2690 2138 2750 er
2174 2692 2232 2752 zum
2281 2691 2419 2751 Sebluß.
2450 2694 2526 2754 „Mit
2562 2694 2730 2754 fliehenden

320 2724 441 2784 schaut
479 2727 537 2787 aus
579 2724 637 2784 wie
680 2727 746 2787 eine

1973 2730 2223 2790 Schauplätzen,
2245 2732 2370 2792 schnell
2396 2733 2612 2793 wechselnden
2647 2735 2741 2795 Stim-

327 2766 653 2826 Riesenmenagerie,
687 2768 742 2828 und

1967 2769 2119 2829 mungen,
2162 2770 2461 2830 kaleidoskopartig
2508 2772 2740 2832 abrollendem,

329 2802 372 2862 ist
409 2804 443 2864 es
492 2805 570 2865 auch
615 2805 641 2865 im
699 2806 755 2866 ge¬

1964 2808 2248 2868 dahingleitendem
2304 2811 2507 2871 Geschehen,
2550 2814 2610 2874 nur
2648 2814 2737 2874 nicht

335 2840 442 2900 wissen
510 2843 624 2903 Sinne:
680 2843 747 2903 eine

1975 2846 2025 2906 die
2083 2845 2166 2905 Enge
2219 2848 2279 2908 der
2331 2849 2471 2909 Bühne.“
2524 2852 2734 2912 „Film?...?“

337 2882 571 2942 Aufstapelung

1965 2884 2086 2944 schreie
2122 2887 2189 2947 ich.
2230 2888 2352 2948 „Film?
2402 2891 2509 2951 Damit
2546 2891 2644 2951 wären
2690 2890 2734 2950 Sie

381 2921 698 2981 Menschenbestien.

1967 2924 2238 2984 einverstanden?
2290 2927 2404 2987 Warum
2464 2932 2557 2992 sagen
2609 2929 2659 2989 Sie
2706 2927 2740 2987 es

330 2960 407 3020 Hier
437 2960 500 3020 war
529 2961 573 3021 ich
607 2963 670 3023 Tag
700 2963 733 3023 um

1975 2965 2061 3025 nicht
2090 2966 2306 3026 gleich?“...

332 3000 394 3060 Tag
430 3002 456 3062 in
492 3000 545 3060 der
577 3002 745 3062 zerfetzten

2005 3020 2104 3080 Meine
2153 3023 2279 3083 Freude
2327 3024 2392 3084 war
2436 3026 2549 3086 jodoch
2593 3029 2623 3089 zu
2668 3026 2741 3086 ver¬

331 3041 461 3101 Uniform
533 3038 591 3098 der
651 3043 740 3103 Sträf

1973 3061 2072 3121 früht.
2116 3062 2175 3122 Zum
2228 3064 2343 3124 Filmen
2387 3064 2520 3124 braucht
2568 3065 2632 3125 man
2684 3066 2740 3126 be¬

329 3080 385 3140 ling
451 3079 601 3139 Nummer
649 3079 743 3139 12639

1968 3100 2129 3160 kanntlich
2167 3100 2267 3160 Geld.
2295 3103 2479 3163 Geldgeber
2512 3104 2576 3164 sind
2618 3106 2733 3166 jedoch

323 3118 380 3178 und
429 3118 534 3178 fühlte
573 3119 640 3179 Haß
693 3117 745 3177 ge¬

1966 3139 2033 3199 rar,
2061 3139 2116 3199 und
2152 3140 2187 3200 am
2235 3142 2373 3202 rarsten,
2401 3142 2484 3202 wenn
2524 3142 2555 3202 es
2583 3144 2646 3204 sich
2686 3144 2717 3204 um

326 3161 388 3221 gen
451 3160 554 3220 meino
604 3159 750 3219 Peiniger

1970 3175 2058 3235 einen
2113 3181 2332 3241 sogenannten
2387 3182 2602 3242 literarischen
2662 3184 2724 3244 Film

328 3199 387 3259 und
429 3199 571 3259 kämpfte
609 3196 663 3256 auf
692 3198 751 3258 Le¬

1968 3218 2115 3278 handelt.
2132 3219 2206 3279 Was
2228 3220 2319 3280 nützt
2336 3220 2384 3280 es,
2402 3221 2488 3281 wenn
2514 3221 2557 3281 ich
2584 3223 2740 3283 schwöre,

322 3236 381 3296 ben
445 3238 503 3298 und
568 3235 631 3295 Tod
695 3238 735 3298 um

1963 3252 2023 3312 daß
2076 3255 2132 3315 der
2168 3258 2345 3318 Biberkopf
2385 3258 2441 3318 des
2480 3258 2572 3318 Films
2620 3261 2736 3321 ebenso

323 3273 380 3333 den
423 3273 499 3333 Weg
543 3276 658 3336 zurück
716 3275 739 3335 in

1973 3291 2027 3351 wie
2057 3293 2107 3353 die
2141 3294 2351 3354 Buchgestalt
2376 3297 2435 3357 das
2469 3300 2599 3360 lebende
2633 3303 2729 3363 Leben

329 3312 376 3372 die
414 3315 571 3375 Freiheit.
605 3315 666 3375 Und
709 3315 742 3375 da

1971 3333 2069 3393 selbst
2097 3335 2164 3395 sein
2200 3336 2322 3396 wenle.

330 3354 430 3414 bekam
491 3354 538 3414 ich
587 3354 647 3414 den
686 3353 751 3413 Ro¬

2006 3381 2043 3441 So
2077 3384 2199 3444 komme
2233 3384 2274 3444 ich
2312 3388 2384 3448 nach
2422 3390 2581 3450 England,
2607 3389 2661 3449 nur
2691 3386 2736 3446 er-

331 3394 397 3454 man
438 3393 572 3453 Böblins
612 3396 755 3456 „Berlin-

1968 3421 2041 3481 füllt
2072 3425 2127 3485 von
2163 3424 2219 3484 dem
2267 3428 2441 3488 Gedanken
2476 3429 2510 3489 an
2550 3428 2736 3488 Biberkopf.

328 3433 628 3493 Aexanderplatz“
692 3434 746 3494 zu¬

1971 3459 2019 3519 Ein
2056 3464 2157 3524 Zufall
2185 3464 2273 3524 führt
2301 3466 2376 3526 mich
2407 3464 2465 3524 mit
2492 3466 2603 3526 Arnold
2639 3467 2736 3527 Preß-

626 3473 752 3533 Zuerst

325 3471 521 3531 geschickt.

1967 3503 2080 3563 burger
2118 3503 2317 3563 zusammen,
2351 3503 2403 3563 mit
2441 3505 2497 3565 dem
2547 3506 2742 3566 Filmmann,

332 3512 484 3572 blätterte
518 3512 584 3572 ich,
623 3512 670 3572 las
704 3511 751 3571 die

1961 3539 2018 3599 der
2047 3541 2079 3601 zu
2113 3542 2170 3602 den
2207 3545 2285 3605 ganz
2322 3542 2462 3602 wenigen
2495 3544 2523 3604 in
2557 3543 2614 3603 der
2643 3545 2737 3605 deut-

324 3551 428 3611 ersten
502 3551 632 3611 Seiten.
697 3551 753 3611 Als

1096 3571 1213 3631 Heinrich
1238 3572 1335 3632 George
1356 3572 1392 3632 als
1413 3572 1550 3632 Biberkopf

1963 3580 2055 3640 schen
2098 3581 2258 3641 Filmwelt
2292 3581 2419 3641 gehört,
2449 3584 2499 3644 die
2537 3581 2592 3641 vor
2630 3584 2727 3644 neuen

456 3591 613 3651 plötzlich

320 3592 405 3652 aber

1970 3615 2061 3675 Ideen
2117 3620 2173 3680 und
2234 3621 2394 3681 Gestalten
2455 3623 2540 3683 nicht
2593 3623 2709 3683 ReiBau

321 3631 409 3691 Mann
451 3632 651 3692 Biberkopf,
684 3629 739 3689 von

1970 3658 2116 3718 nehmen.
2142 3660 2179 3720 Er
2209 3659 2301 3719 sucht
2331 3661 2372 3721 sie
2402 3662 2510 3722 sogar,
2536 3661 2607 3721 geht
2637 3662 2724 3722 ihnen

1144 3664 1220 3724 noch
1275 3664 1509 3724 verzweifelter
1568 3664 1615 3724 als
1666 3664 1742 3724 mein
1798 3664 1920 3724 Kampf

330 3670 441 3730 Döblin
480 3669 570 3729 schon
609 3667 664 3727 auf
695 3666 751 3726 den
786 3667 888 3727 ersten
923 3664 1025 3724 Seiten
1060 3664 1090 3724 s0

1970 3695 2141 3755 entgegen.
2179 3699 2241 3759 Und
2284 3699 2367 3759 zwei
2397 3700 2484 3760 Tage
2522 3697 2630 3757 später
2669 3700 2731 3760 wat

1149 3706 1244 3766 gegen
1288 3704 1427 3764 Polizei,
1462 3703 1679 3763 Gasbomben,
1719 3703 1918 3763 Maschinen¬

327 3709 528 3769 meisterhaft
566 3707 771 3767 gezeichnet,
806 3705 860 3765 vor
898 3705 952 3765 mir
991 3704 1103 3764 stand,

1968 3733 2021 3793 der
2062 3739 2322 3799 Biberkopf-Film
2385 3739 2609 3799 beschlossene
2663 3740 2739 3800 Tat-

1142 3743 1306 3803 gewehre:
1349 3742 1408 3802 Mit
1442 3742 1645 3802 grausamer,
1675 3743 1772 3803 zäher
1810 3742 1915 3802 Macht

331 3749 383 3809 ließ
423 3747 467 3807 ich
503 3747 560 3807 das
596 3746 680 3806 Buch
715 3746 803 3806 nicht
835 3745 919 3805 mehr
950 3745 1007 3805 aus
1038 3745 1095 3805 der

1964 3774 2089 3834 sache.

1147 3784 1237 3844 hatte
1284 3782 1333 3842 die
1376 3784 1595 3844 Gesellschaft
1641 3784 1705 3844 ihre
1755 3781 1915 3841 Polypen¬

322 3789 432 3849 Hand.
456 3787 562 3847 Sogar
595 3786 622 3846 in
659 3784 715 3844 der
743 3784 825 3844 Zelle
863 3784 941 3844 nahm
988 3783 1028 3843 ich
1066 3782 1098 3842 es

2009 3819 2104 3879 Wenn
2143 3820 2173 3880 es
2213 3820 2298 3880 nicht
2334 3820 2368 3880 zu
2403 3820 2510 3880 dieser
2545 3822 2730 3882 Filmarbeit

1144 3823 1230 3883 arme
1272 3823 1303 3883 um
1364 3820 1413 3880 ihn
1460 3823 1583 3883 gelegt.
1625 3823 1689 3883 Und
1740 3820 1918 3880 Biberkopt

324 3827 393 3887 mit.
420 3826 467 3886 Ich
506 3826 571 3886 war
601 3823 813 3883 Verbrecher,
839 3823 882 3883 ich
917 3823 999 3883 lebte
1030 3820 1090 3880 den

1963 3859 1996 3919 um
2052 3859 2489 3919 „Berlin-Alexanderplatz“
2540 3860 2727 3920 gekommen

1153 3864 1256 3924 wollte
1288 3861 1356 3921 bloß
1391 3862 1559 3922 anständig
1594 3862 1732 3922 bleiben.
1759 3859 1788 3919 In
1824 3860 1918 3920 weni-

326 3865 576 3925 rebellierenden
632 3865 878 3925 Zuchthäusler,
930 3864 990 3924 und
1047 3862 1094 3922 las

1971 3895 2065 3955 wäre,
2092 3897 2135 3957 ich
2170 3900 2305 3960 glaube,
2340 3900 2387 3960 ich
2423 3900 2509 3960 hätte
2553 3897 2600 3957 nie
2649 3900 2735 3960 mehr

1146 3900 1204 3960 gen
1246 3902 1351 3962 Tagen
1398 3900 1532 3960 gowann
1579 3898 1624 3958 ich
1675 3897 1780 3957 diesen
1827 3900 1914 3960 Mann

329 3903 389 3963 hier
416 3904 476 3964 das
507 3905 680 3965 Schicksal
707 3903 810 3963 eines,
837 3903 893 3963 der
919 3902 975 3962 zum
1024 3900 1083 3960 Ver

1972 3936 2084 3996 spielen
2126 3937 2181 3997 und
2223 3939 2323 3999 filmen
2361 3939 2503 3999 können.
2529 3937 2591 3997 Der
2625 3939 2733 3999 Schat-

1154 3942 1326 4002 Biberkopf
1358 3939 1416 3999 lieb
1465 3940 1518 4000 und
1563 3940 1704 4000 plötzlich
1754 3939 1843 3999 stand
1883 3938 1896 3998 e

330 3942 459 4002 brecher
489 3944 614 4004 werden
648 3944 769 4004 mußte,
791 3939 863 3999 weil
889 3940 919 4000 es
950 3940 996 4000 die
1027 3941 1069 4001 Um

1968 3975 2018 4035 ten
2050 3978 2241 4038 Biberkopfs
2274 3979 2355 4039 wäre
2383 3978 2474 4038 nicht
2501 3978 2556 4038 von
2593 3979 2651 4039 mir
2679 3978 2733 4038 ge¬

1156 3979 1226 4039 klar
1252 3981 1305 4041 vor
1331 3979 1402 4039 mir:
1423 3978 1460 4038 du
1490 3980 1577 4040 mußt
1603 3978 1706 4038 diesen
1737 3978 1899 4038 Menschen

331 3981 403 4041 welt
431 3982 467 4042 so
504 3983 622 4043 wollte.
649 3984 699 4044 Ich
736 3984 867 4044 drängte
905 3981 1036 4041 hinaus,
1064 3976 1095 4036 er

1971 4017 2114 4077 wichen.

1151 4023 1260 4083 diesen
1301 4023 1493 4083 dramatisch
1539 4020 1616 4080 noch
1662 4020 1912 4080 ergreifenderen

328 4023 433 4083 mußte
476 4026 601 4086 hinein,
635 4026 716 4086 seine
760 4023 855 4083 Wehr
890 4023 995 4083 schien
1039 4021 1096 4081 mir
