3344 4384
461 342 523 402 193

479 434 533 494 e

124 614 441 674 Författaren
496 611 560 671 A.
596 609 878 669 Schnitzler

383 730 626 790 aviiden.

152 864 369 924 Slaganfall
395 864 511 924 under
542 864 577 924 en
613 861 815 921 promenad
846 861 861 921 i

449 921 570 981 Wien.

173 1919 325 1979 Arthur
374 1916 591 1976 Schnitzler
624 1911 727 1971 avled
760 1911 775 1971 i
804 1913 901 1973 Wien

129 1971 175 2031 vid
212 1966 351 2026 7-tiden
383 1966 424 2026 pâ
456 1963 808 2023 onsdagsaftonen.
856 1960 901 2020 Dà

128 2019 356 2079 författaren
398 2014 438 2074 på
469 2011 779 2071 eftermiddagen
815 2008 916 2068 åter¬

131 2068 239 2128 vände
270 2065 349 2125 från
384 2065 419 2125 en
449 2062 682 2122 promenad,
697 2059 909 2119 drabbades

128 2118 192 2178 han
223 2116 264 2176 av
290 2114 502 2174 slaganfall
518 2110 578 2170 och
609 2110 710 2170 avled
741 2110 826 2170 utan
852 2107 907 2167 att

129 2168 165 2228 ha
197 2163 366 2223 återfått
398 2160 689 2220 medvetandet.
737 2156 911 2216 Schnitz¬

124 2216 178 2276 ler
205 2214 324 2274 skulle
357 2211 373 2271 i
396 2213 482 2273 maj
510 2211 618 2271 nästa
651 2211 694 2271 år
727 2208 770 2268 ha
803 2206 911 2266 blivit

128 2263 165 2323 70
197 2262 239 2322 år
267 2262 458 2322 gammal.

179 2322 226 2382 En
260 2318 613 2378 fullblodswienare
642 2316 709 2376 gár
737 2315 811 2375 med
846 2312 913 2372 Ar-

134 2372 218 2432 thur
245 2369 456 2429 Schnitzler
477 2367 519 2427 ur
546 2367 667 2427 tiden.
710 2363 910 2423 Knappast

126 2421 241 2481 någon
277 2420 348 2480 har
379 2417 439 2477 väl
465 2414 520 2474 som
572 2414 642 2474 han
678 2411 815 2471 träffat
841 2411 901 2471 den

130 2468 292 2528 wienska
350 2465 608 2525 karaktären,
656 2462 814 2522 stadens
843 2459 904 2519 och

130 2516 445 2576 människornas,
471 2513 549 2573 med
590 2511 673 2571 dess
703 2509 905 2569 blandning

131 2567 170 2627 av
201 2567 317 2627 lyrisk
354 2562 515 2622 vekhet,
536 2561 739 2621 lättsinnig
775 2558 916 2618 melan-

131 2614 219 2674 koli,
241 2612 422 2672 klokhet,
439 2611 564 2671 gratie
593 2608 652 2668 och
686 2607 861 2667 livslust.

129 2665 181 2725 sin
220 2665 296 2725 form
349 2662 415 2722 var
449 2660 516 2720 han
554 2657 688 2717 kräsen
727 2656 783 2716 och
822 2658 912 2718 nog¬

131 2713 295 2773 räknad,
316 2713 464 2773 typiskt
491 2708 528 2768 är
555 2707 612 2767 att
634 2707 702 2767 han
735 2705 909 2765 lyckades

130 2763 214 2823 bäst
239 2761 254 2821 i
279 2761 343 2821 den
399 2757 681 2817 dialogiserade
737 2754 929 2814 novellen,

126 2811 181 2871 som
259 2809 468 2869 smidigast
500 2806 673 2866 ansluter
705 2806 760 2866 sig
797 2804 853 2864 till
879 2803 919 2863 de

134 2860 259 2920 ämnen
320 2859 390 2919 han
447 2856 633 2916 skildrar.
680 2853 760 2913 Han
795 2851 911 2911 kunde

131 2915 170 2975 pà
230 2907 377 2967 samma
436 2907 534 2967 gång
574 2907 662 2967 vara
697 2901 908 2961 romantisk

125 2957 555 3017 stämningsmänniska
585 2954 649 3014 och
685 2954 919 3014 hänsynslös

130 3009 285 3069 realist,
331 3006 401 3066 han
437 3003 618 3063 förenade
649 3003 714 3063 det
745 2999 911 3059 graciosa

131 3056 190 3116 och
225 3053 288 3113 det
314 3053 495 3113 cyniska.
545 3050 618 3110 Två
653 3047 918 3107 människoty-

137 3106 196 3166 per
222 3104 302 3164 från
333 3101 393 3161 den
424 3099 675 3159 österrikiska
706 3097 922 3157 huvudsta-

134 3155 195 3215 den
227 3155 273 3215 ha
299 3152 376 3212 fått
402 3152 438 3212 en
469 3150 630 3210 särskilt
656 3146 924 3206 framträdan¬

132 3203 172 3263 de
225 3203 327 3263 plats
354 3200 369 3260 i
395 3200 493 3260 hans
546 3197 721 3257 diktning
758 3195 819 3255 och
856 3194 917 3254 äro

131 3253 363 3313 oupplösligt
390 3248 606 3308 förbundna
639 3246 712 3306 med
750 3244 918 3304 Schnitz-

131 3301 201 3361 lers
253 3301 388 3361 namn.
435 3298 509 3358 Den
547 3298 607 3358 ena
641 3297 682 3357 är
711 3295 771 3355 den
809 3295 925 3355 unga,

137 3347 238 3407 enkla
296 3346 666 3406 storstadsflickan,
690 3344 781 3404 ”das
815 3341 921 3401 süsse

143 3394 303 3454 Mädel",
350 3394 414 3454 som
486 3394 576 3454 atan
632 3393 798 3453 ansprâk
834 3388 919 3448 eller

140 3441 235 3501 stora
269 3442 326 3502 ord
361 3439 548 3499 hängiver
577 3441 653 3501 sig.
697 3439 773 3499 Den
807 3437 917 3497 andra

142 3491 175 3551 är
205 3489 271 3549 den
310 3489 411 3549 rike,
436 3487 580 3547 bildade
614 3486 830 3546 wienaren,
855 3483 916 3543 den

141 3537 414 3597 melankoliskt
444 3534 632 3594 lättsinne
667 3534 746 3594 men
791 3533 929 3593 reflek-

145 3585 296 3645 terande
330 3582 665 3642 livskonstnären.

193 3642 404 3702 Schnitzler
453 3639 665 3699 studerade
714 3636 819 3696 först
867 3636 930 3696 till

147 3693 267 3753 läkare
293 3693 368 3753 men
404 3689 474 3749 slog
505 3689 555 3749 sig
586 3689 697 3749 snart
722 3687 758 3747 på
789 3686 929 3746 förfat¬

149 3741 299 3801 tarskap
325 3739 380 3799 och
411 3740 643 3800 debuterade
669 3737 709 3797 àr
729 3736 815 3796 1893
846 3734 921 3794 med

144 3791 178 3851 en
235 3790 331 3850 serie
367 3788 569 3848 enaktare,
595 3786 808 3846 "Anatol"”,
829 3785 925 3845 vilka

149 3839 264 3899 kunna
300 3839 416 3899 sägas
447 3836 532 3896 vara
574 3836 725 3896 typiska
761 3833 821 3893 för
852 3830 927 3890 för-

143 3887 339 3947 fattaren.
360 3887 412 3947 Av
443 3884 572 3944 övriga
609 3884 832 3944 skâdespel,
848 3882 909 3942 som

138 3937 223 3997 även
283 3934 469 3994 uppförts
503 3934 513 3994 i
540 3931 722 3991 Sverige,
771 3933 925 3993 märkas

170 3985 354 4045 Reigen,
378 3983 551 4043 "Ordens
586 3982 822 4042 komedier”,
846 3979 932 4039 "Äl¬

144 4037 282 4097 skog",
306 4034 403 4094 "Det
427 4033 513 4093 vida
543 4030 692 4090 landet”
727 4027 784 4087 och
820 4027 917 4087 "Den

553 4080 789 4140 Därjämte
854 4078 923 4138 har

143 4084 239 4144 stora
321 4081 482 4141 scenen"

146 4132 356 4192 Schnitzler
416 4126 561 4186 skrivit
594 4125 653 4185 ett
687 4126 788 4186 stort
821 4128 929 4188 antal

154 4182 273 4242 längre
304 4181 364 4241 och
401 4179 551 4239 kortare
583 4176 769 4236 noveller.

1130 303 1745 363 BSERVER

1111 339 1140 399 I.
1153 341 1270 401 österr.
1283 352 1434 412 behördl.
1447 368 1744 428 konzessioniertes

1068 382 1301 442 Unternehmen
1332 393 1379 453 für
1401 407 1790 467 Zeitungs-Ausschnitte

1115 441 1264 501 WIEN,
1290 452 1336 512 I.,
1363 464 1643 524 WOLLZEILE
1690 476 1734 536 11

1208 502 1428 562 TELEPHON
1464 515 1638 575 R-23-0-43

1607 640 1935 700 Vdunge

1027 676 1502 736 tenag

1159 829 1240 889 22

1321 844 1499 904 1

1112 924 1211 984 Oste
1242 923 1488 983 Kyikogelen.

1086 1166 1299 1226 Arthur
1344 1163 1645 1223 Schnitzler
1690 1160 1822 1220 död.

1125 2083 1251 2143 Arthur
1281 2080 1469 2140 Schnitzler
1497 2074 1591 2134 avled
1620 2074 1634 2134 i
1662 2074 1752 2134 Wien
1785 2075 1836 2135 vid

1085 2133 1227 2193 sjutiden
1259 2131 1295 2191 på
1323 2126 1635 2186 onsdagsaftonen.
1677 2125 1745 2185 När
1773 2122 1832 2182 han

1095 2186 1126 2246 på
1163 2177 1431 2237 eftermiddagen
1473 2172 1655 2232 ätervände
1687 2172 1764 2232 från
1801 2172 1837 2232 en

1095 2226 1296 2286 promenad,
1318 2225 1510 2285 drabbades
1532 2223 1592 2283 han
1623 2221 1661 2281 av
1691 2220 1734 2280 ett
1756 2220 1845 2280 slag¬

1090 2276 1200 2336 anfall
1242 2274 1296 2334 och
1353 2275 1412 2335 dog
1445 2274 1522 2334 utan
1556 2271 1606 2331 att
1634 2271 1671 2331 ha
1703 2268 1850 2328 âterfâtt

1094 2322 1345 2382 medvetandet.
1388 2322 1579 2382 Schnitzler
1603 2319 1710 2379 skulle
1734 2319 1747 2379 i
1771 2319 1846 2379 maj

1095 2374 1191 2434 nästa
1220 2372 1253 2432 år
1283 2372 1316 2432 ha
1345 2370 1446 2430 blivit
1466 2370 1499 2430 70
1524 2370 1562 2430 år
1587 2369 1755 2429 gammal.

1134 2420 1259 2480 Arthur
1307 2417 1511 2477 Schnitzlers
1559 2417 1614 2477 far
1643 2417 1698 2477 och
1731 2416 1843 2476 farfar

1103 2471 1170 2531 voro
1203 2468 1322 2528 läkare
1354 2468 1408 2528 och
1446 2468 1531 2528 själv
1560 2465 1628 2525 slog
1665 2465 1728 2525 han
1766 2462 1843 2522 även

1094 2522 1121 2582 in
1158 2519 1198 2579 på
1231 2517 1289 2577 den
1326 2516 1535 2576 medicinska
1568 2513 1676 2573 banan
1713 2513 1763 2573 för
1795 2513 1849 2573 att

1100 2567 1174 2627 dock
1230 2565 1276 2625 vid
1333 2566 1486 2626 omkring
1519 2562 1631 2622 trettio
1664 2563 1719 2623 års
1753 2562 1845 2622 ålder

1103 2616 1208 2676 lämna
1247 2614 1300 2674 den
1339 2614 1396 2674 och
1430 2612 1503 2672 helt
1532 2611 1618 2671 ägna
1652 2611 1700 2671 sig
1734 2610 1772 2670 åt
1797 2608 1854 2668 lit-

1100 2662 1291 2722 teraturen.
1328 2660 1341 2720 I
1369 2659 1451 2719 hans
1478 2659 1597 2719 många
1629 2656 1784 2716 dramer,
1803 2656 1852 2716 ro¬

1099 2710 1219 2770 maner
1241 2710 1292 2770 och
1323 2707 1472 2767 noveller
1495 2707 1640 2767 kommer
1667 2707 1731 2767 ofta
1757 2705 1855 2765 läka-

1099 2758 1176 2818 rens
1224 2758 1451 2818 illusionsfria
1504 2755 1847 2815 människokunskap

1095 2809 1152 2869 till
1175 2808 1290 2868 synes.
1335 2806 1401 2866 Men
1437 2804 1622 2864 Schnitzler
1649 2803 1706 2863 var
1734 2803 1853 2863 samti¬

1102 2858 1172 2918 digt
1217 2855 1252 2915 en
1306 2853 1500 2913 drömmare
1532 2851 1597 2911 med
1633 2853 1690 2913 den
1726 2850 1849 2910 finaste

1101 2904 1297 2964 känslighet
1326 2904 1372 2964 för
1406 2901 1500 2961 livets
1528 2901 1673 2961 mystik,
1698 2901 1748 2961 för
1777 2898 1856 2958 illu-

1100 2955 1276 3015 sionernas
1323 2952 1420 3012 makt
1462 2949 1542 3009 över
1589 2949 1859 3009 människorna.

1102 3002 1212 3062 Livets
1262 3000 1438 3060 maskerad
1493 2998 1563 3058 med
1599 2997 1669 3057 dess
1701 2998 1860 3058 slutliga,

1104 3050 1286 3110 ohjälpliga
1337 3047 1574 3107 demaskering
1611 3047 1669 3107 har
1702 3044 1861 3104 Schnitz-

1102 3099 1151 3159 ler
1200 3095 1351 3155 skildrat
1396 3097 1408 3157 i
1436 3095 1520 3155 olika
1556 3095 1769 3155 variationer
1801 3092 1853 3152 och

1109 3146 1190 3206 olika
1219 3146 1392 3206 tonarter.
1430 3144 1503 3204 Han
1535 3143 1595 3203 har
1623 3144 1709 3204 tagit
1733 3143 1797 3203 lätt
1820 3143 1856 3203 på

1100 3194 1196 3254 saken
1234 3195 1261 3255 t.
1290 3194 1345 3254 ex.
1373 3194 1386 3254 i
1414 3191 1608 3251 "Anatol",
1645 3191 1705 3251 det
1747 3191 1853 3251 första

1108 3243 1319 3303 dramatiska
1346 3242 1457 3302 arbete
1479 3239 1517 3299 av
1539 3239 1647 3299 honom
1687 3240 1738 3300 som
1782 3241 1863 3301 upp¬

1111 3293 1237 3353 fördes.
1256 3292 1326 3352 Han
1355 3292 1420 3352 har
1444 3289 1533 3349 gjort
1552 3292 1692 3352 greppet
1712 3288 1861 3348 hårdare

1103 3343 1116 3403 i
1144 3340 1326 3400 skålespel
1354 3340 1403 3400 som
1459 3337 1545 3397 "Der
1573 3337 1724 3397 einsame
1756 3337 1856 3397 Weg'

1108 3391 1161 3451 och
1197 3388 1284 3448 "Das
1311 3388 1404 3448 weite
1426 3386 1562 3446 Land",
1581 3388 1593 3448 i
1616 3385 1761 3445 noveller
1788 3385 1840 3445 som

1130 3436 1435 3496 Dämmerselen",
1453 3439 1465 3499 i
1483 3436 1538 3496 den
1569 3434 1655 3494 stora
1681 3433 1865 3493 tidsroma¬

1104 3487 1162 3547 nen
1196 3486 1283 3546 "Der
1313 3484 1390 3544 Weg
1419 3484 1473 3544 ins
1497 3483 1637 3543 Freie",
1658 3483 1715 3543 där
1745 3481 1866 3541 juden¬

1115 3534 1248 3594 domens
1271 3534 1445 3594 problem,
1464 3533 1547 3593 vilka
1575 3531 1635 3591 han
1663 3534 1676 3594 i
1695 3534 1755 3594 hög
1783 3531 1860 3591 grad

1109 3584 1218 3644 kände
1268 3582 1322 3642 som
1391 3582 1464 3642 sina
1515 3582 1619 3642 egna,
1642 3582 1692 3642 bli
1720 3579 1870 3639 belysta.

1113 3633 1125 3693 I
1150 3630 1305 3690 dramer,
1326 3631 1485 3691 romaner
1511 3628 1564 3688 och
1598 3627 1749 3687 noveller
1775 3627 1866 3687 kom¬

1117 3681 1181 3741 mer
1212 3679 1358 3739 överallt
1388 3678 1474 3738 hans
1505 3678 1702 3738 fulländade
1737 3678 1866 3738 artisti-

1118 3729 1167 3789 ska
1199 3728 1303 3788 konst
1327 3728 1380 3788 till
1399 3726 1521 3786 synes.

1154 3776 1222 3836 Han
1259 3776 1373 3836 tillhör
1400 3776 1455 3836 som
1501 3773 1683 3833 författare
1711 3773 1870 3833 nittiota-

1120 3825 1174 3885 lets
1206 3824 1261 3884 och
1298 3822 1526 3882 sekelskiftets
1559 3818 1728 3878 tidevarv.
1774 3821 1874 3881 Sam¬

1119 3872 1213 3932 tidigt
1244 3872 1300 3932 var
1330 3871 1395 3931 han
1429 3869 1576 3929 wienare
1607 3867 1675 3927 med
1710 3868 1779 3928 själ
1805 3868 1861 3928 och

1119 3920 1225 3980 hjärta
1265 3916 1318 3976 och
1358 3916 1415 3976 den
1455 3915 1553 3975 bittra
1593 3913 1761 3973 skepsisen
1801 3913 1872 3973 för-

1113 3967 1190 4027 enas
1223 3966 1280 4026 hos
1314 3967 1424 4027 honom
1473 3964 1543 4024 med
1581 3964 1773 4024 wienarens
1806 3963 1871 4023 lât¬

1115 4018 1185 4078 tare
1217 4016 1336 4076 lynne,
1363 4015 1416 4075 som
1465 4013 1633 4073 mildrade
1665 4012 1705 4072 de
1736 4012 1860 4072 skarpa

1124 4066 1287 4126 dagrarna
1320 4063 1371 4123 och
1404 4063 1544 4123 skänkte
1568 4063 1675 4123 spelet
1699 4063 1736 4123 av
1760 4063 1871 4123 nyan-

1125 4115 1171 4175 ser
1194 4114 1229 4174 åt
1252 4115 1340 4175 hans
1362 4111 1478 4171 konst.

1571 4137 1607 4197 33

1154 4273 1211 4333 ***

2151 554 2359 614 r
2521 591 2981 651 Mrnide

2094 820 2410 880 LEHANDA

2130 1053 2273 1113 Artur
2330 1057 2641 1117 Schnitzlers
2698 1061 2820 1121 död.

2128 2062 2183 2122 Zom
2226 2064 2305 2124 förut
2330 2065 2451 2125 nämnts
2480 2068 2531 2128 har
2555 2068 2648 2128 Artur
2672 2071 2841 2131 Schnitzler

2091 2118 2123 2178 på
2152 2113 2307 2173 onsdagen
2340 2116 2448 2176 avlidit
2467 2116 2480 2176 i
2500 2116 2603 2176 Wien.

2123 2162 2213 2222 Artur
2241 2163 2433 2223 Schnitzlers
2466 2166 2516 2226 far
2544 2166 2598 2226 och
2635 2169 2731 2229 farfar
2759 2169 2832 2229 voro

2092 2211 2185 2271 läkare
2210 2211 2264 2271 och
2289 2214 2367 2274 själy
2393 2214 2451 2274 slog
2481 2215 2535 2275 han
2566 2217 2639 2277 även
2669 2217 2688 2277 in
2713 2217 2752 2277 på
2777 2220 2831 2280 den

2090 2262 2272 2322 medicinska
2303 2263 2405 2323 banan
2436 2263 2484 2323 för
2511 2265 2560 2325 att
2587 2265 2662 2325 dock
2693 2268 2737 2328 vid
2773 2268 2835 2328 om¬

2087 2311 2168 2371 kring
2195 2312 2290 2372 trettio
2318 2313 2363 2373 års
2391 2313 2472 2373 alder
2490 2316 2590 2376 lämna
2618 2316 2667 2376 den
2695 2318 2744 2378 och
2772 2319 2835 2379 helt

2082 2361 2155 2421 ägna
2188 2362 2229 2422 sig
2262 2361 2299 2421 ât
2327 2364 2534 2424 litteraturen.
2577 2365 2590 2425 I
2618 2366 2691 2426 hans
2725 2370 2835 2430 många

2087 2411 2220 2471 dramer,
2258 2411 2407 2471 romaner
2445 2412 2499 2472 och
2533 2415 2666 2475 noveller
2696 2419 2833 2479 kommer

2085 2461 2138 2521 oita
2174 2462 2322 2522 läkarens
2358 2462 2554 2522 illusionsfria
2590 2468 2835 2528 människokun-

2089 2510 2152 2570 skap
2184 2510 2224 2570 till
2243 2513 2352 2573 synes.
2389 2513 2456 2573 Men
2484 2516 2656 2576 Schnitzler
2680 2517 2729 2577 var
2753 2519 2834 2579 sam¬

2081 2560 2173 2620 tidigt
2192 2561 2222 2621 en
2249 2561 2421 2621 drömmare
2444 2565 2506 2625 med
2533 2564 2585 2624 den
2612 2567 2718 2627 finaste
2741 2567 2833 2627 käns¬

2083 2610 2178 2670 lighet
2208 2608 2251 2668 för
2275 2611 2366 2671 livets
2396 2611 2524 2671 mystik,
2549 2611 2592 2671 för
2621 2616 2832 2676 illusionernas

2086 2659 2170 2719 makt
2184 2659 2258 2719 över
2278 2662 2516 2722 människorna,
2530 2662 2572 2722 för
2595 2665 2838 2725 "livslögnens",

2087 2710 2134 2770 det
2167 2710 2294 2770 fromma
2332 2713 2634 2773 självbedrägeriets
2672 2716 2727 2776 roll
2757 2716 2770 2776 i
2799 2717 2836 2777 de

2086 2758 2272 2818 individuella
2300 2761 2421 2821 ödenas
2445 2764 2654 2824 utformning.
2687 2764 2747 2824 Det
2771 2765 2831 2825 tra¬

2082 2810 2166 2870 giska
2193 2809 2298 2869 bestod
2330 2811 2378 2871 för
2400 2811 2497 2871 honom
2537 2811 2550 2871 i
2572 2814 2625 2874 den
2652 2815 2828 2875 ofrånkom-

2082 2861 2135 2921 liga
2168 2859 2382 2919 besvikelsen,
2400 2861 2450 2921 som
2496 2862 2605 2922 väntar
2634 2864 2665 2924 på
2697 2864 2747 2924 var
2775 2865 2824 2925 och

2085 2907 2112 2967 en
2150 2907 2206 2967 när
2235 2910 2393 2970 illusioner
2426 2910 2477 2970 och
2515 2913 2646 2973 drömda
2684 2914 2828 2974 förhopp¬

2082 2958 2186 3018 ningar
2214 2958 2240 3018 en
2273 2958 2350 3018 gång
2382 2961 2478 3021 mäste
2506 2961 2619 3021 brista,
2638 2964 2687 3024 när
2715 2965 2765 3025 det
2788 2965 2828 3025 vi¬

2079 3009 2131 3069 sar
2160 3006 2203 3066 sig
2242 3008 2289 3068 att
2318 3009 2356 3069 de
2390 3012 2481 3072 aldrig
2520 3012 2591 3072 hört
2625 3014 2668 3074 till
2697 3015 2831 3075 verklig¬

2078 3053 2191 3113 hetens
2214 3056 2318 3116 värld.

2117 3104 2225 3164 Denna
2248 3107 2339 3167 livets
2362 3109 2444 3169 stora
2471 3110 2635 3170 maskerad
2667 3113 2726 3173 med
2754 3113 2826 3173 dess

2076 3153 2216 3213 siutliga,
2263 3158 2431 3218 ohjälpliga
2497 3161 2712 3221 demaskering
2774 3164 2830 3224 har

2079 3203 2246 3263 Schnitzler
2269 3206 2400 3266 skildrat
2419 3207 2432 3267 i
2451 3208 2528 3268 olika
2560 3211 2741 3271 variationer
2764 3212 2818 3272 och

2076 3253 2150 3313 clika
2178 3253 2332 3313 tonarter.
2370 3256 2435 3316 Han
2464 3256 2515 3316 har
2539 3259 2623 3319 tagit
2642 3259 2698 3319 lätt
2717 3262 2749 3322 pä
2778 3262 2828 3322 sa-

2077 3301 2130 3361 ken
2154 3303 2180 3363 t.
2199 3304 2249 3364 ex.
2268 3304 2276 3364 i
2295 3304 2426 3364 Anatol,
2445 3307 2495 3367 det
2518 3309 2613 3369 första
2636 3311 2822 3371 dramatiska

2078 3352 2178 3412 arbete
2212 3352 2245 3412 av
2279 3355 2383 3415 honom
2430 3355 2484 3415 som
2530 3361 2714 3421 uppfördes.
2760 3362 2823 3422 Han

2076 3405 2129 3465 har
2156 3403 2239 3463 gjort
2267 3406 2404 3466 greppet
2431 3408 2559 3468 hårdare
2590 3409 2643 3469 och
2679 3412 2789 3472 fastare
2821 3414 2829 3474 i

2078 3453 2246 3513 skâdespel
2273 3454 2330 3514 som
2384 3455 2445 3515 Der
2477 3457 2614 3517 einsame
2654 3461 2729 3521 Weg
2769 3460 2817 3520 och

2078 3499 2135 3559 Das
2171 3500 2255 3560 weite
2291 3504 2397 3564 Land,
2420 3507 2433 3567 i
2460 3507 2597 3567 noveller
2628 3507 2681 3567 som
2730 3510 2823 3570 Däm¬

2077 3550 2239 3610 merselen,
2265 3552 2277 3612 i
2307 3552 2361 3612 den
2399 3554 2482 3614 stora
2516 3557 2725 3617 tidsromanen
2763 3558 2825 3618 Der

2082 3598 2145 3658 Weg
2173 3600 2213 3660 ins
2236 3600 2336 3660 Freie,
2355 3602 2404 3662 där
2428 3606 2651 3666 judendomens
2674 3609 2828 3669 problem,

2077 3651 2149 3711 vilka
2186 3651 2239 3711 han
2272 3651 2285 3711 i
2313 3653 2372 3713 hög
2409 3655 2481 3715 grad
2518 3657 2622 3717 kände
2655 3657 2709 3717 som
2755 3660 2818 3720 sina

2078 3701 2167 3761 egna,
2189 3701 2233 3761 bli
2251 3701 2393 3761 belysta.
2429 3704 2504 3764 Frán
2541 3702 2571 3762 de
2603 3707 2709 3767 senare
2736 3707 2824 3767 ârens

2073 3749 2252 3809 produktion
2278 3751 2399 3811 minnes
2424 3752 2487 3812 man
2516 3755 2570 3815 den
2600 3757 2817 3817 melankoliska

2069 3797 2253 3857 berättelsen
2310 3802 2498 3862 Casanovas
2542 3806 2730 3866 Heimfahrt,
2761 3808 2812 3868 den

2069 3848 2127 3908 fina
2157 3848 2395 3908 Traumnovelle
2420 3851 2474 3911 och
2508 3854 2654 3914 romanen
2684 3857 2817 3917 Therese

2138 3896 2212 3956 hans
2246 3899 2317 3959 sista
2355 3899 2464 3959 arbete
2498 3902 2509 3962 —
2569 3905 2627 3965 där
2656 3905 2711 3965 han
2749 3905 2811 3965 med

2068 3946 2140 4006 stilla
2175 3946 2226 4006 och
2262 3948 2429 4008 medlidsam
2473 3952 2596 4012 skepsis
2623 3955 2751 4015 skildrar
2782 3955 2812 4015 en

2070 3995 2220 4055 obetydlig
2256 4000 2453 4060 guvernants
2485 4003 2573 4063 trista
2610 4004 2666 4064 väg
2703 4006 2801 4066 genom

2072 4045 2162 4105 lvet.

2109 4096 2171 4156 Med
2205 4096 2248 4156 sin
2282 4096 2421 4156 förnäma
2455 4101 2618 4161 stilkonst,
2643 4102 2695 4162 sitt
2720 4105 2815 4165 skep-

2068 4143 2283 4203 tiskt-ironiska
2317 4147 2417 4207 behov
2447 4149 2480 4209 av
2509 4149 2552 4209 att
2576 4151 2671 4211 sticka
2701 4153 2753 4213 há!
2772 4155 2805 4215 på

2070 4194 2199 4254 allsköns
2228 4197 2396 4257 glänsande
2425 4200 2636 4260 såpbubblor,
2656 4200 2693 4260 sin
2723 4203 2808 4263 elaka

2063 4244 2107 4304 lek
2162 4242 2225 4302 med
2270 4248 2442 4308 högtidliga
2481 4248 2712 4308 moralbegrepp
2752 4251 2801 4311 och

2064 4295 2232 4355 sanningar
2280 4297 2388 4357 tillhör
2426 4299 2599 4359 Schnitzler
2632 4300 2806 4360 nittiotalet.
