3296 4320
1563 103 1661 163 Der
1700 104 1836 164 Sohn
1888 97 2188 157 Schnitzlers
2240 92 2326 152 aus
2379 83 2566 143 Vertilt
2605 80 2728 140 nath

1891 157 2037 217 Wien
2108 150 2387 210 abgereist.

1820 225 2029 285 Privattelegramm
2058 222 2095 282 des
2117 218 2200 278 „Neuen
2222 213 2260 273 Wi
2274 213 2312 273 ner
2330 211 2473 271 Journals“.

2258 276 2454 336 Berlin,
2477 273 2533 333 21.
2556 270 2713 330 Oktober.

1660 345 1725 405 Der
1761 343 1847 403 Sohn
1888 343 1944 403 und
1981 342 2031 402 die
2062 340 2245 400 geschiedene
2276 335 2387 395 Gattin
2424 332 2525 392 Artur
2562 326 2744 386 Schnitzlers

1563 392 1627 452 sind
1658 393 1717 453 mit
1748 392 1798 452 dem
1849 389 2085 449 Abend=D=Zug
2121 386 2186 446 nach
2217 381 2301 441 Wien
2342 377 2503 437 abgereist.
2528 375 2584 435 Sie
2619 372 2739 432 wurden

1560 443 1669 503 bereits
1699 443 1788 503 heute
1813 439 1837 499 im
1882 437 1976 497 Laufe
2002 437 2051 497 des
2081 433 2179 493 Tages
2210 430 2308 490 davon
2338 425 2541 485 informiert,
2562 422 2611 482 daß
2646 420 2744 480 Artur

1563 490 1738 550 Schnitzler
1774 486 1798 546 in
1839 485 1889 545 den
1930 484 2191 544 Morgenstunden
2237 476 2317 536 einen
2353 473 2498 533 schweren
2539 468 2749 528 Ohnmachts¬

1565 537 1672 597 anfall
1693 536 1815 596 erlitten
1845 535 1913 595 hat.
1934 532 2125 592 Nachmittag
2156 524 2273 584 wurden
2308 522 2341 582 sie
2367 520 2420 580 von
2455 518 2504 578 dem
2548 515 2671 575 Bruder
2701 511 2745 571 des

1565 586 1703 646 Dichters
1735 580 1894 640 Professor
1922 577 2038 637 Julius
2071 575 2235 635 Schnitzler
2268 568 2475 628 verständigt,
2497 566 2549 626 daß
2587 563 2613 623 es
2646 561 2746 621 Artur

1570 630 1739 690 Schnitzler
1765 629 1857 689 besser
1883 629 1986 689 ginge.
2012 624 2068 684 Die
2094 622 2192 682 beiden
2223 619 2284 679 sind
2311 616 2372 676 also
2398 614 2428 674 zu
2460 613 2541 673 einem
2588 611 2752 671 Zeitpunkt

1570 681 1810 741 weggefahren,
1831 678 1871 738 wo
1896 676 1931 736 sie
1957 674 2097 734 offenbar
2123 673 2178 733 von
2229 667 2279 727 der
2304 664 2510 724 Katastrophe
2551 661 2620 721 noch
2671 658 2751 718 keine

1573 730 1715 790 Ahnung
1743 727 1869 787 hatten.

1583 879 1757 939 Artur
1807 877 2095 937 Schnitzler
2145 866 2369 926 erhielt
2403 860 2497 920 den
2563 858 2737 918 ersten

1904 1002 2434 1062 Burglhealerring.

1675 1090 1719 1150 Im
1764 1086 1864 1146 Jahre
1887 1084 1959 1144 1926
1988 1081 2093 1141 stiftete
2122 1078 2166 1138 der
2189 1075 2413 1135 Herausgeber
2436 1071 2496 1131 und
2519 1068 2765 1128 Chefredakteur

1574 1136 1632 1196 des
1665 1138 1784 1198 „Neuen
1822 1133 1946 1193 Wiener
1968 1130 2151 1190 Journals“
2184 1124 2281 1184 Jakob
2309 1121 2481 1181 Lippewitz
2503 1121 2551 1181 zum
2595 1116 2756 1176 Andenken

1583 1184 1620 1244 an
1657 1183 1710 1243 das
1747 1180 2127 1240 hundertfünfzigjährige
2160 1172 2313 1232 Jubiläum
2361 1169 2413 1229 des
2445 1167 2677 1227 Burgtheaters
2710 1163 2762 1223 den

1587 1231 1940 1291 „Burgtheaterring",
1989 1225 2041 1285 der
2078 1222 2278 1282 abwechselnd
2316 1217 2342 1277 in
2390 1216 2468 1276 einem
2522 1214 2627 1274 Jahre
2664 1211 2748 1271 einem

1583 1278 1752 1338 besonders
1784 1276 1958 1336 verdienten
1991 1272 2281 1332 Burgschauspieler
2313 1265 2365 1325 und
2403 1264 2423 1324 im
2472 1263 2630 1323 folgenden
2668 1259 2767 1319 Jahre

179 1311 1412 1371 Aiglerproßlie

1588 1328 1675 1388 einem
1722 1326 1942 1386 dramatischen
1979 1319 2195 1379 Schriftsteller
2226 1315 2396 1375 zuerkannt
2427 1309 2540 1369 werden
2582 1310 2648 1370 soll,
2669 1306 2761 1366 dessen

1587 1378 1697 1438 Werke
1735 1374 1771 1434 am
1825 1372 2040 1432 Burgtheater
2078 1368 2130 1428 zur
2167 1363 2367 1423 Aufführung
2404 1360 2588 1420 gelangten.
2620 1356 2678 1416 Als
2721 1354 2767 1414 die

1580 1424 1688 1484 beiden
1730 1420 1817 1480 ersten
1853 1418 1957 1478 Ringe
1988 1415 2013 1475 im
2060 1413 2313 1473 Stiftungsjahre
2345 1410 2499 1470 verliehen
2536 1403 2680 1463 wurden,
2701 1401 2768 1461 war

1590 1472 1621 1532 es
1669 1470 1764 1530 neben
1817 1465 1954 1525 Auguste
2002 1460 2350 1520 Wilbrandt=Baudius
2398 1454 2451 1514 der
2499 1453 2625 1513 Dichter
2673 1449 2773 1509 Artur

1587 1518 1782 1578 Schnitzler,
1819 1514 1871 1574 der
1909 1513 1955 1573 den
1998 1512 2087 1572 ersten
2125 1506 2409 1566 Burgtheaterring
2447 1503 2572 1563 erhielt,
2610 1499 2662 1559 der
2700 1498 2767 1558 nach

162 1542 829 1602 Aorden.

1596 1571 1644 1631 ihm
1688 1565 1848 1625 Hermann
1881 1560 1989 1620 Bahr,
2011 1560 2145 1620 Gerhart
2167 1557 2371 1617 Hauptmann
2405 1557 2458 1617 und
2491 1552 2571 1612 Karl
2593 1549 2770 1609 Schönherr

1588 1617 1773 1677 zuerkannt
1796 1610 1921 1670 wurde.

95 1728 165 1788 der
217 1718 450 1778 Arbeit
493 1712 655 1772 einem
737 1706 1175 1766 Schlaganfall
1217 1694 1491 1754 erlegen.

1716 1766 1830 1826 Der
1865 1760 2459 1820 Burglheaterdichter
2494 1754 2674 1814 Arlur

389 1796 515 1856 Dichter
550 1793 647 1853 zeigen
695 1788 781 1848 besser
822 1786 867 1846 als
902 1783 1116 1843 spaltenlange
1151 1778 1387 1838 Würdigungen
1428 1771 1474 1831 die
1509 1765 1572 1825 Be¬

99 1808 133 1868 in
167 1803 352 1863 Oesterreich

385 1843 522 1903 deutung
560 1840 659 1900 Artur
692 1833 876 1893 Schnitzlers
909 1831 962 1891 für
994 1828 1194 1888 Oesterreich,
1237 1825 1295 1885 das
1349 1822 1411 1882 mit
1460 1816 1555 1876 seinem

95 1855 122 1915 hl
145 1852 347 1912 hervorrufen

86 1903 283 1963 Initzler,
306 1899 355 1959 der
389 1892 565 1952 Heimgang
599 1887 687 1947 einen
721 1885 941 1945 unersetzlichen
975 1878 1068 1938 Verlu
1119 1876 1239 1936 erlitten
1279 1871 1345 1931 hat,
1367 1869 1400 1929 an
1433 1867 1482 1927 dem
1527 1864 1571 1924 die

2044 1894 2353 1954 Schnihiel.

392 1945 490 2005 ganze
520 1939 607 1999 Welt
631 1935 875 1995 teilnimmt...

87 1953 158 2013 ätte
189 1951 297 2011 sollen,
328 1946 364 2006 ist

2158 1964 2224 2024 Von

115 2002 362 2062 Schlaganfalls

1601 2037 1721 2097 Hofrat
1754 2034 1844 2094 Hugo
1876 2031 2023 2091 Thimig,
2050 2030 2235 2090 ehemaligem
2281 2026 2428 2086 Direktor
2454 2022 2511 2082 des
2544 2022 2787 2082 Burgtheaters.

474 2055 786 2115 Lebenslauf
819 2051 912 2111 und
945 2045 1090 2105 Werk
1122 2041 1205 2101 des
1238 2038 1498 2098 Dichters.

1712 2101 1782 2161 Der
1815 2099 1880 2159 Tod
1918 2099 2021 2159 Artur
2054 2094 2254 2154 Schnitzlers,
2281 2093 2357 2153 über
2390 2091 2438 2151 den
2477 2089 2520 2149 ich
2553 2090 2633 2150 ganz
2667 2086 2791 2146 nieder¬

90 2103 156 2163 gen
187 2098 243 2158 des
274 2094 359 2154 bester

492 2121 597 2181 Arbur
640 2115 814 2175 Schnitzler
857 2112 962 2172 wurde
1005 2109 1042 2169 am
1100 2105 1152 2165 15.
1180 2104 1258 2164 Mai
1290 2100 1364 2160 1862
1413 2096 1438 2156 in
1486 2094 1570 2154 Wien

1611 2154 1821 2214 geschmettert
1848 2149 1920 2209 bin,
1941 2148 2085 2208 bedeutet
2116 2145 2193 2205 einen
2230 2140 2472 2200 unermeßlichen
2509 2138 2637 2198 Verlust
2664 2135 2709 2195 für
2741 2133 2787 2193 die

84 2149 179 2209 einen
213 2144 369 2204 Spazier¬

395 2171 543 2231 geboren,
572 2168 621 2228 als
655 2165 743 2225 Sohn
776 2163 825 2223 des
859 2159 1036 2219 Professors
1069 2155 1103 2215 an
1142 2154 1191 2214 der
1225 2151 1351 2211 Wiener
1380 2144 1572 2204 Universität

80 2200 227 2260 nzpark
259 2194 353 2254 unter

395 2221 462 2281 Dr.
491 2218 620 2278 Johann
660 2212 851 2272 Schnitzler,
880 2207 963 2267 eines
1003 2203 1240 2263 Läkyngologen
1280 2198 1336 2258 von
1381 2194 1583 2254 Bedeutung,
1612 2201 1848 2261 österreichische
1877 2196 2051 2256 Literatur.
2075 2195 2113 2255 Es
2142 2193 2181 2253 ist
2204 2192 2243 2252 ein
2277 2188 2434 2248 tragisches
2463 2186 2626 2246 Schicksal,
2649 2184 2699 2244 daß
2728 2180 2789 2240 wir

1612 2253 1724 2313 gerade
1763 2249 1789 2309 in
1827 2249 1881 2309 der
1908 2246 2027 2306 jetzigen
2071 2243 2156 2303 Zeit,
2178 2240 2205 2300 in
2243 2238 2296 2298 der
2324 2236 2453 2296 sichtbar
2486 2231 2529 2291 ein
2567 2230 2675 2290 Abbau
2713 2227 2788 2287 aller

93 2246 231 2306 hhnung,
248 2241 342 2301 Stern

101 2297 194 2357 sofort
239 2293 269 2353 in
308 2291 357 2351 sein
396 2275 433 2335 zu
471 2268 558 2328 dessen
602 2262 859 2322 Patientenkreis
904 2257 984 2317 viele
1023 2252 1223 2312 prominente
1255 2248 1474 2308 Schauspieler
1525 2239 1580 2299 und

1612 2299 1822 2359 Kulturgüter
1855 2294 2049 2354 stattfindet,
2071 2290 2140 2350 eine
2168 2287 2405 2347 Persönlichkeit
2433 2280 2529 2340 dieses
2562 2281 2686 2341 Ranges
2724 2275 2788 2335 ver¬

395 2318 527 2378 Sänger
561 2314 732 2374 gehörten.
760 2310 809 2370 Er
843 2304 991 2364 studierte
1025 2301 1196 2361 gleichfalls
1230 2297 1373 2357 Medizin
1413 2293 1440 2353 in
1485 2289 1567 2349 Wien

1611 2348 1711 2408 lieren
1748 2346 1895 2406 mußten.
1922 2342 1990 2402 Das
2027 2340 2238 2400 Burgtheater
2270 2334 2402 2394 verliert
2434 2333 2454 2393 in
2497 2327 2596 2387 Artur
2629 2327 2791 2387 Schnitzler

108 2342 295 2402 Sekretärin
336 2339 363 2399 zu

400 2367 611 2427 promovierte
651 2359 726 2419 1885
778 2359 837 2419 und
888 2357 973 2417 war,
1009 2352 1140 2412 nachdem
1201 2347 1230 2407 er
1267 2347 1326 2407 auf
1357 2341 1578 2401 verschiedenen

1617 2397 1710 2457 seinen
1744 2396 1870 2456 größten
1904 2391 2076 2451 heimischen
2110 2387 2247 2447 Dichter,
2270 2384 2358 2444 dessen
2392 2378 2597 2438 dichterischer
2625 2376 2785 2436 Intuition

96 2393 130 2453 os
166 2392 217 2452 vom
264 2388 367 2448 Stu'il

394 2417 536 2477 Kliniken
574 2411 757 2471 praktiziert
800 2408 858 2468 und
906 2404 974 2464 auch
1022 2402 1090 2462 eine
1122 2399 1206 2459 Reise
1244 2395 1296 2455 zum
1344 2393 1485 2453 Studium
1534 2388 1586 2448 der

1615 2443 1646 2503 es
1685 2444 1754 2504 eine
1788 2441 1885 2501 Reihe
1923 2437 2020 2497 seiner
2053 2435 2199 2495 stolzesten
2242 2432 2367 2492 Abende
2405 2427 2566 2487 verdankt.
2595 2425 2675 2485 Mich
2714 2420 2799 2480 selbst

120 2445 177 2505 17
208 2440 265 2500 Uhr
294 2440 337 2500 fan

397 2463 608 2523 hygienischen
657 2456 899 2516 Einrichtungen
953 2452 1021 2512 nach
1069 2447 1191 2507 London
1244 2442 1302 2502 und
1340 2440 1435 2500 Paris
1483 2436 1588 2496 unter¬

1621 2494 1789 2554 verbinden
1832 2491 1889 2551 mit
1922 2488 2027 2548 Artur
2059 2485 2227 2545 Schnitzler
2265 2480 2395 2540 zahllose
2428 2475 2512 2535 teure
2549 2473 2791 2533 Erinnerungen

84 2535 173 2595 kampf
210 2533 269 2593 ein.
318 2527 365 2587 An
402 2512 546 2572 nommen
583 2509 678 2569 hatte,
703 2508 744 2568 bis
781 2505 853 2565 1893
884 2500 1028 2560 Assistent
1052 2495 1148 2555 seines
1178 2493 1293 2553 Vaters
1317 2491 1353 2551 an
1389 2489 1437 2549 der
1462 2484 1587 2544 Wienen

1617 2544 1680 2604 aus
1712 2542 1764 2602 der
1797 2540 1870 2600 Zeit
1902 2537 2023 2597 meiner
2055 2533 2381 2593 Direktonsführung,
2429 2527 2476 2587 als
2529 2522 2571 2582 ich
2629 2521 2708 2581 eines
2745 2516 2797 2576 der

401 2561 605 2621 allgemeinen
649 2555 837 2615 Poliklinik.
864 2550 928 2610 Den
972 2546 1263 2606 militärärztlichen
1306 2539 1430 2599 Dienst,
1463 2537 1489 2597 in
1528 2535 1565 2595 de

1617 2590 1732 2650 reifsten
1772 2587 1876 2647 Werke
1904 2585 1954 2645 des
1988 2583 2148 2643 Dichters,
2182 2579 2253 2639 Der
2282 2577 2370 2637 junge
2403 2569 2619 2629 Medardus",
2642 2568 2691 2628 zur
2720 2565 2802 2625 Auf¬

96 2587 164 2647 Dr.
187 2582 348 2642 Ferdinan

402 2611 570 2671 Schnitzler
602 2608 707 2668 später
739 2604 823 2664 trat,
855 2600 960 2660 mußte
992 2599 1023 2659 er
1055 2595 1123 2655 nach
1160 2592 1212 2652 der
1250 2588 1449 2648 Publikation
1492 2584 1581 2644 seines

1616 2639 1752 2699 führung
1780 2637 1904 2697 brachte
1932 2633 1987 2693 und
2020 2630 2216 2690 inszenierte.
2238 2626 2286 2686 Ich
2320 2623 2396 2683 habe
2424 2620 2570 2680 während
2598 2614 2647 2674 der
2675 2614 2794 2674 Proben

88 2634 171 2694 idelt
194 2632 294 2692 hatte.
311 2628 372 2688 Der

407 2660 589 2720 „Leutnant
617 2652 744 2712 Gustl!“
783 2651 932 2711 aufgeben
977 2645 1037 2705 und
1077 2644 1142 2704 bald
1182 2640 1325 2700 widmete
1364 2637 1391 2697 er
1431 2634 1480 2694 sich
1514 2632 1574 2692 aus

1622 2688 1643 2748 in
1676 2687 1902 2747 gemeinsamer
1935 2679 2043 2739 Arbeit
2071 2678 2113 2738 die
2141 2676 2265 2736 wirklich
2299 2670 2374 2730 feine
2401 2670 2466 2730 Art
2488 2666 2590 2726 Artur
2612 2662 2796 2722 Schnitzlers

93 2683 280 2743 nitzler,
328 2676 380 2736 der

410 2707 567 2767 schließlich
597 2705 649 2765 der
679 2700 860 2760 Literatur.

1619 2740 1729 2800 kennen
1772 2736 1836 2796 und
1873 2730 1952 2790 seine
1990 2724 2201 2784 überragende
2239 2718 2482 2778 Versönlichkeit
2509 2712 2630 2772 schätzen
2674 2710 2805 2770 gelernt.

94 2730 284 2790 verständigt
317 2726 348 2786 un

511 2772 569 2832 Die
600 2772 811 2832 Admosphäre
836 2767 889 2827 der
919 2763 1107 2823 Geistigkeit,
1131 2759 1178 2819 die
1202 2757 1231 2817 in
1262 2752 1450 2812 Schnitzlers
1480 2748 1591 2808 Vater¬

1623 2788 1693 2848 Mit
1723 2786 1769 2846 ihm
1811 2780 1946 2840 verliert
1970 2778 2022 2838 das
2052 2773 2258 2833 Geistesleben
2288 2771 2394 2831 Wiens
2430 2767 2511 2827 einen
2541 2763 2635 2823 seiner
2665 2758 2794 2818 stärksten

411 2826 484 2886 haus
517 2823 680 2883 herrschte,
702 2820 749 2880 die
776 2818 850 2878 enge
877 2812 1072 2872 Berührung
1104 2809 1156 2869 mit
1183 2805 1236 2865 der
1263 2802 1468 2862 sogenannten
1506 2799 1590 2859 guten

80 2827 284 2887 lentartung
315 2826 375 2886 litt

412 2873 609 2933 Gesellschaft
655 2867 710 2927 der
739 2866 891 2926 achtziger
925 2862 981 2922 und
1015 2858 1179 2918 neunziger
1213 2852 1331 2912 Jahre,
1377 2849 1461 2909 jener
1495 2846 1596 2906 eigen=
1630 2832 1923 2892 Repräsentanten.

76 2879 137 2939 hlt
166 2876 222 2936 und
251 2873 375 2933 deshall

406 2921 530 2981 artigen
579 2918 725 2978 spezifisch
774 2909 1022 2969 österreichischen
1071 2902 1233 2962 Mischung
1282 2898 1341 2958 von
1390 2894 1589 2954 heterogener

78 2927 145 2987 ruch
182 2924 365 2984 genommen

411 2967 611 3027 Elementen,
627 2966 679 3026 von
712 2960 896 3020 Gelehrten,
912 2952 1196 3012 Großkaufleuten,
1213 2945 1407 3005 Advokaten,
1423 2943 1581 3003 Künstlern

92 2977 131 3037 ein
172 2972 304 3032 Zustand
339 2971 384 3031 be¬

1676 2989 1789 3049 9er
1841 2982 2322 3042 repräsentaliosie
2373 2968 2754 3028 Dramaliker

411 3017 570 3077 Bankiers
601 3014 657 3074 und
694 3011 848 3071 anderen,
874 3007 925 3067 der
951 3006 1023 3066 enge
1055 3001 1188 3061 Kontakt
1215 2996 1276 3056 mit
1302 2994 1353 3054 den
1390 2991 1512 3051 Größen
1549 2991 1595 3051 des

79 3027 211 3087 rgänge
245 3021 300 3081 und
334 3020 388 3080 hat

75 3075 134 3135 gen
167 3070 301 3130 besucht.
323 3067 382 3127 De.
415 3065 667 3125 Burgtheaters,
700 3060 737 3120 ie
765 3057 791 3117 in
824 3054 921 3114 seines
948 3051 1061 3111 Vaters
1088 3049 1190 3109 Hause
1218 3044 1276 3104 aus
1309 3041 1368 3101 und
1401 3042 1443 3102 ein
1476 3042 1605 3102 gingen,

69 3121 283 3181 Kückzuführen
317 3118 393 3178 sein.
416 3115 625 3175 beeinflußten
670 3110 746 3170 seine
780 3104 995 3164 Entwicklung
1034 3100 1094 3160 und
1133 3096 1188 3156 das
1227 3091 1463 3151 Jugendmilieu
1503 3088 1607 3148 drückt

2045 3109 2437 3169 Jestertengs.

417 3164 514 3224 seinem
561 3161 699 3221 späteren
736 3155 879 3215 Schaffen
916 3151 998 3211 nicht
1024 3147 1162 3207 weniger
1194 3142 1244 3202 den
1281 3140 1430 3200 Stempel
1461 3137 1517 3197 auf
1543 3137 1599 3197 wie

2178 3173 2249 3233 Von

420 3213 474 3273 sein
508 3211 673 3271 ärztlicher
701 3206 823 3266 Beruf.
846 3201 911 3261 Von
951 3198 1122 3258 kleineren,
1145 3194 1249 3254 längst
1277 3188 1465 3248 vergessenen
1504 3185 1609 3245 Früh¬

92 3226 189 3286 ahre
214 3225 255 3285 alt
280 3223 401 3283 wurde,

1994 3248 2106 3308 Hofrat
2137 3244 2201 3304 Dr.
2226 3244 2303 3304 Karl
2333 3241 2457 3301 Glossy.

422 3259 610 3319 produkten,
627 3258 670 3318 die
698 3257 719 3317 in
752 3253 800 3313 der
827 3249 995 3309 Zeitschrift
1017 3246 1081 3306 „An
1109 3243 1157 3303 der
1185 3238 1303 3298 schönen
1331 3237 1439 3297 blauen
1472 3235 1601 3295 Donau“

82 3273 211 3333 warme
237 3272 291 3332 und
317 3269 395 3329 feine

421 3309 585 3369 erschienen
627 3306 704 3366 sind,
736 3303 771 3363 ist
797 3300 859 3360 sein
896 3295 1003 3355 erstes,
1030 3289 1359 3349 aufsehenerregendes
1396 3285 1452 3345 und
1489 3283 1519 3343 in
1556 3282 1607 3342 der

1731 3322 1797 3382 Der
1826 3322 1892 3382 Tod
1927 3318 2010 3378 Artu
2061 3314 2250 3374 Schnitzlers
2285 3309 2334 3369 hat
2368 3308 2435 3368 mich
2469 3304 2530 3364 tief
2559 3300 2748 3360 erschüttert,
2777 3298 2809 3358 da

89 3323 175 3383 selten
205 3321 252 3381 ist,
270 3318 397 3378 Grazie.

80 3372 106 3432 je
134 3369 311 3429 Gestalten,
333 3364 386 3424 sein
425 3359 602 3419 amaligen
640 3355 715 3415 Zeit
743 3351 790 3411 als
829 3347 899 3407 kühn
937 3343 1163 3403 empfundenes
1196 3336 1303 3396 Werk:
1336 3334 1513 3394 „Anatol",
1541 3331 1605 3391 ein¬

416 3405 521 3465 Reihe
563 3404 620 3464 von
668 3400 889 3460 dramatischen
931 3393 1105 3453 Dialogen,
1137 3388 1189 3448 die
1232 3385 1310 3445 schon
1358 3384 1410 3444 die
1452 3381 1610 3441 Eigenart
1632 3377 1673 3437 ich
1706 3375 1763 3435 mit
1790 3372 1842 3432 ihm
1884 3368 1936 3428 seit
1963 3365 2062 3425 seinen
2095 3360 2294 3420 litorarischen
2332 3356 2494 3416 Anfängen
2526 3349 2710 3409 befreundel
2737 3345 2799 3405 war

1634 3423 1713 3483 Noch
1750 3421 1781 3481 an
1829 3417 1982 3477 Sonntag
2019 3414 2092 3474 habe
2124 3411 2161 3471 ich
2193 3410 2319 3470 längere
2351 3405 2424 3465 Zeit
2451 3403 2509 3463 mit
2541 3399 2588 3459 ihm
2636 3395 2804 3455 gesprochen

75 3419 192 3479 eenze.
213 3417 289 3477 Man
321 3413 377 3473 wir

425 3456 613 3516 Schnitzlers
647 3454 765 3514 zeigen.
814 3444 889 3504 Sein
928 3440 1057 3500 nächstes
1090 3437 1149 3497 und
1187 3435 1311 3495 zugleich
1350 3432 1403 3492 das
1442 3427 1512 3487 erste
1545 3427 1609 3487 auf¬

79 3467 143 3527 im
186 3462 386 3522 Schriftstelle

88 3514 172 3574 bigen
212 3511 302 3571 Reize
336 3509 392 3569 und
426 3505 566 3565 geführte
595 3502 685 3562 Werk
714 3499 775 3559 war
810 3494 894 3554 „Das
922 3488 1113 3548 Märchen",
1131 3484 1181 3544 dem
1227 3482 1277 3542 die
1306 3480 1474 3540 „Liebelei“
1503 3478 1615 3538 folgte,
1638 3474 1700 3534 und
1729 3469 1813 3529 hatte
1842 3467 1897 3527 mit
1921 3465 1965 3525 ihm
2005 3461 2201 3521 verabredet,
2225 3457 2275 3517 daß
2304 3455 2337 3515 ich
2366 3453 2410 3513 ihn
2445 3449 2534 3509 dieser
2558 3447 2641 3507 Tage
2665 3447 2692 3507 in
2721 3445 2816 3505 seiner

1636 3521 1721 3581 Villa
1750 3515 1888 3575 besuchen
1923 3512 2002 3572 sollte

82 3562 150 3622 seren
187 3560 245 3620 und
271 3559 318 3619 für
345 3555 392 3615 den
429 3553 481 3613 das
514 3552 619 3612 Werk,
641 3551 698 3611 das
730 3550 824 3610 seinen
856 3540 971 3600 Namen
1009 3535 1151 3595 berühmt
1183 3531 1309 3591 machte.
1331 3529 1372 3589 In
1410 3527 1493 3587 Wien
1525 3526 1598 3586 spiel

1736 3563 1802 3623 Mit
1830 3563 1930 3623 Artur
1964 3559 2131 3619 Schnitzler
2159 3554 2197 3614 ist
2226 3554 2304 3614 einer
2338 3549 2387 3609 der
2416 3543 2644 3603 bedeutenösten
2683 3537 2816 3597 Schrift¬

424 3603 500 3663 auch
540 3601 594 3661 das
633 3597 749 3657 nächste
783 3593 893 3653 Stück:
927 3586 1136 3646 „Freiwild“,
1164 3581 1219 3641 das
1264 3577 1335 3637 1896
1375 3577 1534 3637 entstand.
1563 3577 1606 3637 Ir

1633 3617 1735 3677 steller
1763 3614 1886 3674 unserer
1914 3609 1983 3669 Zeit
2006 3608 2064 3668 und
2097 3605 2145 3665 der
2173 3600 2436 3660 repräsentativste
2464 3592 2587 3652 Dichter
2610 3587 2809 3647 Orsterreichs

77 3609 251 3669 Schnitzler
277 3605 388 3665 besitzen

429 3650 525 3710 dieses
548 3648 632 3708 Jahr
661 3647 728 3707 fällt
751 3643 818 3703 auch
841 3640 886 3700 die
909 3633 1095 3693 Entstehung
1124 3632 1169 3692 des
1198 3629 1377 3689 „Reigen",
1395 3626 1456 3686 zehn
1491 3624 1603 3684 Szenen

76 3660 253 3720 ngezogen
283 3654 383 3714 fühlen

435 3697 492 3757 mit
514 3697 561 3757 dem
604 3694 729 3754 gleichen
756 3690 913 3750 erotischen
940 3678 1171 3738 Grundmotiv,
1192 3676 1234 3736 die
1261 3676 1329 3736 aber
1355 3676 1413 3736 erst
1429 3674 1492 3734 viel
1513 3670 1612 3730 später
1639 3663 1917 3723 dahingegangen.
1944 3656 1986 3716 Er
2018 3656 2070 3716 hat
2097 3653 2254 3713 seinerzeit
2281 3648 2328 3708 als
2360 3644 2538 3704 Naturalist
2565 3636 2717 3696 begonnen
2754 3635 2811 3695 und

1638 3711 1675 3771 ist
1707 3710 1786 3770 dann
1829 3704 2003 3764 allmählich
2041 3702 2093 3762 zur
2131 3697 2284 3757 Moderne
2322 3692 2575 3752 übergegangen,
2602 3683 2649 3743 die
2682 3683 2713 3743 er
2745 3682 2819 3742 über

116 3706 161 3766 als
190 3706 218 3766 es
248 3702 408 3762 geschieht.

82 3754 179 3814 Nann
214 3752 329 3812 nannte
358 3750 404 3810 die
439 3746 576 3806 gedruckt
612 3744 669 3804 und
704 3741 779 3801 1920
814 3735 905 3795 gegen
941 3730 992 3790 den
1033 3730 1136 3790 Willen
1177 3724 1223 3784 des
1258 3724 1401 3784 Dichters
1437 3721 1597 3781 aufgeführ

1641 3760 1755 3820 immer
1786 3757 1846 3817 mit
1877 3753 1961 3813 einem
2007 3751 2092 3811 leisen
2133 3747 2212 3807 Stich
2248 3744 2303 3804 von
2339 3739 2509 3799 Romantik
2540 3733 2670 3793 umgab.
2715 3728 2815 3788 Seine

439 3792 589 3852 wurden.
617 3790 799 3850 Schnitzlers
832 3781 940 3841 Werke
973 3777 1069 3837 reihen
1108 3775 1155 3835 sich
1194 3774 1253 3834 nun
1291 3771 1317 3831 in
1356 3770 1474 3830 rascher
1507 3769 1603 3829 Folge

1638 3807 1787 3867 Anfänge
1825 3802 1917 3862 fallen
1954 3799 1984 3859 in
2027 3799 2088 3859 eine
2125 3795 2207 3855 Zeit,
2234 3792 2280 3852 wo
2317 3791 2347 3851 es
2384 3789 2467 3849 eines
2524 3781 2617 3841 neuen
2680 3777 2819 3837 Dichters

84 3800 264 3860 Lehnstuhl
281 3796 341 3856 mit
363 3795 412 3855 der

442 3840 484 3900 Es
523 3838 711 3898 erschienen:
766 3835 857 3895 „Das
911 3825 1176 3885 Vermächtnis",
1225 3820 1273 3880 die
1328 3817 1403 3877 drei
1452 3815 1603 3875 Einakter

1641 3855 1801 3915 bedurfte,
1822 3852 1858 3912 um
1895 3848 1941 3908 die
1967 3844 2195 3904 österreichische
2221 3841 2278 3901 und
2304 3839 2423 3899 speziell
2445 3832 2490 3892 die
2517 3829 2641 3889 Wiener
2667 3825 2822 3885 Literatur

82 3855 125 3915 den
187 3845 412 3905 künstlerischer

446 3888 692 3948 „Paracelsus",
721 3883 798 3943 „Die
838 3873 1045 3933 Gefährtin",
1096 3873 1179 3933 „Der
1214 3868 1314 3928 grüne
1348 3865 1515 3925 Kakadu",

98 3896 157 3956 und
195 3894 335 3954 glücklich
368 3890 416 3950 er¬

114 3950 234 4010 großer
269 3941 415 4001 deutscher
450 3936 570 3996 Drama
614 3936 699 3996 „Der
726 3931 862 3991 Schleier
889 3925 940 3985 der
967 3921 1148 3981 Beatrice",
1166 3921 1242 3981 dann
1278 3916 1320 3976 der
1347 3912 1604 3972 Einakterzyklus
1648 3907 1707 3967 vor
1734 3902 1785 3962 der
1803 3899 1897 3959 Welt
1915 3896 2027 3956 wieder
2054 3893 2079 3953 in
2106 3891 2156 3951 den
2183 3887 2406 3947 Vordergrund
2433 3882 2466 3942 zu
2493 3879 2612 3939 rücken.
2631 3876 2673 3936 Er
2691 3873 2819 3933 gehörte
