3436 4224
848 180 938 240 ganze
966 179 1043 239 Welt
1061 180 1142 240 siegte
1170 182 1224 242 und
1252 183 1401 243 besonders
1429 185 1451 245 in
1479 186 1673 246 romanischen
1706 186 1837 246 Ländern
1864 187 2027 247 verstanden

844 222 964 282 wurde,
982 222 1024 282 wo
1055 224 1119 284 man
1150 223 1192 283 für
1219 222 1270 282 den
1297 224 1421 284 herben,
1439 228 1585 288 sachlichen
1615 230 1834 290 norddeutschen
1865 232 2041 292 Naturalis¬

849 265 915 325 mus
947 264 1022 324 nicht
1045 264 1102 324 viel
1130 266 1325 326 Verständnis
1352 269 1534 329 aufbrachte.

926 309 1144 369 „Anatol":
1176 309 1230 369 Ein
1262 311 1366 371 junger
1389 309 1479 369 Herr,
1498 314 1547 374 der
1575 315 1666 375 nichts
1689 315 1815 375 anderes
1844 317 1870 377 zu
1902 318 1947 378 tun
1975 319 2038 379 hat,

844 351 891 411 als
917 352 960 412 sich
986 351 1033 411 der
1059 352 1145 412 Liebe
1172 351 1193 411 zu
1227 354 1365 414 widmen,
1387 354 1429 414 der
1456 357 1602 417 eleganten
1637 358 1718 418 Liebe
1744 357 1795 417 wie
1822 359 1869 419 der
1895 360 1946 420 aus
1973 360 2019 420 dem

845 389 919 449 Volk
946 392 1096 452 geholten.
1136 392 1211 452 Sein
1242 398 1440 458 Sinnspruch:
1476 401 1546 461 „Sie
1573 401 1626 461 hat
1653 399 1674 459 in
1706 401 1816 461 meinen
1852 401 1957 461 Armen
1989 402 2037 462 ge¬

844 437 941 497 legen,
961 437 998 497 sie
1026 437 1058 497 ist
1082 439 1199 499 heilig.“
1247 441 1312 501 Das
1341 440 1373 500 ist
1397 443 1481 503 Mut,
1500 443 1556 503 das
1585 443 1617 503 ist
1641 443 1894 503 Uebermut,
1918 446 1978 506 aber
2007 444 2034 504 es

846 476 878 536 ist
902 479 967 539 auch
995 479 1060 539 eine
1084 480 1177 540 große
1201 484 1434 544 Gutmütigkeit.
1472 485 1612 545 Zwischen
1645 485 1691 545 den
1725 488 1930 548 Geschlechtern
1963 488 2028 548 wird

845 518 902 578 kein
933 524 1203 584 leidenschaftlicher
1234 525 1345 585 Kampf
1367 529 1588 589 ausgekämpft,
1611 530 1730 590 sondern
1766 529 1827 589 man
1859 533 2040 593 verständigt

847 563 887 623 sich
915 564 937 624 in
970 565 1170 625 Zärtlichkeit.
1207 568 1384 628 Manchmal
1407 571 1475 631 geht
1494 571 1557 631 hier
1585 571 1639 631 und
1667 571 1698 631 da
1731 573 1766 633 ein
1803 572 1912 632 Mensch
1940 574 1962 634 in
1990 575 2035 635 die

845 607 977 667 Brüche,
999 609 1056 669 doch
1092 609 1166 669 alles
1198 610 1334 670 geschieht
1362 613 1454 673 artig,
1476 613 1639 673 manierlich
1684 616 1741 676 und
1781 615 1847 675 auch
1878 614 1891 674 —
1940 618 2037 678 ope¬

842 652 1147 712 rettenmäßig

927 694 1098 754 Schnitzlers
1130 696 1302 756 Sanftheit,
1321 696 1366 756 die
1393 700 1520 760 Anmut,
1543 700 1597 760 mit
1620 700 1665 760 der
1693 700 1719 760 er
1747 702 1955 762 Lebensrätsel
1978 704 2041 764 löst,

846 736 948 796 verrät
972 738 1055 798 stets,
1074 739 1125 799 daß
1159 737 1191 797 er
1219 738 1279 798 sehr
1303 739 1364 799 viel
1388 740 1523 800 Musik
1552 744 1574 804 im
1617 742 1696 802 Blut
1720 745 1813 805 hatte:
1841 745 1901 805 eine
1930 748 2037 808 leichte,

845 780 1058 840 schwingende,
1077 778 1272 838 schwebende.
1309 781 1427 841 Gehen,
1446 783 1495 843 wie
1518 784 1545 844 im
1587 786 1823 846 „Einsamen
1855 788 1977 848 Weg“,
1996 791 2036 851 die

844 822 1086 882 Entwurzelten,
1110 823 1151 883 die
1184 825 1259 885 nicht
1287 825 1366 885 mehr
1399 826 1446 886 zur
1479 827 1651 887 erdenfesten
1689 828 1876 888 Gesellschaft
1899 833 2039 893 gehören,

848 864 913 924 gern
945 864 971 924 in
1002 866 1041 926 ein
1073 869 1275 929 unbekanntes
1302 870 1443 930 Jenseits,
1466 872 1540 932 dann
1568 873 1686 933 trällert
1709 872 1735 932 es
1762 873 1824 933 noch
1855 875 1894 935 ein
1921 876 2031 936 bißchen

848 908 876 968 in
909 906 987 966 ihrer
1021 908 1127 968 Seele.
1170 911 1234 971 Das
1267 913 1569 973 Nachtigallmäßige,
1598 915 1648 975 das
1681 918 1918 978 Amselmäßige,
1942 921 2034 981 etwas

844 949 1086 1009 seltsam=kostbar
1117 952 1249 1012 zwischen
1275 954 1325 1014 den
1356 957 1452 1017 Zeiten
1483 959 1701 1019 Schwebendes
1727 961 1761 1021 ist
1782 960 1837 1020 das
1863 960 1959 1020 Wesen
1990 963 2035 1023 der

851 992 1082 1052 Schnitzlerschen
1137 995 1314 1055 Weichheit.
1369 999 1471 1059 Dieser
1520 1002 1692 1062 geduldige,
1736 1002 1935 1062 schwvermütig
1952 1007 2032 1067 frohe

849 1036 1144 1096 Menschengestalter
1174 1040 1252 1100 starb
1282 1040 1306 1100 in
1346 1043 1424 1103 einer
1455 1044 1533 1104 Zeit,
1553 1043 1577 1103 in
1617 1043 1666 1103 der
1691 1045 1705 1105 —
1755 1043 1783 1103 so
1814 1045 1917 1105 scheint
1942 1047 1971 1107 es
2006 1047 2020 1107 -

846 1079 936 1139 dieses
964 1079 1050 1139 milde
1078 1083 1187 1143 Fühlen
1219 1083 1273 1143 und
1301 1085 1414 1145 Denken
1447 1087 1537 1147 keinen
1570 1089 1651 1149 Raum
1697 1088 1774 1148 mehr
1797 1088 1865 1148 hat.
1902 1091 1961 1151 Und
1988 1089 2038 1149 das

850 1124 889 1184 ist
914 1124 967 1184 das
1002 1128 1256 1188 Unvergängliche
1286 1128 1315 1188 an
1355 1130 1437 1190 diesem
1488 1132 1619 1192 Dichter:
1644 1133 1673 1193 er
1703 1133 1756 1193 hat
1786 1132 1844 1192 eine
1879 1134 1967 1194 Welt,
1992 1136 2035 1196 die

910 1166 1000 1226 wenn
1038 1169 1101 1229 auch
1139 1170 1216 1230 nicht
1243 1171 1348 1231 immer
1381 1174 1435 1234 und
1468 1175 1554 1235 heute
1587 1176 1665 1236 nicht
1692 1175 1774 1235 mehr
1807 1175 1852 1235 die
1880 1177 1980 1237 unsere

840 1210 900 1270 das
933 1213 1195 1273 Kulturgeschehen
1237 1216 1293 1276 und
1326 1214 1373 1274 die
1406 1219 1583 1279 menschliche
1631 1219 1827 1279 Entwicklung
1874 1222 1948 1282 stark
1986 1222 2037 1282 be¬

846 1255 1008 1315 einflußte,
1033 1255 1056 1315 in
1090 1257 1176 1317 fester
1205 1259 1348 1319 Prägung
1382 1261 1430 1321 für
1460 1263 1502 1323 die
1536 1264 1751 1324 Weltliteratur
1785 1264 1933 1324 erhalten,
1953 1267 2034 1327 jenes

840 1300 1022 1360 wienerische
1055 1300 1109 1360 und
1137 1303 1356 1363 österreichische
1384 1305 1497 1365 Wesen,
1521 1306 1570 1366 das
1598 1309 1794 1369 jammervoll
1818 1306 1872 1366 und
1900 1309 1954 1369 still
1977 1307 2041 1367 ein¬

847 1346 932 1406 ging,
952 1345 999 1405 hat
1024 1345 1047 1405 er
1072 1345 1095 1405 im
1134 1348 1225 1408 letzten
1254 1349 1425 1409 Augenblick
1450 1351 1541 1411 seines
1565 1352 1756 1412 Verklingens
1786 1353 1838 1413 und
1867 1352 2034 1412 Vergehens

850 1389 899 1449 für
924 1386 968 1446 die
993 1389 1146 1449 Nachwelt
1171 1392 1397 1452 aufgezeichnet.

927 1436 1055 1496 Einmal
1075 1437 1175 1497 wurde
1204 1438 1289 1498 dieser
1315 1442 1414 1502 milde,
1434 1443 1505 1503 alles
1534 1443 1735 1503 verstehende,
1755 1443 1821 1503 alles
1850 1444 2036 1504 verzeihende

844 1479 954 1539 Dichter
984 1481 1041 1541 fast
1070 1480 1118 1540 zum
1162 1482 1287 1542 sozialen
1317 1485 1480 1545 Ankläger.
1524 1485 1586 1545 Das
1620 1486 1682 1546 war
1712 1488 1846 1548 damals,
1866 1490 1899 1550 da
1933 1490 1957 1550 er
1986 1489 2034 1549 als

850 1524 1027 1584 Gegenstück
1060 1525 1111 1585 zum
1163 1527 1312 1587 „Anatol“
1350 1529 1400 1589 das
1438 1530 1527 1590 kleine
1565 1531 1761 1591 Trauerspiel
1794 1533 1845 1593 vom
1897 1533 2041 1593 „Frei¬

851 1565 968 1625 wild“
996 1566 1118 1626 schrieb.
1159 1569 1222 1629 Der
1254 1570 1366 1630 Dichter
1394 1571 1471 1631 setzte
1498 1573 1543 1633 die
1571 1574 1679 1634 jungen
1716 1575 1769 1635 und
1806 1575 1878 1635 alten
1910 1576 2041 1636 Herren,

848 1610 893 1670 die
925 1608 970 1668 die
1002 1609 1142 1669 Mädchen
1179 1609 1238 1669 aus
1270 1611 1320 1671 dem
1365 1615 1451 1675 Volke
1488 1615 1510 1675 in
1547 1615 1592 1675 die
1624 1618 1778 1678 Chambre
1810 1619 1941 1679 separées
1978 1619 2032 1679 und

846 1652 868 1712 in
901 1653 941 1713 die
969 1655 1028 1715 noch
1060 1657 1238 1717 geheimeren
1270 1656 1383 1716 Winkel
1407 1661 1511 1721 locken,
1529 1661 1652 1721 beinahe
1676 1661 1730 1721 auf
1753 1661 1793 1721 die
1821 1661 2039 1721 Anklagebank.

849 1697 924 1757 Aber
955 1697 1008 1757 das
1039 1697 1100 1757 war
1132 1699 1189 1759 nur
1221 1701 1282 1761 eine
1309 1703 1432 1763 Episode
1464 1705 1490 1765 in
1526 1704 1569 1764 dem
1619 1706 1853 1766 Schnitzlerschen
1888 1708 2038 1768 Schaffen.

846 1742 882 1802 Im
933 1742 1060 1802 Grunde
1092 1743 1160 1803 war
1197 1744 1224 1804 er
1261 1747 1484 1807 versöhnlicher.
1534 1746 1575 1806 Er
1607 1749 1721 1809 dachte,
1753 1748 1803 1808 daß
1844 1751 1962 1811 Jugend
1999 1752 2026 1812 zu

848 1785 964 1845 Jugend
993 1787 1113 1847 gehört.
1147 1788 1234 1848 Nicht
1258 1789 1342 1849 lange
1370 1791 1486 1851 fragen,
1506 1791 1538 1851 ob
1566 1789 1617 1849 der
1641 1792 1752 1852 strenge
1780 1795 1952 1855 Paragraph
1985 1793 2031 1853 des

850 1830 962 1890 Sitten=
995 1830 1051 1890 und
1084 1833 1299 1893 Justizgesetzes
1332 1832 1383 1892 den
1417 1834 1585 1894 Verführer
1619 1837 1759 1897 bestrafen
1797 1837 1862 1897 will
1886 1838 1956 1898 oder
1989 1840 2031 1900 ihn

846 1874 1075 1934 entschuldigen.
1120 1876 1196 1936 Man
1235 1876 1296 1936 las,
1321 1877 1383 1937 man
1422 1879 1484 1939 sah,
1509 1879 1686 1939 aufgeführt
1725 1880 1748 1940 im
1806 1882 1950 1942 Theater,
1984 1882 2032 1942 den

844 1921 1058 1981 „Reigen",
1081 1919 1122 1979 ein
1150 1922 1350 1982 Lebenstanz,
1373 1921 1428 1981 und
1456 1921 1464 1981 —
1515 1923 1583 1983 trotz
1606 1924 1674 1984 allem
1716 1922 1729 1982 —
1775 1924 1839 1984 auch
1871 1924 1907 1984 ein
1940 1927 2031 1987 wenig

848 1963 1011 2023 Totentanz
1039 1962 1086 2022 der
1114 1963 1222 2023 Liebe.
1260 1966 1315 2026 Die
1344 1966 1507 2026 Jünglinge
1541 1967 1596 2027 und
1629 1966 1671 2026 die
1700 1968 1858 2028 Mädchen,
1882 1969 1919 2029 sie
1948 1970 2031 2030 geben

841 2005 895 2065 und
925 2007 1044 2067 nehmen
1069 2007 1113 2067 sich
1139 2007 1212 2067 ohne
1238 2007 1292 2067 viel
1312 2007 1470 2067 Grübelei.
1501 2009 1589 2069 Alles
1614 2010 1644 2070 ist
1665 2010 1827 2070 natürlich;
1848 2012 1946 2072 bejaht
1967 2013 2035 2073 wird

848 2050 936 2110 olles,
960 2049 1025 2109 was
1058 2050 1155 2110 Sinne
1184 2052 1323 2112 fordern,
1347 2052 1426 2112 wenn
1459 2053 1514 2113 nur
1543 2054 1663 2114 Anmut
1687 2055 1813 2115 regiert.
1851 2055 1915 2115 Und
1944 2058 2031 2118 gegen

845 2094 917 2154 diese
941 2094 1058 2154 Anmut
1077 2095 1226 2155 empörten
1259 2095 1299 2155 sich
1327 2097 1367 2157 die
1391 2097 1517 2157 Mucker.
1554 2097 1608 2157 Sie
1636 2100 1781 2160 empörten
1813 2100 1854 2160 sich
1881 2100 2031 2160 besonders

848 2136 874 2196 in
905 2137 1011 2197 Berlin
1046 2138 1103 2198 und
1139 2139 1351 2199 unternahmen
1391 2142 1474 2202 gegen
1510 2142 1669 2202 Schnitzler
1704 2142 1757 2202 und
1793 2142 1867 2202 seine
1899 2145 2031 2205 Künstler

847 2181 926 2241 einen
964 2183 1334 2243 Infamierungsprozeß.
1382 2183 1424 2243 Es
1462 2188 1551 2248 siegte
1584 2187 1837 2247 glücklicherweise
1875 2186 1922 2246 der
1960 2189 2039 2249 Geist

850 2226 902 2286 der
936 2228 1068 2288 Anmut.

928 2271 990 2331 Und
1019 2273 1076 2333 doch
1105 2275 1196 2335 fehlte
1220 2276 1244 2336 in
1278 2276 1325 2336 der
1350 2277 1537 2337 persönlichen
1571 2277 1704 2337 Existenz
1724 2278 1901 2338 Schnitzlers
1930 2279 1982 2339 und
2012 2279 2030 2339 in

853 2317 943 2377 seiner
970 2316 1260 2376 Lebensauffassung
1292 2320 1364 2380 nicht
1387 2321 1441 2381 das
1469 2321 1623 2381 Tragische
1650 2321 1672 2381 in
1705 2321 1795 2381 seiner
1822 2322 1922 2382 Tiefe.
1958 2321 2030 2381 Sein

856 2358 1079 2418 Patriotenstück
1108 2361 1159 2421 vom
1206 2363 1308 2423 jungen
1346 2366 1608 2426 Medardus,
1631 2365 1678 2425 der
1711 2365 1879 2425 Oesterreich
1912 2366 2033 2426 politisch

853 2402 1021 2462 freimachen
1054 2403 1133 2463 will,
1157 2404 1231 2464 zeigt
1260 2404 1334 2464 einen
1372 2407 1577 2467 Schwärmer,
1601 2406 1652 2466 der
1681 2406 1760 2466 fähig
1793 2407 1839 2467 ist,
1863 2407 1905 2467 sich
1938 2406 2045 2466 aufzu¬

846 2446 966 2506 opfern.
1009 2445 1069 2505 Und
1102 2444 1130 2504 es
1159 2443 1270 2503 fehlen,
1285 2448 1368 2508 unter
1397 2449 1444 2509 den
1477 2449 1710 2509 Schnitzlerschen
1748 2449 1916 2509 Menschen,
1940 2450 1981 2510 die
2010 2450 2032 2510 so

846 2488 1075 2548 liebenswürdig
1107 2491 1243 2551 genießen
1279 2490 1332 2550 und
1363 2491 1557 2551 untergehen,
1575 2492 1636 2552 auch
1672 2493 1742 2553 nicht
1765 2494 1808 2554 die
1831 2493 2038 2553 Außenseiter.

847 2530 901 2590 Ja,
924 2531 960 2591 sie
993 2532 1048 2592 sind
1080 2533 1240 2593 besonders
1273 2533 1396 2593 rührend
1433 2534 1488 2594 und
1520 2533 1675 2593 besonders
1709 2535 1781 2595 echt.
1823 2536 1910 2596 Packt
1938 2534 1965 2594 es
1997 2537 2042 2597 die

849 2573 1080 2633 Molancholiker
1107 2574 1143 2634 an
1175 2574 1225 2634 der
1257 2576 1379 2636 Donau,
1402 2576 1456 2636 wie
1488 2575 1560 2635 etwa
1592 2576 1641 2636 den
1674 2577 1895 2637 Leutnant
1923 2577 2035 2637 Gustl

846 2616 901 2676 und
925 2618 980 2678 das
1004 2617 1214 2677 Fräulein
1238 2618 1354 2678 Else,
1373 2619 1414 2679 die
1434 2619 1513 2679 beide
1542 2619 1592 2679 aus
1616 2619 1747 2679 härterem
1789 2619 1873 2679 Holze
1897 2619 2036 2679 geschnitzt

849 2659 926 2719 sind,
949 2661 1021 2721 dann
1053 2660 1157 2720 steigen
1194 2658 1225 2718 sie
1257 2658 1297 2718 bis
1330 2660 1352 2720 in
1389 2661 1434 2721 den
1471 2663 1629 2723 finstersten
1661 2664 1806 2724 Abgrund
1839 2661 1883 2721 des
1916 2661 2037 2721 Seelen¬

851 2705 981 2765 schicksals
1014 2705 1121 2765 hinab.
1158 2704 1200 2764 In
1233 2703 1400 2763 Oesterreich
1433 2704 1498 2764 war
1526 2706 1619 2766 soviel
1643 2705 1866 2765 Aufrichtigkeit
1889 2704 1963 2764 nicht
1992 2703 2038 2763 er¬

845 2748 986 2808 wünscht,
1009 2748 1052 2808 als
1084 2747 1128 2807 die
1159 2748 1353 2808 Habsburger
1385 2748 1446 2808 noch
1478 2748 1615 2808 kaiserlich
1651 2748 1809 2808 regierten.
1850 2747 1947 2807 Gegen
1983 2746 2031 2806 den

849 2789 1035 2849 Militärarzt
1057 2788 1168 2848 Arthur
1195 2789 1350 2849 Schnitzler
1372 2789 1474 2849 wurde
1501 2789 1536 2849 ein
1568 2789 1948 2849 Ehrenverfahren
1980 2789 2037 2849 ein¬

851 2832 983 2892 geleitet,
1002 2831 1070 2891 weil
1089 2831 1115 2891 er
1139 2831 1180 2891 die
1208 2831 1230 2891 k.
1249 2831 1271 2891 k.
1290 2831 1394 2891 Armee
1418 2831 1554 2891 gekränkt
1573 2831 1664 2891 haben
1692 2831 1783 2891 sollte.

922 2878 975 2938 Oft
1008 2877 1061 2937 sind
1103 2877 1143 2937 die
1180 2878 1405 2938 Schnitzlerschen
1447 2878 1591 2938 Gestalten
1632 2879 1894 2939 Doppelnaturen,
1918 2879 2035 2939 Wesen,

841 2923 888 2983 die
910 2921 948 2981 sich
979 2922 1194 2982 komödiantisch
1220 2921 1375 2981 beleuchten
1406 2921 1458 2981 und
1484 2921 1612 2981 dauernd
1635 2921 1807 2981 behorchen.
1842 2921 1902 2981 Das
1928 2921 2035 2981 Schau¬

849 2965 1034 3025 spielerische,
1052 2965 1105 3025 das
1136 2963 1335 3023 Tänzerische,
1358 2963 1401 3023 die
1428 2965 1525 3025 Natur
1552 2963 1596 3023 des
1627 2964 1879 3024 hochkultivierten
1911 2964 2038 3024 Lebens¬

849 3006 999 3066 genießers
1024 3007 1086 3067 war
1112 3007 1161 3067 das
1187 3007 1412 3067 Hauptproblem
1450 3007 1641 3067 Schnitzlers.
1675 3006 1716 3066 Er
1742 3005 1825 3065 hörte
1846 3006 1887 3066 die
1913 3006 2038 3066 hundert

840 3049 1076 3109 Zwischentöne,
1103 3049 1146 3109 die
1176 3049 1202 3109 in
1241 3049 1352 3109 zarten,
1379 3049 1607 3109 empfindsamen
1646 3049 1750 3109 Seelen
1789 3049 1952 3109 erklingen.
1991 3046 2034 3106 Er

847 3093 958 3153 deutete
989 3093 1022 3153 sie
1049 3091 1099 3151 auf
1126 3091 1198 3151 seine
1224 3091 1455 3151 weltmännische
1481 3091 1549 3151 Art.
1588 3093 1631 3153 So
1661 3091 1759 3151 wurde
1790 3091 1815 3151 er
1841 3091 1879 3151 ein
1914 3091 2037 3151 Schrift¬

846 3134 933 3194 steller
959 3136 1004 3196 des
1030 3136 1267 3196 österreichischen
1297 3134 1605 3194 Kosmopolitismus,
1622 3133 1701 3193 eines
1727 3136 2035 3196 Kosmopolitismus,

845 3178 893 3238 der
924 3180 968 3240 sich
1008 3179 1060 3239 aus
1096 3177 1144 3237 der
1176 3178 1338 3238 Banalität
1365 3178 1582 3238 hinüberretten
1622 3178 1727 3238 möchte
1763 3178 1784 3238 in
1825 3178 1868 3238 die
1900 3178 2027 3238 vertiefte

845 3218 902 3278 und
933 3222 1105 3282 verfeinerte
1137 3222 1358 3282 Seelenkunde.
1398 3221 1460 3281 Und
1491 3221 1517 3281 so
1544 3222 1659 3282 deutete
1691 3222 1739 3282 das
1770 3221 1858 3281 Werk
1885 3219 1933 3279 des
1960 3221 2040 3281 Ver¬

847 3267 992 3327 storbenen
1025 3267 1147 3327 hinüber
1180 3266 1245 3326 auch
1274 3264 1297 3324 in
1335 3264 1433 3324 unsere
1462 3266 1541 3326 Zeit,
1565 3264 1588 3324 in
1622 3264 1668 3324 der
1697 3264 1738 3324 die
1768 3264 1959 3324 Erforschung
1988 3267 2034 3327 der

850 3311 935 3371 Seele
961 3312 1021 3372 eine
1047 3309 1239 3369 selbständige
1265 3312 1513 3372 wissenschaftliche
1539 3309 1675 3369 Disziplin
1706 3307 1857 3367 geworden
1888 3309 1933 3369 ist.

1698 3351 1773 3411 Max
1805 3354 1999 3414 Hochdorf.

926 3444 987 3504 Das
1036 3442 1339 3502 Volksbildungsaml
1379 3443 1564 3503 Prenzlauer
1613 3442 1687 3502 Berg
1736 3440 1929 3500 veranstaltet
1970 3440 2031 3500 eine

845 3482 1545 3542 Wilhelm=Raabe=Gedenkfeier
1579 3479 1611 3539 am
1654 3479 1793 3539 Freitag,
1817 3479 1863 3539 dem
1910 3479 1961 3539 23.
1980 3479 2036 3539 Ok¬

843 3523 938 3583 thvr.
990 3518 1141 3578 asteurstr.
1167 3518 1292 3578 11—46.
1336 3518 1565 3578 Mitwirkende:
1600 3519 1695 3579 Käthe
1722 3518 1846 3578 Conrad
1882 3518 2041 3578 (Klavier),

843 3561 941 3621 Lektor
972 3558 1114 3618 schinger
1144 3559 1273 3619 (rien
1313 3557 1371 3617 und
1397 3559 1598 3619 Rezitation),
1614 3560 1698 3620 Hans
1723 3558 1846 3618 Ibachim
1886 3557 2029 3617 Andresen

853 3603 1013 3663 (Gefang).
1030 3604 1142 3664 Beginn
1174 3602 1206 3662 20
1234 3601 1308 3661 Uhr.
