3392 4320
133 330 216 390 2.

1387 317 1510 377 box
1589 315 1820 375 43/15

283 325 863 385 Schnitzler's
940 325 1168 385 Deatl

1065 831 1784 891 DOBSERVER

1156 908 1181 968 I.
1194 900 1315 960 österr.
1324 894 1474 954 behördl.
1487 884 1784 944 konzessioniertes

1114 944 1352 1004 Unternehmen
1383 935 1430 995 für
1457 921 1846 981 Zeitungs-Ausschnitte

1174 1001 1318 1061 WIEN,
1346 999 1391 1059 I.,
1419 987 1703 1047 WOLLZEILE
1750 975 1789 1035 11

1268 1048 1488 1108 TELEPHON
1521 1033 1698 1093 R-23-0-43

1079 1201 1301 1261 Ausschnitt
1330 1191 1418 1251 aus:

779 1225 987 1285 ZUKUNI

1994 1240 2009 1300 e
2041 1233 2093 1293 127

1124 1310 1203 1370 Die
1255 1297 1506 1357 Schönere
1592 1279 1843 1339 Zukunft,

810 1315 936 1375 weisen

2015 1324 2103 1384 bei

1299 1348 1515 1408 Wion

810 1366 978 1426 weitem.

2013 1372 2095 1432 1921

812 1413 860 1473 bis
888 1413 969 1473 1925

2000 1422 2011 1482 0
2033 1419 2093 1479 000

1097 1428 1199 1488 vom:

1427 1452 1762 1512 8.11.1931.

808 1464 993 1524 Konfessie

2000 1472 2101 1532 mör-

805 1512 885 1572 der.
917 1514 987 1574 Für

1997 1523 2092 1583 ?bis

813 1560 913 1620 1927:
942 1566 997 1626 25,

895 1613 1000 1673 Nimi

2017 1619 2094 1679 gs¬

801 1661 992 1721 seuche

2007 1666 2089 1726 nde

809 1712 1011 1772 Krankheil

808 1763 859 1823 die
892 1763 1018 1823 deutse

2019 1771 2100 1831 joli¬

796 1813 958 1873 zismus!

805 1894 892 1954 Dr.

942 1897 1104 1957 Joseph
1153 1894 1328 1954 Eberle
1371 1897 1582 1957 (Wien):
1613 1898 1691 1958 Ein
1734 1900 2090 1960 vergötterter

896 1949 1330 2009 Pseudodichter.
1375 1953 1487 2013 (Zum
1567 1954 1691 2014 Tode
1748 1956 1837 2016 von
1894 1954 2086 2014 Arthur

889 2005 1231 2065 Schnitzler.)

890 2061 956 2121 Der
986 2061 1019 2121 am
1058 2061 1110 2121 21.
1129 2063 1282 2123 Oktober
1307 2061 1330 2121 in
1360 2063 1455 2123 Wien
1484 2065 1704 2125 verstorbene
1729 2065 1949 2125 Dramatiker
1968 2067 2097 2127 Arthur

813 2112 1107 2172 Schnitzler,wird
1136 2112 1197 2172 von
1232 2109 1293 2169 der
1322 2113 1543 2173 Modepresse
1577 2115 1628 2175 als
1657 2112 1911 2172 Dichtergröße
1940 2114 2103 2174 gefeiert.

807 2159 847 2219 Ei
870 2158 942 2218 war
965 2160 1123 2220 berûlnnl
1142 2161 1200 2221 und
1228 2160 1318 2220 seine
1345 2163 1476 2223 Bûcher
1499 2163 1616 2223 fanden
1649 2160 2019 2220 Riesenverbreitung.
2033 2164 2091 2224 Die

804 2209 889 2269 Zahl
908 2208 1020 2268 seiner
1044 2208 1315 2268 Theaterstûcke
1343 2211 1383 2271 ist
1406 2211 1510 2271 grof,
1528 2211 1741 2271 angefangen
1768 2212 1827 2272 von
1859 2212 2003 2272 Werken
2031 2214 2089 2274 wie

804 2258 986 2318 „Anatol",
1022 2258 1251 2318 „Märchen“,
1287 2261 1500 2321 „Liebelei",
1531 2261 1755 2321 „Freiwild",
1791 2261 2080 2321 „Vermächtnis'

803 2306 887 2366 „Der
917 2306 1019 2366 grûne
1055 2309 1236 2369 Kakadu",
1261 2309 1527 2369 „Paracelsus",
1548 2311 1631 2371 „Die
1666 2309 1882 2369 Gefährtin",
1907 2309 2098 2369 „Reigen",

804 2355 883 2415 Der
912 2356 1066 2416 Schleier
1095 2356 1155 2416 der
1184 2358 1381 2418 Beatrice",
1410 2359 1503 2419 „Der
1532 2360 1682 2420 cinsame
1720 2358 1846 2418 Weg",
1879 2357 2100 2417 „Zwischen-

791 2405 916 2465 spiel".
931 2407 1023 2467 Der
1043 2405 1115 2465 Ruf
1130 2408 1188 2468 des
1213 2408 1367 2468 Lebens"
1392 2409 1440 2469 bis
1465 2408 1551 2468 Der
1576 2409 1677 2469 junge
1702 2408 1925 2468 Medardus",
1940 2409 2098 2469 „Profes-

795 2449 846 2509 sor
884 2455 1119 2515 Bernhardi",
1148 2457 1340 2517 „Komôdie
1378 2455 1439 2515 der
1472 2458 1731 2518 Verführung“,
1759 2457 1853 2517 „Der
1887 2459 1980 2519 Gang
2018 2461 2078 2521 zum

811 2501 987 2561 Weiher“.
1011 2505 1127 2565 Außer
1151 2504 1211 2564 den
1249 2506 1393 2566 Dramen
1426 2507 1560 2567 schrieb
1589 2510 1779 2570 Sehnitzler
1808 2506 1891 2566 auch
1929 2509 2087 2569 Novellen

803 2551 863 2611 und
896 2554 993 2614 einen
1027 2554 1175 2614 Roman.
1209 2557 1241 2617 Im
1288 2557 1404 2617 Besitz
1428 2557 1488 2617 der
1516 2557 1693 2617 spezifisch
1726 2557 1898 2617 jûdischen
1936 2559 2099 2619 Intellek-

804 2602 961 2662 tualität.
980 2604 1133 2664 verfûgte
1166 2607 1360 2667 Schnitzler
1384 2607 1532 2667 zugleich
1569 2608 1650 2668 ûber
1678 2604 1949 2664 ausgesprochen
1986 2607 2099 2667 poeti-

803 2649 898 2709 sches
930 2653 1130 2713 Empfinden
1162 2654 1221 2714 und
1262 2652 1330 2712 eine
1367 2655 1452 2715 hohe
1489 2657 1602 2717 Kunst
1626 2655 1689 2715 der
1717 2655 1889 2715 Sprache.
1917 2656 2007 2716 Aber
2039 2655 2093 2715 fûr

803 2699 897 2759 cinen
929 2702 1056 2762 großen
1093 2701 1233 2761 Dichter
1261 2703 1306 2763 ist
1329 2706 1460 2766 wichtig
1492 2706 1587 2766 nicht
1615 2706 1678 2766 rur
1701 2706 1760 2766 das
1792 2706 1877 2766 feine
1910 2703 2000 2763 Auge
2033 2706 2086 2766 und

802 2748 859 2808 das
886 2751 1009 2811 warme
1036 2753 1230 2813 Empfinden
1262 2754 1314 2814 fûr
1337 2755 1398 2815 den
1425 2755 1557 2815 Zauber
1580 2754 1637 2814 des
1659 2756 2008 2816 Menschenantlitzes
2031 2757 2087 2817 und

803 2799 865 2859 der
903 2799 1032 2859 Nalur,
1066 2801 1118 2861 die
1162 2804 1348 2864 Fähigkeit
1378 2805 1439 2865 des
1468 2807 1669 2867 Einfûhlens
1699 2805 1727 2865 in
1761 2806 1999 2866 Cicheimnisse
2033 2806 2095 2866 des

798 2846 1061 2906 Seclenlebens,
1074 2849 1216 2909 sondern
1246 2849 1302 2909 vor
1324 2852 1406 2912 allem
1445 2855 1526 2915 auch
1553 2854 1600 2914 die
1631 2852 1742 2912 rechte
1773 2855 2087 2915 Wellanschauung

803 2894 861 2954 und
889 2899 1002 2959 damit
1021 2897 1079 2957 der
1107 2897 1220 2957 rechte
1248 2901 1475 2961 Standpunkt
1493 2903 1552 2963 der
1575 2903 1802 2963 Betrachtung
1839 2903 1897 2963 und
1925 2905 1979 2965 die
2007 2904 2097 2964 rich-

803 2946 893 3006 ligen
923 2948 1099 3008 Maßstäbe
1128 2946 1185 3006 der
1214 2949 1401 3009 Wertung.
1425 2954 1458 3014 In
1483 2951 1597 3011 dieser
1621 2953 1779 3013 Hinsicht
1799 2951 1885 3011 fehlt
1904 2954 2095 3014 Schnitzler

798 2996 983 3056 sozusagen
1015 2997 1116 3057 alles,
1135 2997 1214 3057 weil
1232 3001 1289 3061 das
1316 3002 1608 3062 Entscheidende.
1631 3002 1826 3062 Schnitzler
1848 3002 1919 3062 war
1946 3004 1989 3064 ein
2016 3005 2096 3065 aus-

803 3045 1054 3105 gesprochener
1081 3044 1257 3104 Vertreter
1275 3046 1337 3106 des
1359 3051 1610 3111 Naturalismus
1633 3052 1690 3112 und
1717 3052 1743 3112 im
1783 3049 1915 3109 Bereich
1946 3052 2003 3112 des
2030 3053 2096 3113 Na-

803 3095 1002 3155 turalismus
1030 3094 1088 3154 hat
1116 3094 1152 3154 er
1180 3094 1248 3154 sich
1285 3098 1412 3158 wieder
1435 3098 1489 3158 die
1517 3100 1630 3160 Erotik
1663 3102 1721 3162 zum
1767 3103 2003 3163 Hauptthema
2036 3101 2094 3161 ge-

807 3142 938 3202 macht.
957 3143 997 3203 Er
1016 3143 1083 3203 war
1107 3143 1201 3203 recht
1225 3147 1401 3207 eigentlich
1429 3148 1487 3208 der
1510 3149 1669 3209 Sigmund
1701 3149 1800 3209 Freud
1833 3151 1891 3211 der
1914 3154 2100 3214 Literatur.

811 3190 878 3250 Wie
907 3193 1002 3253 Felix
1027 3193 1141 3253 Salten
1176 3195 1199 3255 in
1233 3196 1324 3256 einem
1372 3199 1525 3259 Nachruf
1550 3199 1736 3259 feststellt:
1756 3199 1961 3259 Professor
1986 3200 2086 3260 Freud

803 3242 865 3302 hat
889 3244 979 3304 einst
1002 3245 1038 3305 an
1070 3247 1260 3307 Schnitzler
1288 3249 1505 3309 geschrieben
1542 3247 1632 3307 (oder
1660 3248 1796 3308 gesagt,
1814 3250 1900 3310 denn
1928 3250 1972 3310 ich
2005 3251 2086 3311 weif

800 3293 822 3353 in
845 3289 963 3349 dieser
987 3292 1118 3352 Stunde
1146 3293 1205 3353 der
1233 3295 1360 3355 Trauer
1384 3296 1483 3356 nicht
1507 3297 1538 3357 so
1566 3297 1670 3357 genau
1708 3296 1903 3356 Bescheidj,
1936 3300 2095 3360 Schnitz-

800 3342 849 3402 ler
886 3342 944 3402 hat
981 3343 1030 3403 als
1072 3343 1212 3403 Dichter
1249 3345 1303 3405 all
1336 3345 1394 3405 das
1436 3348 1631 3408 gefunden,
1663 3347 1731 3407 was
1772 3348 1877 3408 Freud
1922 3348 1976 3408 als
2013 3346 2099 3406 For-

799 3391 897 3451 scher
949 3391 1117 3451 enteckt
1164 3393 1224 3453 und
1286 3395 1496 3455 wissentlich
1553 3394 1725 3454 besiegelt
1773 3398 1861 3458 hat.“
1922 3396 1969 3456 So
2016 3401 2100 3461 gilt,

804 3439 871 3499 was
917 3441 980 3501 von
1025 3443 1157 3503 Freud.
1202 3443 1283 3503 auch
1334 3444 1392 3504 von
1442 3446 1533 3506 ihm.
1579 3444 1642 3504 Die
1687 3444 1782 3504 Welt
1824 3444 1977 3504 erklären
2028 3445 2090 3505 wie

803 3489 910 3549 Freud
957 3491 1134 3551 erklären,
1172 3492 1232 3552 das
1274 3492 1376 3552 heift
1414 3496 1498 3556 alles
1545 3494 1605 3554 aus
1648 3494 1708 3554 dem
1769 3495 1881 3555 Sexus
1923 3497 2100 3557 erklären,

796 3540 886 3600 bzw.
905 3542 991 3602 alles
1027 3542 1091 3602 mit
1123 3542 1186 3602 dem
1241 3541 1354 3601 Sexus
1391 3542 1418 3602 in
1459 3545 1759 3605 Zusammenhang
1800 3546 1963 3606 bringen,
1996 3546 2095 3606 heift

799 3590 840 3650 sie
867 3591 954 3651 denn
982 3593 1063 3653 doch
1091 3593 1163 3653 viel
1182 3593 1214 3653 zu
1246 3593 1396 3653 primitiv
1424 3596 1602 3656 erklären.
1630 3595 1689 3655 Die
1721 3594 1816 3654 Welt
1840 3595 2003 3655 einengen
2036 3597 2095 3657 auf

803 3641 875 3701 das,
893 3641 966 3701 was
989 3641 1043 3701 der
1066 3644 1320 3704 Naturalismus
1343 3644 1401 3704 und
1434 3644 1697 3704 Materialismus
1724 3644 1828 3704 sieht,
1843 3646 1901 3706 das
1924 3644 2019 3704 heifit
2038 3646 2074 3706 um

805 3691 957 3751 Iimmel
982 3691 1040 3751 und
1070 3691 1183 3751 lôlle.
1203 3693 1306 3753 Gott.
1326 3694 1433 3754 Engel
1459 3694 1517 3754 und
1547 3694 1738 3754 Dâmonen,
1758 3694 1890 3754 Heilige
1920 3693 1979 3753 und
2014 3694 2096 3754 Hel-

796 3739 858 3799 den
892 3739 987 3799 nicht
1012 3741 1155 3801 wissen,
1175 3742 1275 3802 heißt
1294 3742 1346 3802 die
1381 3742 1476 3802 Welt
1496 3742 1576 3802 denn
1611 3745 1687 3805 doch
1721 3745 1754 3805 zu
1783 3744 1874 3804 klein
1903 3744 2027 3804 sehen.
2056 3746 2084 3806 In

799 3784 853 3844 den
882 3785 1061 3845 Menschen
1095 3789 1157 3849 nur
1179 3787 1212 3847 so
1241 3788 1349 3848 etwas
1375 3790 1433 3850 wie
1463 3790 1587 3850 hôhere
1617 3792 1838 3852 Naturwesen
1868 3792 1930 3852 mit
1955 3795 2084 3855 leidlich

811 3837 873 3897 viel
901 3835 1069 3895 Verstand
1105 3837 1164 3897 und
1196 3839 1445 3899 Emplindung,
1473 3839 1555 3899 aber
1587 3838 1650 3898 mit
1677 3841 1768 3901 einem
1823 3841 1977 3901 Minimum
2027 3842 2085 3902 von

811 3885 1095 3945 Willensfreibeit
1123 3885 1245 3945 sehen,
1268 3888 1366 3948 heift
1390 3888 1487 3948 ihnen
1516 3889 1604 3949 denn
1632 3889 1712 3949 doch
1745 3888 1805 3948 den
1838 3889 1917 3949 Sinn
1950 3891 2010 3951 und
2039 3889 2089 3949 die

803 3934 906 3994 Kraft
929 3936 984 3996 fûr
1011 3936 1133 3996 hôhere
1161 3939 1419 3999 Zielsetzungen
1451 3939 1510 3999 und
1547 3939 1705 3999 Arbeiten
1733 3939 1877 3999 rauben.
1905 3939 1946 3999 So
1978 3941 2086 4001 fehlen

800 3985 884 4045 denn
917 3986 972 4046 bei
996 3986 1186 4046 Schnitzler
1215 3986 1265 4046 die
1299 3988 1424 4048 groben
1457 3987 1554 4047 Ideen
1587 3989 1647 4049 und
1685 3990 1843 4050 Themate
1876 3990 1936 4050 von
1969 3989 2094 4049 Vater-

803 4036 898 4096 land.
918 4035 1094 4095 Religion,
1114 4038 1338 4098 Ceschichte,
1353 4038 1525 4098 Jenseits.
1554 4039 1649 4099 Seine
1683 4038 1859 4098 Menschen
1894 4038 1960 4098 sind
1994 4039 2089 4099 keine

804 4083 990 4143 Kämpfer,
1005 4085 1057 4145 die
1086 4085 1153 4145 sich
1182 4086 1282 4146 durch
1316 4085 1377 4145 das
1402 4088 1698 4148 Problemalische
1722 4085 1784 4145 des
1809 4088 1942 4148 Lebens
1966 4088 2095 4148 durch-

800 4133 942 4193 ringen,
962 4133 1010 4193 die
1035 4133 1152 4193 Triebe
1178 4134 1206 4194 in
1232 4135 1295 4195 der
1320 4136 1525 4196 lerrschaft
1551 4136 1727 4196 behalten,
1747 4136 1771 4196 in
1801 4136 2085 4196 Celehrten-tube

800 4178 841 4238 un
893 4181 976 4241 Biro
1014 4180 1041 4240 ju
1065 4181 1186 4241 Schlol
1214 4184 1274 4244 und
1303 4184 1418 4244 Fabrik
1448 4183 1619 4243 wertvolle
1652 4184 1768 4244 Arbeit
1788 4181 1927 4241 leisten,
1946 4183 2085 4243 sonderu
