3436 4384
179 390 386 450 12..

446 385 957 445 chnitzler's
1026 384 1261 444 Death

401 796 1120 856 OBSERVER

486 849 512 909 I.
526 849 640 909 österr.
654 849 800 909 behördl.
814 849 1114 909 konzessioniertes

432 891 673 951 Unternehmen
700 891 749 951 für
776 888 1169 948 Zeitungs-Ausschnitte

487 952 634 1012 WIEN,
663 954 711 1014 I.,
733 954 1021 1014 WOLLZEILE
1064 951 1113 1011 11

589 1002 801 1062 TELEPHON
840 1003 1014 1063 R-23-0-43

377 1145 607 1205 Ausschnitt
631 1145 725 1205 aus:

656 1251 748 1311 Neue
777 1242 869 1302 Freie
888 1224 1037 1284 Presse,
1047 1215 1139 1275 Wien

386 1369 499 1429 vom:

373 1554 452 1614 (Der
479 1555 549 1615 Tad
585 1557 708 1617 Arthur
745 1561 929 1621 Schnitzlers
966 1563 1018 1623 als
1046 1566 1239 1626 angebliches
1267 1566 1381 1626 Motiv

267 1597 359 1657 eines
401 1599 808 1659 Celbstmordversuches.)
861 1604 927 1664 Aus
969 1608 1180 1668 Budapest
1218 1612 1289 1672 wird
1331 1611 1387 1671 uns

270 1641 428 1701 gemeldet:
465 1646 560 1706 Irma
598 1646 750 1706 Nagel,
777 1647 819 1707 die
852 1647 972 1707 Tochter
1020 1649 1094 1709 eines
1137 1653 1384 1713 hauptstädtischen

270 1685 618 1745 Mittelschulprofessors,
645 1686 692 1746 hat
724 1687 861 1747 angeblich
899 1692 951 1752 aus
984 1692 1121 1752 Schmerz
1153 1695 1221 1755 über
1248 1695 1295 1755 den
1327 1694 1384 1754 Tod

272 1724 381 1784 Arthur
404 1727 661 1787 Schnitzlere
692 1731 869 1791 Selbstmord
899 1733 1038 1793 versucht,
1054 1736 1149 1796 wurde
1172 1736 1237 1796 aber
1260 1736 1392 1796 gerettet.

613 1877 806 1937 ne
869 1896 970 1956 peun
1002 1900 1185 1960 Ghaherg
1207 1917 1298 1977 dal.

594 1937 718 1997 Unser
748 1953 1098 2013 Korrespondent
1122 1972 1333 2032 berichtet:

857 2002 895 2062 K.
920 2011 1113 2071 Budapest,
1133 2018 1166 2078 2.
1181 2025 1355 2085 November.

592 2035 678 2095 Irma
707 2044 855 2104 Nagel,
885 2052 927 2112 die
956 2058 1066 2118 Tochter
1096 2065 1172 2125 eines
1202 2075 1388 2135 hauptstädti¬

533 2075 599 2135 schen
636 2091 980 2151 Mittelschulprofessors,
1012 2103 1063 2163 hat
1094 2110 1165 2170 aus
1208 2121 1387 2181 Schmerz

530 2118 627 2178 über
674 2126 740 2186 den
797 2134 874 2194 Tod
926 2146 1085 2206 Arthur
1137 2163 1379 2223 Schnitzlers

521 2165 770 2225 Selbstmord
809 2180 947 2240 versucht.
996 2190 1048 2250 Sie
1082 2193 1158 2253 stand
1202 2199 1226 2259 in
1264 2208 1379 2268 freund.

529 2207 690 2267 schaftlichen
719 2222 910 2282 Beziehungen
945 2229 969 2289 zu
1004 2238 1169 2298 Schnitzler,
1185 2246 1301 2306 besuchte
1331 2253 1370 2313 ihn

530 2250 637 2310 husg
660 2256 682 2316 in
705 2261 778 2321 Mun
808 2269 852 2329 und
876 2273 943 2333 hand
972 2278 1022 2338 mit
1039 2282 1078 2342 ihn
1114 2287 1135 2347 in
1164 2292 1232 2352 riger
1249 2298 1339 2358 Royis

522 2296 679 2356 spondenz.

633 2435 656 2495 T
744 2414 1164 2474 ABCREStatt-Badtin.

442 2703 663 2763 Ausschnitt
692 2703 779 2763 aus:

713 2779 746 2839 le
759 2764 885 2824 Presee
910 2748 1001 2808 Wies

521 2811 539 2871 N

709 2835 781 2895 JOV

444 2928 556 2988 vom:

447 3092 531 3152 (Der
557 3094 624 3154 Tod
660 3092 786 3152 Arthur
821 3095 1016 3155 Schnitzlers
1042 3092 1093 3152 als
1128 3095 1323 3155 angebliches
1358 3093 1459 3153 Motiv

346 3135 432 3195 eines
476 3134 887 3194 Selbstmordversuches.)
942 3137 1006 3197 Aus
1045 3138 1261 3198 Budapest
1300 3139 1369 3199 wird
1413 3138 1466 3198 uns

349 3182 504 3242 gemeldet:
544 3182 634 3242 Irma
670 3182 825 3242 Nagel,
851 3179 895 3239 die
926 3181 1046 3241 Tochter
1092 3179 1172 3239 eines
1218 3182 1287 3242 haup
1308 3181 1458 3241 städtischen

345 3224 696 3284 Mittelschulprofessors,
722 3221 772 3281 hat
798 3221 939 3281 angeblich
974 3222 1029 3282 aus
1060 3224 1200 3284 Schmerz
1231 3224 1296 3284 über
1327 3224 1371 3284 den
1407 3221 1467 3281 Tod

340 3254 459 3314 Arthur
485 3261 735 3321 Schnitzlers
773 3265 948 3325 Selbstmord
980 3265 1117 3325 versucht,
1137 3265 1230 3325 wurde
1256 3266 1318 3326 aber
1344 3264 1468 3324 gerettet.

709 3460 829 3520 EUXS
857 3463 1015 3523 VIKEEE
1053 3461 1173 3521 2SOAS

812 3585 829 3645 -
858 3582 1044 3642 2.NOV.

316 3748 880 3808 Gelbstmnoroversuch
904 3741 1069 3801 einer
1114 3732 1447 3792 Verehrerit

728 3880 1062 3940 Sngteis.

816 3952 1060 4012 Budapest,
1072 3949 1108 4009 2.
1126 3946 1316 4006 November.
1341 3943 1435 4003 (TK.)

390 4009 457 4069 Aus
486 4009 577 4069 Gram
623 4006 696 4066 über
725 4004 776 4064 den
811 4002 873 4062 Tod
908 4000 1009 4060 Artur
1044 3995 1311 4055 Schnitzlers
1341 3991 1397 4051 hat
1426 3988 1470 4048 ein

290 4063 397 4123 junges
426 4058 573 4118 Mädchen
602 4054 658 4114 aus
682 4051 913 4111 Nagykanisza,
931 4046 1083 4106 Fräulein
1107 4043 1202 4103 Irma
1231 4041 1389 4101 Nagel,
1407 4033 1479 4093 von¬

293 4112 402 4172 gestern
441 4106 507 4166 hier
541 4102 623 4162 einen
662 4099 855 4159 Selbstmord
894 4096 982 4156 durch
1022 4093 1181 4153 Vergiften
1220 4090 1369 4150 versucht.
1414 4083 1474 4143 Sie

294 4155 402 4215 konnte
421 4155 517 4215 jedoch
548 4150 674 4210 gerettet
693 4146 831 4206 werden.

1483 372 1608 432 box
1682 372 1866 432 44/4

2090 513 2802 573 OBSERVER

2181 566 2206 626 I.
2219 566 2336 626 österr.
2350 572 2497 632 behördl.
2510 575 2808 635 konzessioniertes

2137 608 2366 668 Unternehmen
2397 611 2444 671 für
2471 617 2856 677 Zeitungs-Ausschnitte

2188 668 2337 728 WIEN,
2364 672 2409 732 I.,
2436 674 2715 734 WOLLZEILE
2762 680 2807 740 11

2283 721 2497 781 TELEPHON
2534 726 2707 786 R-23-0-43

2083 855 2309 915 Ausschnitt
2321 865 2408 925 aus:
2420 891 2527 951 Nenes
2550 901 2680 961 Wiener
2703 912 2897 972 Ertrablatt

2481 1022 2549 1082 3.
2559 1023 2687 1083 NOV.
2713 1026 2807 1086 1937

2082 1079 2193 1139 vom:

2073 1146 2190 1206 Wegen
2231 1151 2279 1211 des
2310 1155 2417 1215 Todes
2448 1160 2644 1220 Schnitzlers
2675 1165 2812 1225 lebens¬

2113 1196 2310 1256 übedrüssig

2115 1242 2172 1302 Ein
2215 1249 2369 1309 Mädchen
2411 1253 2549 1313 namens
2586 1258 2686 1318 Irma
2729 1263 2930 1323 Nagler,

2069 1286 2116 1346 die
2159 1294 2297 1354 Tochter
2335 1297 2424 1357 eines
2473 1304 2680 1364 Budapester
2713 1312 2930 1372 Professors,

2064 1335 2138 1395 hat,
2165 1341 2228 1401 wie
2255 1345 2330 1405 jetzt
2357 1347 2500 1407 bekannt
2527 1351 2633 1411 wird,
2686 1357 2798 1417 einige
2830 1360 2920 1420 Tage

2064 1385 2137 1445 nach
2180 1390 2233 1450 dem
2286 1392 2380 1452 Tode
2413 1399 2614 1459 Schnitzlers
2657 1404 2746 1464 einen
2794 1406 2920 1466 Selbst¬

2064 1438 2290 1498 mordversuch
2326 1443 2491 1503 begangen
2533 1449 2593 1509 und
2629 1450 2714 1510 wird
2749 1454 2774 1514 in
2815 1456 2900 1516 einem

2064 1483 2280 1543 Sanatorium
2333 1492 2497 1552 gepflegt.
2529 1494 2597 1554 Ihr
2640 1498 2745 1558 Vater
2783 1503 2914 1563 stammt

2059 1530 2122 1590 aus
2170 1537 2455 1597 Groß=Kanisza,
2487 1544 2550 1604 aus
2598 1548 2761 1608 derselben
2809 1554 2919 1614 Stadt

2065 1578 2123 1638 wie
2167 1581 2226 1641 der
2264 1585 2372 1645 Vater
2415 1590 2523 1650 Artur
2561 1595 2782 1655 Schnitzlers.
2836 1602 2911 1662 Das

2059 1629 2219 1689 Mädchen
2252 1635 2390 1695 äußerte
2418 1637 2467 1697 sich
2501 1642 2561 1702 auf
2589 1645 2644 1705 dem
2694 1648 2915 1708 Krankenbett

2059 1676 2125 1736 auf
2148 1678 2191 1738 die
2214 1683 2341 1743 Frage,
2358 1686 2468 1746 warum
2513 1691 2546 1751 sie
2574 1693 2601 1753 so
2624 1696 2806 1756 gehandelt
2823 1701 2922 1761 habe,

2063 1724 2097 1784 sie
2127 1727 2207 1787 habe
2237 1730 2294 1790 das
2329 1733 2456 1793 Gefühl
2486 1739 2619 1799 gehabt,
2643 1743 2700 1803 daß
2735 1745 2799 1805 mit
2846 1748 2897 1808 dem

2059 1775 2197 1835 Abgang
2231 1780 2431 1840 Schnitzlers
2488 1787 2565 1847 alles
2616 1794 2804 1854 Wertvolle
2855 1797 2915 1857 aus

2053 1820 2140 1880 ihrem
2192 1826 2290 1886 Leben
2327 1832 2559 1892 entschwinde.

2070 1965 2295 2025 Ausschnitt
2317 1964 2405 2024 aus:

2297 2048 2441 2108 Lidové
2468 2036 2639 2096 Noviny,
2648 2027 2716 2087 Stu

2059 2191 2182 2251 vom:

2496 2251 2691 2311 3.NOV.
2722 2247 2779 2307 39

1943 2393 2331 2453 Sebevražda
2383 2399 2813 2459 Schnitzlerovy

1951 2489 2260 2549 přilelkyné

1979 2550 2027 2610 vd
2066 2552 2081 2612 -
2115 2555 2223 2615 Peit
2256 2555 2288 2615 2.
2310 2558 2549 2618 listopadu

1978 2605 2013 2665 Ze
2050 2606 2232 2666 zármutku
2269 2608 2329 2668 nad
2366 2609 2468 2669 smrti
2493 2608 2692 2668 spisovatele
2730 2614 2874 2674 Arthura
2912 2614 3117 2674 Schuitzlera
3154 2620 3196 2680 po

1938 2653 2044 2713 kusila
2081 2656 2113 2716 se
2145 2656 2160 2716 o
2198 2656 2404 2716 sebevraždu
2436 2656 2574 2716 otravou
2611 2659 2717 2719 mladá
2754 2660 2849 2720 divka
2887 2662 2897 2722 a
2934 2662 3034 2722 Velké
3072 2665 3209 2725 Kasyże

1942 2701 2022 2761 Irma
2055 2702 2315 2762 Nagelová.
2342 2706 2423 2766 Byla
2457 2707 2488 2767 ve
2521 2707 2619 2767 velmi
2641 2710 2836 2770 přátelském
2874 2713 3015 2773 poměru
3042 2712 3058 2772 k
3091 2710 3215 2770 zemře-

1944 2746 2025 2806 lému
2057 2746 2253 2806 básnikovi,
2269 2748 2361 2808 který
2392 2749 2511 2809 rovněž
2532 2752 2670 2812 pocházi
2691 2754 2701 2814 z
2733 2754 2830 2814 Velké
2862 2756 3016 2816 Kanyže,
3032 2755 3217 2815 Navětěvo-

1947 2789 2018 2849 vala
2045 2791 2132 2851 často
2163 2793 2364 2853 Schnitzlera
2395 2794 2410 2854 a
2436 2797 2626 2857 dopisovala
2658 2797 2688 2857 si
2715 2797 2724 2857 s
2756 2799 2838 2859 nim.
2874 2801 2967 2861 Sust
2988 2805 3095 2865 jejiho
3127 2803 3214 2863 sláv¬

1946 2835 2030 2895 ného
2057 2838 2173 2898 přitele
2200 2838 2231 2898 ji
2253 2838 2300 2898 tak
2332 2841 2464 2901 zdrtila,
2486 2841 2517 2901 že
2544 2842 2575 2902 se
2597 2844 2756 2904 rozhodla
2788 2844 2919 2904 zemřit.

2017 3041 2186 3101 Harakirl
2210 3041 2267 3101 pro
2297 3038 2384 3098 smrt
2403 3036 2536 3096 Artura
2566 3035 2805 3095 Schnitzlera.
2830 3035 2846 3095 V
2882 3035 2969 3095 Malé

1930 3086 2054 3146 Kanii
2076 3085 2097 3145 v
2130 3083 2325 3143 Madarsku
2358 3080 2510 3140 pokouse
2852 3080 2943 3140 8t

1927 3130 2029 3190 dcera
2066 3128 2288 3188 obchodníka
2325 3126 2417 3186 Irena
2455 3125 2630 3185 Nägelová
2677 3125 2697 3185 o
2744 3124 2960 3184 sebevraždu

1929 3174 2111 3234 otrávením
2155 3173 2169 3233 a
2199 3173 2263 3233 sice
2293 3171 2307 3231 v
2342 3170 2504 3230 dûsledku
2535 3170 2637 3230 smrti
2662 3167 2873 3227 spisovatele
2903 3170 2967 3230 Ar¬

1924 3218 1997 3278 tura
2035 3218 2274 3278 Schnitzlera,
2296 3215 2332 3275 se
2364 3215 2491 3275 kterým
2539 3214 2618 3274 byla
2651 3212 2873 3272 spřátelena.
2895 3212 2968 3272 Ro-

1925 3260 1997 3320 diče
2032 3262 2179 3322 děvčete
2213 3259 2360 3319 přistihli
2384 3259 2412 3319 je
2441 3256 2496 3316 při
2514 3256 2587 3316 činu
2622 3259 2633 3319 a
2667 3257 2820 3317 zavolali
2844 3260 2962 3320 rychle

1927 3305 2062 3365 lékaře,
2084 3305 2181 3365 který
2214 3304 2333 3364 doufá,
2355 3304 2392 3364 že
2420 3301 2604 3361 pacientku
2637 3301 2820 3361 zachrání.

2014 3358 2111 3418 Troji
2133 3358 2262 3418 vražda
2295 3355 2311 3415 v
2338 3355 2549 3415 Boryslavi.
2571 3355 2587 3415 V
2625 3356 2819 3416 Boryslavi
2841 3355 2857 3415 v
2890 3355 2965 3415 Ha-

1927 3406 1983 3466 liči
2004 3406 2148 3466 úředník
2180 3403 2304 3463 Klusák
2335 3403 2376 3463 na
2408 3401 2490 3461 ulici
2511 3400 2671 3460 zastřelil
2718 3400 2821 3460 včera
2873 3403 2955 3463 svou

1924 3448 2052 3508 18letou
2089 3446 2233 3506 nevéstu
2271 3448 2285 3508 a
2317 3447 2378 3507 jeji
2399 3445 2534 3505 sestru,
2575 3445 2637 3505 pak
2695 3445 2751 3505 šel
2777 3445 2818 3505 do
2850 3445 2958 3505 svého

1920 3495 2004 3555 bytu
2040 3492 2055 3552 a
2090 3492 2230 3552 usmrtil
2281 3489 2437 3549 několika
2472 3489 2612 3549 ranami
2638 3489 2723 3549 svou
2759 3490 2964 3550 hospodyni

1920 3540 1934 3600 a
1965 3540 2004 3600 na
2040 3539 2145 3599 konec
2181 3536 2326 3596 spáchal
2352 3534 2447 3594 touže
2482 3534 2607 3594 zbraní
2628 3534 2874 3594 sebevraždu.
2894 3534 2954 3594 Jak

1923 3582 1951 3642 se
1986 3582 2070 3642 zdá,
2093 3585 2245 3645 spáchal
2268 3582 2403 3642 strašný
2444 3582 2528 3642 svůj
2545 3582 2595 3642 čin
2630 3582 2646 3642 v
2681 3582 2855 3642 záchvatu
2907 3581 2963 3641 ši-

1921 3630 2075 3690 lenstvi.

2202 3788 2400 3848 VIBENOGÉ
2428 3794 2627 3854 DÉINICKE
2654 3806 2766 3866 LISTY

2388 3973 2422 4033 3
2467 3978 2597 4038 NOV.
2615 3988 2728 4048 1
