3392 4320
643 151 678 211 e
705 148 740 208 a

397 211 542 271 WIEN,
569 209 618 269 I.,
644 206 930 266 WOLLZEILE
975 201 1019 261 11

488 260 707 320 TELEPHON
743 253 918 313 R-23-0-43

294 407 519 467 Ausschnitt
546 399 635 459 aus:

305 624 423 684 vom:

572 665 1056 725 ABENDAUSGABE

703 847 838 907 23.0

1256 864 1905 924 NGSBLATT
1999 864 2244 924 DER
2350 857 3155 917 VOSSISCHEN
3261 855 3298 915 ?

1497 952 1734 1012 NUMMER
1773 952 1829 1012 249
1930 951 2218 1011 FREITAG,
2238 952 2300 1012 23.
2319 948 2582 1008 OKTOBER
2621 945 2701 1005 1931

1528 1178 1711 1238 Literatur.
1744 1176 1814 1236 Und
1842 1178 1895 1238 von
1928 1178 2014 1238 einer
2037 1176 2264 1236 Studienreise
2291 1175 2356 1235 nach
2383 1175 2529 1235 England
2557 1172 2681 1232 erzählt

2997 1184 3126 1244 Die
3179 1184 3308 1244 Bei

344 1202 479 1262 Dr.
510 1205 694 1265 med.
734 1205 1016 1265 Arthur
1066 1201 1436 1261 Schnitzler

1525 1225 1554 1285 er
1590 1226 1615 1286 in
1656 1225 1757 1285 seiner
1788 1225 2021 1285 medizinischen
2057 1225 2239 1285 Zeitschrift
2264 1222 2381 1282 bereits
2417 1222 2441 1282 in
2482 1221 2568 1281 einer
2599 1219 2684 1279 ganz

2759 1268 2935 1328 Eigene
2968 1267 3183 1327 Meldung
3203 1267 3287 1327 der

1063 1275 1670 1335 anderen
1700 1273 1860 1333 Sprache,
1882 1270 1931 1330 als
1962 1271 2021 1331 das
2047 1270 2217 1330 Fachblatt
2243 1270 2283 1330 sie
2308 1268 2393 1328 sonst
2419 1266 2504 1326 wohl
2534 1264 2684 1324 gewohnt

884 1293 949 1353 Non

1529 1320 1612 1380 war:
1637 1323 1696 1383 „In
1731 1321 1779 1381 den
1820 1321 1937 1381 meisten
1972 1317 2114 1377 Sälen“,
2134 1318 2222 1378 heißt
2242 1318 2276 1378 es
2306 1317 2330 1377 in
2365 1315 2468 1375 seinem
2513 1313 2680 1373 Londoner

671 1356 750 1416 DR.
763 1357 928 1417 JOSEF
959 1354 1136 1414 LOBEL

1530 1364 1645 1424 Brief,
1665 1365 1755 1425 „auch
1791 1363 1816 1423 in
1851 1363 1906 1423 den
1942 1362 1997 1422 für
2027 1360 2077 1420 den
2114 1360 2279 1420 Empfang
2310 1359 2364 1419 der
2390 1356 2671 1416 ambulatorischen

2779 1390 2840 1450 Die
2871 1396 3111 1456 Beiletzung
3158 1389 3328 1449 Schnitlo¬

1534 1409 1675 1469 Kranken
1716 1409 1906 1469 lostimmten
1946 1407 2093 1467 Räumen
2133 1407 2240 1467 finden
2280 1406 2328 1466 sich
2364 1402 2397 1462 an
2442 1404 2490 1464 den
2536 1403 2672 1463 Wänden

2728 1440 2819 1500 Weise
2847 1437 2928 1497 statt,
2945 1437 2971 1497 so
3005 1436 3053 1496 wie
3081 1434 3113 1494 er
3141 1436 3167 1496 es
3201 1434 3336 1494 gewünsch

337 1441 494 1501 Arthur
526 1445 695 1505 Schnitzler
728 1443 796 1503 war
822 1445 904 1505 nicht
942 1442 1004 1502 wie
1030 1443 1061 1503 so
1094 1443 1175 1503 viele
1201 1442 1320 1502 andere
1352 1440 1490 1500 Dichter,

1530 1455 1592 1515 und
1623 1458 1726 1518 Türen
1773 1455 2011 1515 Bibelsprüche,
2043 1454 2089 1514 die
2126 1453 2182 1513 auf
2214 1453 2265 1513 die
2297 1452 2488 1512 Stimmung
2530 1451 2581 1511 der
2618 1445 2684 1505 Pa¬

2726 1482 2773 1542 der
2803 1481 2884 1541 Sarg
2914 1481 2937 1541 im
2976 1479 3227 1539 Arbeitszimmer
3251 1478 3328 1538 stand

329 1492 391 1552 Die
421 1495 478 1555 zum
519 1490 668 1550 Beispiel
692 1494 841 1554 Schiller,
870 1493 933 1553 nur
963 1493 1094 1553 zufällig
1124 1491 1187 1551 und
1216 1491 1377 1551 nebenbei
1401 1488 1492 1548 Arzt.

1524 1506 1644 1566 tienten
1682 1505 1766 1565 einen
1804 1503 1887 1563 mehr
1920 1501 1990 1561 oder
2023 1503 2144 1563 minder
2173 1500 2424 1560 ermunternden
2462 1498 2615 1558 Eindruck
2644 1495 2671 1555 zu

2726 1526 2797 1586 Tuch
2827 1526 2879 1586 und
2908 1524 3071 1584 geschmückt
3100 1521 3152 1581 nur
3182 1521 3234 1581 mit
3258 1521 3311 1581 wen

330 1541 399 1601 Den
440 1542 680 1602 Schriftsteller,
705 1544 760 1604 den
801 1542 890 1602 neben
932 1542 986 1602 dem
1032 1542 1146 1602 Thema
1187 1541 1237 1601 der
1282 1538 1372 1598 Liebe
1418 1536 1477 1596 kein

1533 1551 1606 1611 üben
1639 1554 1786 1614 imstande
1813 1552 1898 1612 sind.
1930 1548 1971 1608 Es
1999 1550 2067 1610 läßt
2088 1550 2131 1610 sich
2163 1548 2305 1608 sicherlich
2327 1548 2427 1608 nichts
2454 1545 2586 1605 dagegen
2618 1543 2686 1603 ein¬

2729 1569 2807 1629 Sohn
2837 1566 2970 1626 Heinrich
2995 1566 3152 1626 Schnitzler
3177 1566 3230 1626 und
3255 1566 3304 1626 zur

325 1589 460 1649 anderes
492 1590 633 1650 Problem
674 1589 846 1649 zeitlebens
877 1589 902 1649 so
927 1590 1129 1650 beschäftigte
1155 1587 1211 1647 wie
1237 1587 1292 1647 das
1317 1586 1373 1646 des
1399 1584 1494 1644 Ster¬

1529 1601 1681 1661 wenden,
1701 1602 1789 1662 wenn
1824 1599 1878 1659 der
1903 1599 2025 1659 Kranke
2055 1599 2084 1659 zu
2120 1598 2198 1658 lesen
2233 1596 2389 1656 bekommt
2420 1595 2503 1655 „Tut
2528 1593 2680 1653 einander

2734 1610 2839 1670 Julius
2870 1610 3022 1670 Schnitzler
3052 1607 3128 1667 Karl
3152 1610 3334 1670 Schönherr,

329 1636 427 1696 bens,
447 1637 678 1697 interessierten
713 1637 850 1697 dauernd
880 1637 943 1697 auch
973 1635 1032 1695 alle
1058 1637 1199 1697 Fragen,
1219 1634 1269 1694 die
1294 1634 1347 1694 mit
1372 1632 1494 1692 Krank¬

1535 1646 1659 1706 Gutes“
1695 1648 1755 1708 und
1796 1646 1865 1706 auch
1896 1646 1951 1706 dem
1997 1646 2137 1706 Spruche
2172 1642 2262 1702 „Wen
2303 1642 2353 1702 der
2388 1641 2468 1701 Herr
2504 1640 2594 1700 liebt,
2625 1638 2674 1698 den

2734 1655 2876 1715 Hofmann
2906 1652 2959 1712 und
2989 1652 3072 1712 Felix
3102 1649 3224 1709 Salten.

330 1685 396 1745 heit
428 1685 489 1745 und
526 1685 608 1745 ihrer
639 1685 783 1745 Heilung
814 1685 1144 1745 zusammenhingen,
1170 1682 1226 1742 mit
1258 1681 1309 1741 der
1341 1679 1484 1739 Medizin

1538 1697 1667 1757 züchtigt
1701 1695 1770 1755 er",
1798 1694 1868 1754 kann
1912 1693 1976 1753 eine
2009 1691 2133 1751 gewisse
2166 1691 2317 1751 Wirkung
2350 1689 2410 1749 auf
2437 1688 2615 1748 Gemüter,
2637 1685 2685 1745 die

2763 1694 2823 1754 Der
2854 1696 2932 1756 Sarg
2963 1694 3067 1754 langte
3098 1694 3157 1754 kurz
3189 1694 3255 1754 nach
3280 1694 3310 1754 12

326 1734 409 1794 und,
435 1733 468 1793 da
503 1732 537 1792 er
567 1730 611 1790 ein
651 1733 808 1793 Gestalter
843 1732 927 1792 war,
952 1730 1015 1790 mit
1040 1728 1094 1788 den
1129 1730 1355 1790 Medizinern.
1404 1727 1473 1787 Vom

2727 1739 2824 1799 tischen
2861 1736 2928 1796 Teil
2954 1736 3005 1796 des
3038 1736 3306 1796 Zentralfriedhofs

1535 1744 1583 1804 für
1616 1742 1697 1802 diese
1730 1742 1794 1802 Art
1827 1741 1881 1801 von
1920 1740 2141 1800 Schmeichelei
2163 1738 2374 1798 empfänglich
2413 1736 2493 1796 sind,
2521 1734 2602 1794 nicht
2629 1731 2688 1791 ab¬

330 1781 572 1841 „Paracelsus“
608 1780 680 1840 über
711 1781 767 1841 den
804 1778 994 1838 „Professor
1026 1778 1206 1838 Berhardi“
1242 1778 1288 1838 bis
1320 1778 1350 1838 zu
1392 1775 1489 1835 „Dok¬

2731 1783 2836 1843 danten
2870 1781 3086 1841 Schneiderhan
3120 1781 3183 1841 sehr
3212 1781 3298 1841 große

1532 1790 1713 1850 gesprochen
1751 1790 1894 1850 werden;
1923 1786 2008 1846 wenn
2042 1784 2075 1844 es
2109 1786 2194 1846 einem
2237 1786 2380 1846 Kranken
2418 1784 2513 1844 jedoch
2547 1781 2604 1841 mit
2633 1781 2685 1841 ge¬

2726 1822 2775 1882 des
2800 1825 2943 1885 Theaters
2973 1822 2998 1882 in
3028 1824 3077 1884 der
3103 1824 3290 1884 Josephstadt
3310 1823 3324 1883 u

325 1827 379 1887 tor
410 1825 571 1885 Gräsler,
597 1828 778 1888 Badearzt“
814 1826 874 1886 sind
910 1824 1025 1884 Aerzte
1056 1822 1106 1882 die
1137 1823 1348 1883 Titelfiguren
1389 1822 1489 1882 seiner

1545 1837 1687 1897 waltigen
1734 1834 1918 1894 Buchstaben
1966 1833 2239 1893 entgegendräut:
2276 1832 2370 1892 „Wer
2408 1829 2581 1889 gesündigt
2618 1828 2686 1888 hat,

2731 1870 2866 1930 harrten.
2918 1867 3011 1927 Stark
3045 1866 3185 1926 vertreten
3223 1867 3330 1927 ward

335 1874 444 1934 Stücke
475 1875 535 1935 und
570 1875 796 1935 Erzählungen
837 1873 972 1933 gewesen
1013 1871 1072 1931 und
1108 1871 1168 1931 fast
1193 1872 1218 1932 in
1259 1871 1344 1931 jedem
1390 1870 1489 1930 seiner

1538 1887 1604 1947 muß
1630 1885 1789 1945 sierben“,
1811 1886 1836 1946 so
1862 1884 1939 1944 wird
1960 1882 1990 1942 er
2017 1882 2135 1942 daraus
2161 1880 2207 1940 bei
2233 1878 2372 1938 genauer
2398 1878 2681 1938 Berücksichtigung

2731 1910 2807 1970 viele
2832 1911 3033 1971 Bewunderer
3063 1911 3235 1971 Schnitzlers
3265 1909 3332 1969 umf

333 1923 437 1983 Werke
463 1921 563 1981 treten
599 1923 784 1983 Mediziner
815 1921 889 1981 auf,
910 1921 1005 1981 gute,
1026 1921 1181 1981 schlechte,
1202 1918 1407 1978 anständige,
1433 1918 1467 1978 un

1538 1933 1635 1993 seiner
1668 1931 1846 1991 bisherigen
1884 1927 2154 1987 Lebensführung
2187 1927 2278 1987 wohl
2322 1927 2386 1987 nur
2436 1927 2532 1987 selten
2592 1922 2678 1982 einen

2723 1956 2807 2016 einem
2853 1955 2947 2015 kurzen
2982 1954 3081 2014 Gebet
3107 1951 3225 2011 Arthur
3256 1954 3325 2014 Schn

330 1973 540 2033 anständige,
586 1972 682 2032 eitle,
733 1972 863 2032 dumme
899 1968 965 2028 und
1006 1967 1096 2027 kluge
1132 1964 1141 2024 —
1208 1966 1263 2026 wie
1303 1966 1328 2026 im
1379 1966 1494 2026 Leben.

1541 1981 1662 2041 wahren
1696 1983 1756 2043 und
1784 1980 1965 2040 bleibenden
1994 1978 2087 2038 Trost
2110 1978 2242 2038 schöpfen
2276 1975 2435 2035 können“.

2732 1999 2850 2059 wurde.
2892 1998 2943 2058 Die
2975 1996 3145 2056 Regierung
3177 1996 3254 2056 hatte
3286 1996 3337 2056 nur

333 2020 422 2080 Denn
454 2019 543 2079 stets,
559 2019 627 2079 auch
654 2019 680 2079 im
718 2018 838 2078 Leben,
855 2017 907 2077 hat
928 2017 1054 2077 Arthur
1076 2014 1244 2074 Schnitzler
1287 2014 1323 2074 en
1350 2012 1492 2072 Kontakt

2732 2043 2779 2103 den
2812 2040 3062 2100 Gesandtschaften
3094 2040 3131 2100 sah
3164 2038 3221 2098 man
3254 2037 3344 2097 niemd

1584 2046 1745 2106 Ungefähr
1782 2045 1841 2105 mit
1873 2044 1908 2104 30
1945 2043 2065 2103 Jahren
2108 2040 2234 2100 schreibt
2271 2037 2439 2097 Schnitzler
2476 2039 2530 2099 zum
2578 2037 2680 2097 letzten

327 2067 388 2127 mit
420 2067 471 2127 der
503 2067 678 2127 Heilkunde
715 2066 777 2126 und
809 2064 896 2124 ihren
933 2061 1124 2121 Vertretern
1161 2061 1306 2121 aufrecht
1332 2061 1497 2121 gehalten.

2736 2085 2768 2145 an
2795 2085 2892 2145 Stelle
2919 2085 2957 2145 des
2990 2085 3146 2145 erkrankten
3179 2082 3316 2142 Bürgerm

1540 2097 1627 2157 Male
1658 2094 1683 2154 im
1731 2093 1963 2153 medizinischen
1999 2091 2185 2151 Fachblatt,
2212 2087 2268 2147 und
2304 2086 2387 2146 zwar
2423 2085 2490 2145 eine
2521 2084 2691 2144 Silvester¬

331 2115 375 2175 Er
397 2116 469 2176 muß
491 2117 541 2177 bis
563 2116 590 2176 in
619 2115 662 2175 die
685 2115 767 2175 letzte
790 2114 861 2174 Zeit
879 2112 922 2172 sich
950 2112 1011 2172 mit
1028 2112 1259 2172 medizinischen
1293 2108 1492 2168 Neuerschei¬

2736 2130 2867 2190 Tandler
2895 2128 3075 2188 gekommen.

1538 2144 1764 2204 betrachtung,
1796 2142 1821 2202 in
1869 2140 1991 2200 welcher
2034 2138 2085 2198 der
2121 2137 2245 2197 spätere
2287 2135 2390 2195 Autor
2432 2133 2482 2193 des
2524 2132 2689 2192 Professor

333 2165 460 2225 nungen
497 2163 676 2223 beschäftigt
703 2162 825 2222 haben,
847 2159 904 2219 und
936 2158 978 2218 ich
1005 2159 1073 2219 war
1100 2158 1185 2218 nicht
1207 2157 1306 2217 wenig
1339 2154 1502 2214 erstaunt,

2772 2180 2844 2240 Mit
2867 2180 2975 2240 einigen
3013 2181 3166 2241 Schaufeln
3196 2178 3275 2238 Erde
3298 2179 3326 2239 oh

1538 2191 1728 2251 Bernhardi
1754 2189 1849 2249 unter
1879 2189 2015 2249 anderem
2061 2184 2176 2244 bittere
2207 2184 2317 2244 Worte
2348 2182 2423 2242 über
2453 2179 2689 2239 konfessionelle

333 2214 394 2274 aus
426 2211 512 2271 einem
554 2211 729 2271 Gespräch,
750 2208 801 2268 das
827 2208 868 2268 ich
899 2207 955 2267 vor
981 2205 1063 2265 zwei
1084 2206 1202 2266 Jahren
1244 2205 1300 2265 mit
1326 2204 1372 2264 ihm
1414 2202 1490 2262 über

2732 2227 2820 2287 sang-
2852 2225 2909 2285 und
2940 2225 3097 2285 klanglos,
3118 2222 3201 2282 schied
3238 2222 3316 2282 einer

1544 2239 1808 2299 Unduldsamkeit
1830 2237 1944 2297 findet.
1982 2234 2090 2294 Dieser
2118 2233 2198 2293 letzte
2226 2231 2355 2291 Aufsatz
2373 2229 2426 2289 des
2454 2228 2680 2288 medizinischen

333 2258 618 2318 Herzkrankheiten
655 2258 777 2318 führte,
804 2257 829 2317 zu
868 2255 1078 2315 entnehmen,
1106 2254 1158 2314 wie
1185 2252 1327 2312 geläufig
1360 2251 1407 2311 ihm
1450 2247 1496 2307 die

2774 2274 2812 2334 In
2841 2273 2930 2333 seinem
2975 2270 3143 2330 Testament
3166 2270 3215 2330 hat
3239 2267 3333 2327 Schni

1540 2288 1777 2348 Schriftstellers
1815 2282 1940 2342 Arthur
1967 2282 2135 2342 Schnitzler
2168 2279 2205 2339 ist
2227 2276 2345 2336 bereits
2373 2276 2459 2336 ganz
2487 2273 2599 2333 erfüllt
2627 2273 2686 2333 von

329 2308 527 2368 modernsten
576 2305 833 2365 Anschauungen
883 2303 947 2363 und
997 2303 1155 2363 Theorien
1205 2300 1307 2360 dieser
1353 2294 1495 2354 Materie

2740 2318 2905 2378 Verwalter
2941 2315 2986 2375 des
3022 2314 3213 2374 literarischen
3254 2312 3324 2372 Nach

1543 2330 1629 2390 jener
1656 2332 1828 2392 ironischen
1867 2330 2093 2390 Melancholie,
2120 2326 2173 2386 von
2212 2325 2265 2385 dem
2309 2324 2486 2384 skeptischen
2525 2321 2691 2381 Pessimis¬

330 2356 456 2416 waren,
493 2354 624 2414 obgleich
666 2353 706 2413 sie
742 2353 859 2413 lange,
890 2350 986 2410 lange
1027 2348 1098 2408 nach
1144 2347 1246 2407 seiner
1287 2345 1500 2405 Studienzeit

2738 2359 2814 2419 wird
2841 2359 2884 2419 ihm
2923 2357 3021 2417 dabei,
3043 2357 3086 2417 dem
3125 2354 3245 2414 Wunsch
3272 2354 3320 2414 des

1546 2381 1619 2441 nus,
1643 2383 1693 2443 der
1717 2381 1767 2441 dem
1808 2381 1933 2441 Dichter
1956 2378 2081 2438 eignet.
2116 2373 2161 2433 Es
2184 2372 2263 2432 gäbe
2287 2372 2446 2432 vielleicht
2463 2371 2565 2431 genug
2595 2371 2685 2431 große

338 2403 425 2463 durch
451 2402 646 2462 Wenckebach
673 2401 734 2461 und
766 2399 848 2459 seine
874 2399 987 2459 Schule
1013 2399 1069 2459 erst
1090 2397 1240 2457 Eingang
1271 2395 1296 2455 in
1328 2393 1373 2453 die
1400 2395 1497 2455 Herz¬

2735 2405 3078 2465 Beer=Hofmann
3139 2402 3192 2462 zur
3242 2397 3328 2457 Seite

1575 2428 1672 2488 rzte,
1696 2428 1788 2488 heißt
1812 2428 1846 2488 es
1876 2428 1991 2488 darin,
2038 2423 2112 2483 aber
2159 2423 2251 2483 sicher
2298 2421 2361 2481 nur
2414 2423 2541 2483 wenige
2593 2421 2691 2481 große

2737 2445 2878 2505 Sichtung
2912 2443 2993 2503 ergab
3021 2441 3080 2501 eine
3108 2440 3276 2500 ungeheure
3304 2440 3314 2500 A

339 2452 524 2512 pathologie
551 2447 709 2507 gefunden
748 2446 872 2506 hatten.

1543 2479 1603 2539 Me
1617 2479 1732 2539 ischen.

2737 2488 2845 2548 fanden
2894 2488 2942 2548 sich
2992 2485 3315 2545 Novellenfragmente,

383 2515 533 2575 Verband
566 2515 614 2575 die
642 2515 771 2575 Lektüre
804 2512 976 2572 Schnitzler
1009 2512 1068 2572 mit
1095 2512 1143 2572 der
1176 2510 1337 2570 Medizin,
1365 2508 1391 2568 so
1424 2506 1494 2566 ver¬

1586 2540 1646 2600 Der
1681 2543 1732 2603 das
1768 2542 1983 2602 geschrieben,
2001 2538 2061 2598 hat
2088 2536 2243 2596 vielleicht
2270 2536 2347 2596 nicht
2374 2538 2407 2598 zu
2443 2538 2528 2598 jenen
2573 2533 2649 2593 viels
2737 2530 3031 2590 Sekundant",
3049 2527 3109 2587 auch
3136 2527 3212 2587 Teile
3239 2527 3316 2587 eines

333 2568 456 2628 banden
493 2566 538 2626 ihn
570 2564 678 2624 älteste
704 2562 966 2622 Freundschaften
1003 2561 1064 2621 mit
1085 2559 1136 2619 den
1173 2558 1404 2618 Medizinern;
1425 2554 1492 2614 noch

2739 2577 2877 2637 gedehnte
2901 2574 3084 2634 Sammlung
3130 2572 3183 2632 von
3230 2570 3336 2630 Aphor

1546 2593 1628 2653 sicher
1664 2593 1735 2653 aber
1771 2592 1800 2652 zu
1836 2590 1937 2650 diesen
1979 2590 2114 2650 wenigen
2157 2587 2286 2647 gehört.

330 2614 425 2674 heute
451 2612 537 2672 läuft
563 2610 587 2670 in
623 2610 709 2670 Wien
740 2609 932 2669 mindestens
968 2608 1009 2668 ein
1045 2608 1257 2668 Halbdutzend
1288 2605 1369 2665 alter
1395 2601 1505 2661 Medi¬

335 2662 499 2722 zinalräte
531 2660 659 2720 umher,
680 2658 737 2718 von
773 2657 871 2717 denen
902 2655 989 2715 jeder
1021 2655 1066 2715 die
1098 2653 1180 2713 Ehre
1212 2652 1263 2712 für
1294 2653 1340 2713 sich
1372 2651 1397 2711 in
1428 2648 1500 2708 An¬

341 2712 443 2772 spruch
475 2709 609 2769 nimmt,
630 2705 805 2765 seinerzeit
826 2703 877 2763 das
908 2703 1047 2763 Vorbild
1074 2703 1130 2763 zum
1172 2700 1300 2760 Anatol
1322 2698 1491 2758 abgegeben

340 2762 370 2822 zu
407 2757 499 2817 haben
535 2755 597 2815 und
629 2754 721 2814 selbst
747 2754 767 2814 in
804 2754 855 2814 des
887 2751 1030 2811 Dichters
1057 2748 1180 2808 engster
1206 2749 1345 2809 Familie
1377 2747 1443 2807 gibt
1464 2742 1495 2802 es

333 2805 435 2865 nichts
493 2804 544 2864 als
581 2802 715 2862 Aerzte.
767 2799 834 2859 Der
871 2800 1042 2860 Schwager
1094 2798 1135 2858 ist
1187 2794 1238 2854 der
1275 2796 1497 2856 Laryngologe

340 2853 404 2913 Dr.
430 2852 596 2912 Hajek,
622 2848 677 2908 der
708 2846 839 2906 Bruder
870 2848 960 2908 einer
996 2844 1046 2904 der
1077 2843 1319 2903 bekanntesten,
1345 2841 1505 2901 nebenbei

343 2897 394 2957 der
430 2899 625 2959 geistreichste
662 2897 724 2957 und
766 2897 904 2957 witzigste
941 2895 1069 2955 Wiener
1105 2891 1244 2951 Chirurg
1286 2891 1347 2951 und
1384 2888 1502 2948 Blind¬

339 2948 598 3008 darmspezialist
631 2945 794 3005 Professor
827 2945 1000 3005 Julius
1033 2941 1282 3001 Schnitzler
1315 2938 1380 2998 und
1418 2935 1494 2995 schon

340 2996 396 3056 der
433 2997 550 3057 Vater,
577 2993 762 3053 Johann
804 2992 1082 3052 Schnitzler,
1114 2987 1180 3047 war
1217 2984 1376 3044 Vorstand
1413 2984 1500 3044 einer

347 3046 519 3106 Abteilung
552 3044 589 3104 an
627 3042 680 3102 der
708 3041 923 3101 Allgemeinen
961 3038 1138 3098 Poliklinik
1166 3034 1187 3094 in
1225 3033 1311 3093 Wien
1344 3035 1505 3095 gewesen.

385 3109 454 3169 Von
493 3110 535 3170 ihm
585 3109 616 3169 ist
644 3109 768 3169 Arthur
796 3107 969 3167 Schnitzler
997 3106 1077 3166 nicht
1105 3104 1169 3164 nur
1196 3100 1413 3160 medizinisch,
1435 3098 1504 3158 son¬

343 3160 411 3220 dern
454 3161 522 3221 auch
554 3160 760 3220 publizistisch
792 3156 902 3216 erblich
935 3156 1082 3216 belastet.
1109 3151 1182 3211 War
1215 3148 1267 3208 der
1299 3148 1399 3208 Vater
1431 3147 1499 3207 doch

343 3208 568 3268 Herausgeber
599 3207 653 3267 der
684 3204 834 3264 „Wiener
865 3202 1100 3262 medizinischen
1141 3195 1286 3255 Presse“,
1312 3196 1336 3256 in
1377 3195 1497 3255 welcher

340 3255 414 3315 auch
446 3255 572 3315 Arthur
599 3252 774 3312 Schnitzler
801 3250 1065 3310 schriftstellerisch
1098 3246 1298 3306 debütierte,
1320 3243 1383 3303 und
1421 3241 1499 3301 zwar

340 3304 425 3364 nicht
455 3303 520 3363 mit
551 3302 606 3362 dem
657 3300 857 3360 „Anatole“,
883 3300 1019 3360 sondern
1065 3297 1125 3357 mit
1156 3294 1245 3354 einer
1281 3288 1497 3348 Besprechung

348 3354 404 3414 von
440 3351 574 3411 Riegers
605 3348 795 3408 „Grundriß
821 3346 872 3406 der
898 3345 1134 3405 medizinischen
1166 3341 1479 3401 Elektrizitätslehre

346 3403 411 3463 und
436 3400 526 3460 einem
568 3394 693 3454 Bericht
719 3398 794 3458 über
826 3394 911 3454 „Das
937 3393 1118 3453 chlorsaure
1149 3390 1259 3450 Kali“.

390 3465 476 3525 Sehr
509 3464 579 3524 bald
612 3463 687 3523 aber
716 3463 932 3523 beschäftigten
970 3461 1040 3521 auch
1074 3457 1127 3517 den
1165 3457 1349 3517 Mediziner
1383 3453 1506 3513 Arthur

346 3515 514 3575 Schnitzler
541 3512 699 3572 Themen,
721 3509 762 3569 die
789 3511 873 3571 mehr
900 3509 947 3569 für
974 3507 1026 3567 den
1058 3505 1184 3565 Dichter
1206 3501 1400 3561 interessant
1422 3499 1505 3559 sind:

346 3565 424 3625 statt
451 3563 524 3623 über
557 3559 752 3619 chlorsaures
784 3557 863 3617 Kali
889 3556 1016 3616 schreibt
1043 3554 1074 3614 er
1106 3554 1216 3614 immer
1249 3551 1396 3611 häufiger
1428 3547 1501 3607 über

346 3613 400 3673 das
436 3608 702 3668 Nervensystem,
723 3605 954 3665 Neurasthenie
990 3602 1050 3662 und
1085 3601 1241 3661 Hysterie,
1266 3597 1341 3657 über
1372 3596 1507 3656 Hypno¬

337 3661 485 3721 tismus,
530 3655 747 3715 Suggestion,
797 3651 1201 3711 Gedankenübertragung
1261 3644 1320 3704 und
1380 3644 1512 3704 Psycho¬

346 3708 511 3768 therapie.
567 3702 864 3762 Erwähnenswert
900 3699 935 3759 ist
971 3698 1066 3758 dabei
1102 3695 1182 3755 seine
1218 3692 1415 3752 Sympathie
1455 3691 1505 3751 für

343 3757 575 3817 Sigmund
612 3751 793 3811 Freud,
819 3749 917 3809 dessen
954 3745 1222 3805 Uebersetzungen
1264 3740 1331 3800 nach
1368 3739 1507 3799 Charcot

342 3804 406 3864 und
441 3802 608 3862 Bernheim
658 3797 687 3857 er
722 3796 983 3856 ausgezeichnet,
1008 3794 1037 3854 ja
1072 3791 1274 3851 meisterhaft
1304 3788 1412 3848 findet
1442 3786 1505 3846 und

346 3853 480 3913 gradezu
521 3848 789 3908 richtunggebend
826 3842 877 3902 für
914 3842 1104 3902 Schnitzlers
1136 3837 1357 3897 Entwicklung
1394 3835 1507 3895 scheint

353 3900 432 3960 seine
485 3895 739 3955 Beschäftigung
797 3891 861 3951 mit
909 3888 1162 3948 Krafft=Ebings
1221 3885 1284 3945 und
1343 3881 1506 3941 Schusters

352 3945 475 4005 Werken
508 3945 583 4005 über
610 3942 745 4002 sexuelle
772 3939 960 3999 Pathologie
993 3936 1052 3996 und
1085 3934 1311 3994 Psychopathie
1333 3932 1494 3992 geworden

347 4004 378 4064 zu
417 3997 502 4057 sein.
552 3994 681 4054 Immer
714 3990 886 4050 deutlicher
913 3985 1112 4045 überwiegen
1156 3981 1231 4041 über
1264 3981 1312 4041 die
1339 3980 1495 4040 fachlichen

347 4049 400 4109 die
428 4044 632 4104 allgemeinen
665 4038 874 4098 literarischen
907 4033 1182 4093 Gesichtspunkte,
1205 4029 1269 4089 und
1296 4027 1344 4087 als
1372 4027 1404 4087 er
1431 4025 1506 4085 über

352 4094 401 4154 des
435 4091 601 4151 Schweden
635 4088 778 4148 Ribbing
806 4085 889 4145 Buch
917 4084 999 4144 „Die
1028 4082 1155 4142 sexuelle
1183 4079 1327 4139 Hygiene
1355 4074 1415 4134 und
1443 4073 1509 4133 ihre

344 4144 493 4204 ethischen
538 4138 814 4198 Konsequenzen“
848 4133 1013 4193 berichtet,
1042 4130 1119 4190 wird
1164 4127 1257 4187 dieses
1296 4124 1434 4184 Referat
1468 4123 1495 4183 zu

355 4191 429 4251 Aa
470 4190 692 4250 nnglen
722 4178 1053 4238 inanern
1100 4183 1185 4243 iler
1226 4175 1443 4235 unulte
