3392 4352
230 270 358 330 12.
410 277 1013 337 Schnitzler's
1075 280 1305 340 Death

1533 285 1657 345 box
1736 288 1923 348 42/7

204 1380 384 1440 bemerkbar
406 1383 554 1443 werden,
571 1383 676 1443 zehren

223 1426 271 1486 die
303 1427 404 1487 Blüte
431 1428 521 1488 ihres
554 1428 676 1488 ewigen

208 1472 384 1532 kriegszeit
410 1474 524 1534 fangen
555 1473 617 1533 an,
633 1473 684 1533 alt

206 1516 244 1576 n,
261 1515 314 1575 den
353 1518 380 1578 so
407 1516 472 1576 sehr
500 1515 684 1575 Empfind¬

209 1561 423 1621 ergeglitten.
459 1559 678 1619 Erinnerung

223 1603 290 1663 mit
312 1604 463 1664 Haltung
495 1604 672 1664 Alternden

195 1646 233 1706 ich
267 1648 317 1708 dem
368 1649 462 1709 Krieg
502 1652 557 1712 zur
586 1650 680 1710 Reife

202 1693 280 1753 nen,
301 1694 431 1754 kranken
469 1696 599 1756 Zauber
631 1694 683 1754 der

197 1737 244 1797 Sie
271 1737 372 1797 haben
411 1739 501 1799 ihren
544 1739 672 1799 eigenen

189 1782 290 1842 bliker
315 1783 415 1843 fremd
446 1783 511 1843 und
536 1783 600 1843 fern
632 1783 684 1843 ist,

194 1828 284 1888 deilen
327 1828 400 1888 noch
439 1830 491 1890 zum
545 1828 677 1888 Muster

200 1871 286 1931 delste
314 1872 558 1932 Repräsentani
585 1871 671 1931 einer

198 1915 257 1975 bird
290 1917 338 1977 oft
367 1918 437 1978 noch
465 1918 676 1978 wiederkom¬

197 1959 253 2019 und
284 1960 356 2020 zart
382 1961 438 2021 und
470 1960 619 2020 traurig,
640 1961 665 2021 in

188 2004 251 2064 ls.
289 2004 378 2064 Aber
405 2004 521 2064 wieder
548 2004 675 2064 einmal

189 2049 327 2109 solange
357 2049 391 2109 es
426 2049 473 2109 ein
514 2049 670 2109 deutsches

236 2093 320 2153 diese
363 2094 496 2154 Szenen
545 2094 671 2154 Arthur

213 2137 326 2197 längst
350 2138 428 2198 schon
470 2138 554 2198 sind,
578 2138 674 2198 unter

192 2182 302 2242 Farben
342 2180 541 2240 verblichen.
586 2183 669 2243 Noch

192 2225 241 2285 m;
264 2225 336 2285 aber
359 2227 392 2287 es
420 2228 459 2288 ist
476 2228 559 2288 nicht
577 2226 670 2286 unser

216 2270 364 2330 wenige,
391 2271 433 2331 ein
477 2273 577 2333 Stück
609 2270 667 2330 von

186 2315 219 2375 en
248 2315 391 2375 gespielt
414 2315 494 2375 wird
523 2311 539 2371 —
598 2315 677 2375 nicht

189 2356 232 2416 fur
260 2359 352 2419 noch,
374 2359 428 2419 für
456 2359 597 2419 wenige,
620 2359 662 2419 ein

192 2402 242 2462 rer
271 2402 448 2462 Zeitseele.
489 2404 591 2464 Liebe
620 2404 676 2464 hat

186 2451 221 2511 st;
240 2449 287 2509 die
311 2449 448 2509 Formen
485 2449 532 2509 der
563 2449 675 2509 Erotik

204 2535 304 2595 haben
333 2538 397 2598 mit
419 2536 468 2596 der
491 2538 669 2598 Sehnsucht

186 2583 212 2643 ym
255 2581 388 2641 gelitten
421 2583 516 2643 haben
554 2583 602 2643 als
629 2583 666 2643 an

183 2623 238 2683 teif
261 2625 428 2685 geworden
462 2626 523 2686 sind
557 2626 584 2686 in
618 2625 667 2685 der

969 2636 1194 2696 n

205 2669 293 2729 Ende
319 2671 417 2731 gehen
449 2671 521 2731 muß
547 2669 557 2729 —
609 2670 666 2730 wir

180 2715 207 2775 nid
236 2715 369 2775 wissen,
386 2715 441 2775 daß
470 2718 542 2778 man
571 2718 659 2778 darin

170 2756 212 2816 gen
244 2759 366 2819 werden
399 2762 457 2822 auf
474 2762 526 2822 dem
565 2762 671 2822 Hügel

193 2806 283 2866 noch,
299 2804 490 2864 geschrieben
526 2804 671 2864 werden,

177 2849 220 2909 n.
266 2849 333 2909 Der
367 2849 440 2909 Weg
474 2849 541 2909 nach
575 2849 664 2909 Wien

779 2882 998 2942 Titelzeichnung
1023 2882 1070 2942 aus
1094 2885 1142 2945 den
1171 2885 1371 2945 Gesammelten
1401 2887 1515 2947 Werken
1544 2888 1587 2948 (S.
1597 2889 1720 2949 Pischer,
1735 2891 1859 2951 Berlin).

176 2892 229 2952 lle
256 2894 314 2954 auf
336 2894 388 2954 dem
432 2894 532 2954 letzten
565 2896 660 2956 Gang

173 2938 264 2998 stehen
299 2938 350 2998 die
373 2938 516 2998 Bücher,
533 2939 584 2999 die
608 2938 669 2998 wir

179 2983 366 3043 genommen
397 2983 518 3043 haben,
534 2983 594 3043 und
620 2983 665 3043 die

788 2983 822 3043 k.
843 2983 1074 3043 Achtundsechzig
1100 2986 1195 3046 Jahre
1226 2987 1280 3047 alt,
1301 2989 1351 3049 auf
1377 2989 1457 3049 einem
1503 2992 1709 3052 Spaziergang
1735 2992 1815 3052 durch
1846 2992 1885 3052 die

177 3027 245 3087 ehem
286 3028 417 3088 Lächeln
447 3030 474 3090 in
504 3030 549 3090 die
573 3028 664 3088 Hand

713 3025 835 3085 geliebte
863 3028 971 3088 Stadt,
998 3028 1030 3088 ist
1057 3028 1171 3088 Arthur
1203 3032 1361 3092 Schnitzler
1389 3032 1442 3092 vom
1488 3034 1547 3094 Tod
1579 3034 1719 3094 getroffen
1756 3037 1891 3097 worden,

201 3071 267 3131 sind
296 3073 351 3133 für
379 3073 440 3133 uns
469 3073 552 3133 nicht
575 3072 664 3132 Dich¬

714 3070 758 3130 von
785 3071 868 3131 jenem
905 3072 1121 3132 unerwarteten
1152 3075 1205 3135 und
1228 3076 1285 3136 fast
1299 3079 1497 3139 schmerzlosen
1524 3080 1604 3140 Tod,
1617 3082 1665 3142 den
1688 3079 1718 3139 er
1737 3080 1763 3140 in
1790 3082 1878 3142 seinen

204 3118 305 3178 haben
340 3118 401 3178 uns
433 3118 497 3178 mit
524 3118 660 3178 anderen

714 3114 843 3174 Dramen
877 3118 932 3178 und
960 3118 1169 3178 Erzählungen
1202 3119 1225 3179 so
1253 3120 1299 3180 oft
1318 3121 1490 3181 beschworen
1523 3124 1587 3184 hat,
1611 3124 1657 3184 von
1690 3124 1769 3184 jenem
1811 3127 1890 3187 Tod,

171 3162 313 3222 iftigen,
330 3162 387 3222 wie
411 3161 467 3221 wir
491 3162 564 3222 auch
588 3162 667 3222 nicht

717 3156 770 3216 mit
789 3158 838 3218 dem
879 3159 906 3219 er
934 3159 1005 3219 schon
1038 3160 1087 3220 seit
1114 3162 1173 3222 vier
1196 3165 1394 3225 Jahrzehnten
1426 3165 1584 3225 brüderlich
1612 3168 1787 3228 befreundet
1815 3168 1887 3228 war.

171 3204 191 3264 n
228 3207 279 3267 den
322 3204 420 3264 letzten
457 3207 556 3267 Gang
593 3207 644 3267 zum

716 3201 772 3261 Der
800 3203 856 3263 Tod
884 3204 916 3264 ist
940 3204 986 3264 der
1014 3204 1088 3264 Pate
1112 3207 1205 3267 seiner
1233 3207 1321 3267 besten
1350 3208 1451 3268 Werke
1475 3210 1619 3270 gewesen.
1638 3210 1679 3270 Er
1703 3213 1782 3273 stand
1810 3213 1875 3273 grof

174 3252 299 3312 sollten.
343 3249 419 3309 Wir
452 3249 550 3309 haben
588 3250 647 3310 uns

717 3246 766 3306 und
794 3246 911 3306 dunkel,
934 3249 997 3309 aber
1025 3249 1092 3309 kaum
1134 3252 1197 3312 noch
1225 3253 1451 3313 geheimnisvoll
1475 3255 1506 3315 am
1547 3255 1751 3315 Schreibtisch,
1770 3258 1814 3318 als
1842 3258 1882 3318 die

168 3294 205 3354 as
238 3297 341 3357 letzten
375 3294 504 3354 Worten
543 3297 656 3357 richten

717 3289 793 3349 frühe
822 3293 994 3353 Erzählung
1023 3294 1071 3354 vom
1114 3295 1339 3355 „Sterben“
1363 3300 1535 3360 geschrieben
1574 3300 1684 3360 wurde.
1722 3300 1765 3360 In
1795 3300 1885 3360 dieser

197 3337 307 3397 Geist,
324 3335 338 3395 —
389 3338 455 3398 und
481 3338 572 3398 wenn
603 3339 663 3399 wir

714 3332 900 3392 Erzählung,
923 3335 965 3395 die
998 3335 1025 3395 im
1068 3337 1165 3397 Jahre
1198 3338 1267 3398 1895
1309 3341 1448 3401 erschien,
1477 3341 1546 3401 wird
1588 3344 1639 3404 das
1677 3344 1755 3404 Ende
1798 3344 1876 3404 eines

706 3378 941 3438 lungenkranken
978 3380 1113 3440 Mannes
1146 3383 1327 3443 geschildert,
1350 3386 1400 3446 der
1428 3386 1472 3446 sich
1505 3386 1713 3446 verzweifelnd
1750 3387 1785 3447 an
1831 3386 1881 3446 das

177 3386 204 3446 st
228 3383 392 3443 gefunden
426 3385 545 3445 haben,
568 3383 596 3443 so
625 3385 664 3445 ist

717 3420 797 3480 Leben
830 3422 883 3482 und
911 3425 951 3485 die
979 3425 1060 3485 Liebe
1087 3425 1254 3485 klammert,
1273 3428 1340 3488 weil
1359 3429 1390 3489 er
1413 3431 1439 3491 in
1467 3431 1557 3491 dieser
1585 3431 1661 3491 Welt
1689 3431 1742 3491 und
1770 3431 1824 3491 nur
1847 3431 1873 3491 in

190 3429 313 3489 anders
344 3428 531 3488 geworden.
576 3428 659 3488 Aber

705 3464 793 3524 deiser
817 3467 891 3527 Welt
911 3467 1008 3527 gelebt
1023 3469 1083 3529 hat.
1103 3470 1153 3530 Ein
1177 3472 1247 3532 Arzt
1266 3470 1364 3530 schrieb
1388 3473 1430 3533 die
1449 3476 1640 3536 Erzählung,
1655 3476 1734 3536 deren
1758 3476 1883 3536 Grund¬

176 3473 398 3533 Pummköpfe,
415 3473 464 3533 die
486 3473 556 3533 ihre
578 3473 664 3533 Ver¬

704 3508 803 3568 akkord
831 3509 862 3569 in
899 3512 971 3572 allen
1008 3514 1202 3574 wesentlichen
1244 3517 1361 3577 Werken
1398 3518 1574 3578 Schnitzlers
1606 3520 1796 3580 vernehmlich
1833 3521 1882 3581 ge¬

250 3518 301 3578 So
338 3518 390 3578 oft
417 3518 479 3578 wir
511 3518 562 3578 der
589 3516 661 3576 ver¬

706 3553 814 3613 blieben
846 3555 892 3615 ist.
910 3556 1046 3616 Zwischen
1078 3556 1123 3616 der
1151 3559 1354 3619 Szenenfolge
1383 3562 1573 3622 „Anatol“
1600 3562 1659 3622 und
1682 3562 1727 3622 dem
1768 3562 1881 3622 Schau¬

170 3562 220 3622 wir
256 3562 331 3622 auch
367 3562 492 3622 Deiner
528 3562 664 3622 denken,

708 3598 777 3658 spiel
801 3599 1029 3659 „Liebelei“
1048 3601 1126 3661 stand
1150 3603 1192 3663 die
1216 3604 1345 3664 Novelle,
1365 3605 1401 3665 die
1426 3604 1523 3664 später
1547 3607 1597 3667 mit
1616 3607 1742 3667 anderen
1766 3607 1872 3667 kleinen

184 3608 231 3668 ein
269 3607 402 3667 offenes
433 3610 547 3670 Grab.
591 3610 657 3670 Sie

708 3643 822 3703 Stücken
858 3646 1003 3706 vereinigt
1030 3646 1144 3706 worden
1180 3649 1228 3709 ist;
1255 3649 1298 3709 die
1329 3649 1417 3709 sozial
1444 3649 1598 3709 gefärbten
1629 3651 1761 3711 Dramen
1797 3653 1875 3713 jener

160 3691 443 3751 jedrich=Carl
476 3691 627 3751 Kobbe.

708 3689 848 3749 Frühzeit
873 3691 888 3751 —
939 3691 1024 3751 „Das
1054 3693 1230 3753 Märchen",
1255 3695 1446 3755 „Freiwild",
1472 3697 1557 3757 „Das
1588 3697 1813 3757 Vermächtnis"

1951 1388 2046 1448 waren
2079 1389 2136 1449 nur
2169 1389 2206 1449 ein
2246 1392 2463 1452 Zugeständnis
2489 1395 2520 1455 an
2560 1397 2598 1457 die
2631 1400 2886 1460 Modeströwung.
2932 1401 3009 1461 Aber
3035 1403 3105 1463 kaum

1953 1432 2010 1492 war
2039 1434 2086 1494 der
2115 1434 2211 1494 Name
2240 1437 2398 1497 Schnitzler
2427 1437 2484 1497 mit
2509 1440 2595 1500 diesen
2634 1443 2729 1503 zarten
2763 1444 2901 1504 Werken,
2926 1446 2979 1506 mit
3003 1449 3117 1509 einigen

1951 1476 2127 1536 Einaktern,
2156 1479 2242 1539 unter
2276 1482 2361 1542 denen
2400 1482 2476 1542 seine
2510 1483 2624 1543 stärkste
2653 1486 2843 1546 dramatische
2873 1490 2991 1550 Arbeit,
3021 1493 3115 1553 „Den

1947 1521 2080 1581 grüne
2112 1522 2317 1582 Kakadm",
2339 1524 2405 1584 eine
2436 1527 2678 1587 Sonderstellung
2715 1531 2875 1591 einnahm,
2901 1533 2957 1593 und
2988 1534 3044 1594 mit
3076 1533 3111 1593 ein

1947 1563 2023 1623 paar
2051 1565 2182 1625 weiteven
2219 1565 2427 1625 Erzählungen
2454 1571 2758 1631 bekanntgeworden,
2781 1574 2807 1634 da
2840 1577 2975 1637 erschien,
2999 1578 3025 1638 es
3057 1577 3120 1637 war

1949 1604 1973 1664 im
2014 1608 2109 1668 Jahre
2139 1608 2224 1668 1900,
2245 1610 2310 1670 jene
2340 1613 2541 1673 Szenenfohge
2571 1616 2736 1676 „Reigen",
2757 1616 2797 1676 die
2827 1618 2897 1678 viele
2923 1621 3018 1681 Jahre
3043 1622 3113 1682 lang

1948 1649 2000 1709 das
2029 1651 2090 1711 Bild
2120 1652 2163 1712 des
2192 1653 2325 1713 Dichters
2350 1656 2484 1716 verzerrt
2503 1658 2574 1718 hat;
2594 1659 2661 1719 man
2695 1660 2795 1720 konnte
2820 1661 2929 1721 damals
2963 1664 3020 1724 noch
3049 1664 3125 1724 nicht

1947 1695 2062 1755 wissen,
2078 1695 2127 1755 daß
2158 1697 2314 1757 Schnitzler
2340 1699 2400 1759 hier
2426 1700 2470 1760 dem
2511 1701 2577 1761 Stil
2597 1703 2652 1763 und
2678 1703 2728 1763 dem
2764 1706 2930 1766 Geschmack
2946 1707 2990 1767 des
3021 1709 3051 1769 fin
3081 1707 3116 1767 de

1947 1739 2038 1799 siècle
2066 1739 2119 1799 auf
2136 1739 2211 1799 seine
2239 1741 2330 1801 Weise
2353 1742 2476 1802 opferte,
2493 1744 2552 1804 mit
2569 1745 2649 1805 einem
2688 1748 2790 1808 Spiel,
2807 1750 2828 1810 in
2856 1750 2898 1810 dem
2937 1750 2985 1810 der
3007 1753 3120 1813 Inhalt

1949 1780 2037 1840 nichts
2065 1783 2116 1843 und
2141 1783 2182 1843 die
2206 1783 2281 1843 Form
2315 1786 2384 1846 alles
2413 1786 2487 1846 war.

2029 1831 2076 1891 Ein
2104 1834 2238 1894 Ausflug
2259 1837 2285 1897 in
2313 1837 2359 1897 das
2387 1840 2623 1900 Versschauspiel
2645 1843 2718 1903 „Der
2746 1846 2873 1906 Schleier
2894 1847 2934 1907 der
2962 1849 3110 1909 Beatrice"

1951 1879 2009 1939 war
2039 1879 2112 1939 nicht
2137 1880 2288 1940 geeignet,
2309 1882 2352 1942 die
2382 1884 2538 1944 ungünstig
2568 1887 2753 1947 beeinflußte
2783 1891 2930 1951 Meinung
2965 1892 3032 1952 über
3062 1894 3106 1954 den

1944 1921 2063 1981 Dichter
2092 1923 2116 1983 zu
2150 1924 2332 1984 verbessern.
2351 1929 2528 1989 Inzwischen
2562 1930 2629 1990 aber
2659 1931 2720 1991 war
2745 1933 2787 1993 die
2812 1935 2998 1995 entzückende
3023 1936 3123 1996 Kurz¬

1946 1965 2090 2025 geschichte
2116 1965 2161 2025 vom
2202 1971 2437 2031 „Leutnant
2458 1973 2589 2033 Gust!"
2599 1974 2774 2034 geschrieben
2800 1977 2930 2037 worden,
2946 1981 3111 2041 Schnitzlers

1943 2008 2031 2068 enstes
2066 2010 2242 2070 Prosawerk
2267 2012 2296 2072 in
2326 2013 2472 2073 durchweg
2507 2019 2732 2079 monologischer
2767 2022 2957 2082 Gestaltung,
2983 2024 3036 2084 und
3071 2024 3114 2084 in¬

1946 2052 2071 2112 zwischen
2122 2055 2181 2115 war
2212 2055 2287 2115 Herr
2318 2057 2368 2117 von
2404 2057 2478 2117 Sala
2524 2060 2605 2120 jenen
2646 2064 2887 2124 „Einsamen
2928 2068 3038 2128 Wey"
3063 2070 3113 2130 ge¬

1944 2097 2071 2157 gangen,
2092 2097 2141 2157 den
2171 2100 2416 2160 melancholischen
2451 2102 2505 2162 und
2536 2103 2633 2163 holden
2663 2107 2726 2167 Weg
2757 2107 2835 2167 durch
2865 2109 2904 2169 ein
2934 2114 3121 2174 Schauspiel,

1947 2138 1996 2198 das
2027 2140 2102 2200 wohl
2128 2141 2177 2201 auf
2208 2142 2278 2202 allen
2309 2144 2454 2204 deutschen
2485 2147 2611 2207 Bühnen
2642 2150 2797 2210 erschienen
2833 2152 2868 2212 ist
2894 2153 2948 2213 und
2979 2155 3039 2215 sich,
3065 2153 3114 2213 mit

1945 2182 2161 2242 Bassermann,
2182 2186 2243 2246 noch
2275 2189 2377 2249 länger
2409 2189 2455 2249 als
2481 2190 2527 2250 die
2553 2192 2717 2252 „Liebelei"
2744 2195 2872 2255 gehalten
2909 2196 2970 2256 hat.
2991 2199 3032 2259 In
3063 2198 3109 2258 der

1944 2228 2169 2288 Tragikomödie
2199 2231 2277 2291 „Das
2312 2231 2404 2291 Weite
2434 2234 2546 2294 Land",
2571 2234 2610 2294 die
2640 2236 2688 2296 dem
2733 2240 2997 2300 liebenswürdigen
3032 2243 3110 2303 Vust¬

1944 2271 2015 2331 spiel
2037 2271 2082 2331 der
2114 2273 2273 2333 „Komtesse
2299 2276 2407 2336 Mizzi"
2433 2278 2535 2338 folgte,
2557 2279 2649 2339 verlor
2675 2281 2721 2341 sich
2747 2282 2834 2342 dieser
2861 2285 2927 2345 Weg
2953 2285 2978 2345 in
3005 2287 3107 2347 blasser

1947 2314 2152 2374 Konversation
2188 2316 2247 2376 und
2273 2318 2413 2378 blasserer
2444 2319 2560 2379 Grotik.
2580 2322 2710 2382 Vorher,
2731 2327 2755 2387 im
2801 2328 2896 2388 Jahre
2922 2328 3012 2388 1910,
3032 2330 3112 2390 hatt¬

1944 2357 2096 2417 Schnitzler
2131 2359 2224 2419 seinen
2264 2362 2391 2422 einzigen
2431 2365 2607 2425 historischen
2647 2367 2769 2427 Versuch
2804 2371 2931 2431 gemacht
2966 2372 3019 2432 und
3054 2373 3113 2433 mit

1941 2398 1990 2458 dem
2036 2404 2242 2464 überbreiten,
2268 2407 2458 2467 ungefügen,
2484 2407 2554 2467 aber
2585 2409 2644 2469 mit
2670 2410 2805 2470 vielerlei
2837 2413 3027 2473 Schönheiten
3063 2417 3112 2477 ge¬

1942 2446 2072 2506 segneten
2113 2447 2288 2507 Schauspiel
2319 2451 2419 2511 „Der
2450 2452 2580 2512 junge
2616 2454 2872 2514 Medardus"
2903 2457 2968 2517 eine
3004 2461 3104 2521 ebenso

1941 2488 2111 2548 realistische
2142 2491 2191 2551 wie
2217 2494 2443 2554 gleichnishafte
2468 2497 2614 2557 Deutung
2644 2497 2689 2557 der
2720 2500 2840 2560 Wiener
2865 2503 3031 2563 Ereignisse
3056 2506 3106 2566 zur

1942 2531 2008 2591 Zeit
2033 2531 2080 2591 der
2114 2535 2348 2595 napoleonischen
2382 2538 2511 2598 Kämpfe
2540 2541 2606 2601 nach
2640 2541 2745 2601 Aspern
2779 2544 2917 2604 gegeben.
2947 2547 3003 2607 Die
3033 2546 3108 2606 Aus¬

1937 2574 2118 2634 druckskraft
2138 2577 2182 2637 des
2212 2580 2412 2640 Schauspiels,
2432 2580 2471 2640 die
2491 2583 2589 2643 Musik
2609 2583 2701 2643 seiner
2727 2588 2853 2648 Sprache
2879 2589 2932 2649 und
2957 2589 2996 2649 die
3021 2591 3108 2651 Klar¬

1947 2619 2001 2679 heit
2017 2619 2107 2679 seiner
2128 2622 2389 2682 Weltanschauung
2414 2625 2530 2685 wurden
2555 2628 2660 2688 freilich
2686 2628 2862 2688 übertrosfen
2887 2631 2912 2691 in
2933 2635 3103 2695 Schnitzlers

1939 2663 2066 2723 einzigem
2106 2667 2209 2727 großen
2244 2667 2356 2727 Roman
2391 2670 2493 2730 „Der
2519 2670 2607 2730 Weg
2632 2673 2700 2733 ins
2725 2676 2896 2736 Freie";
2917 2676 2946 2736 er
2971 2676 3034 2736 war
3054 2676 3108 2736 das

1944 2707 2122 2767 Lekenntnis
2150 2712 2230 2772 eines
2252 2713 2403 2773 Mannes,
2420 2715 2469 2775 der
2491 2715 2539 2775 den
2572 2718 2642 2778 Mut
2665 2718 2756 2778 hatte,
2773 2721 2848 2781 seine
2871 2723 2989 2783 Jugend
3012 2724 3108 2784 hinter

1942 2753 1985 2813 sich
2013 2753 2040 2813 zu
2068 2753 2176 2813 lassen.

2016 2802 2079 2862 Mit
2097 2807 2189 2867 diesen
2219 2808 2334 2868 Werken
2369 2810 2449 2870 schien
2479 2811 2525 2871 der
2555 2814 2728 2874 Höhepunkt
2751 2814 2774 2874 im
2816 2816 2953 2876 Schaffen
2984 2819 3110 2879 Schnitz¬

1936 2846 1994 2906 lers
2019 2848 2137 2908 erreicht
2157 2851 2186 2911 zu
2216 2852 2289 2912 sein.
2319 2852 2412 2912 Unter
2432 2854 2481 2914 den
2511 2856 2716 2916 Schauspielen
2747 2858 2805 2918 und
2825 2861 3051 2921 Erzählungen,
3071 2861 3110 2921 die

1936 2889 2002 2949 kurz
2031 2891 2083 2951 vor
2113 2891 2160 2951 dem
2208 2894 2313 2954 Kriege
2342 2897 2524 2957 erschienen,
2548 2899 2653 2959 konnte
2682 2900 2739 2960 nur
2768 2900 2811 2960 die
2840 2903 3031 2963 Sozialkritik
3060 2904 3107 2964 des

1936 2932 2122 2992 „Professors
2152 2934 2337 2994 Bernhardi“
2362 2938 2449 2998 tiefer
2470 2941 2587 3001 fesseln,
2612 2941 2665 3001 und
2695 2941 2738 3001 die
2763 2942 2880 3002 Werke,
2895 2944 2939 3004 die
2964 2944 3100 3004 während

1935 2974 1974 3034 des
1999 2976 2122 3036 Krieges
2147 2976 2329 3036 entstanden,
2350 2980 2458 3040 zeigten
2483 2981 2625 3041 deutlich,
2640 2983 2689 3043 daß
2714 2984 2764 3044 der
2789 2986 2907 3046 Dichter
2932 2986 2990 3046 eine
3020 2989 3113 3049 Welt,

1934 3013 1975 3073 die
1999 3018 2073 3078 seine
2097 3019 2175 3079 Welt
2194 3019 2320 3079 gewesen
2343 3022 2417 3082 war,
2436 3025 2729 3085 unwiederbringlich
2753 3028 2883 3088 verloren
2907 3028 2971 3088 sah.
3000 3030 3111 3090 Dann,

1938 3058 1957 3118 im
2003 3061 2098 3121 Jahre
2129 3061 2214 3121 1924,
2239 3064 2420 3124 überraschte
2451 3066 2491 3126 die
2522 3067 2692 3127 Erzähbung
2728 3071 2955 3131 „Fräulein
2985 3073 3110 3133 Else".

1934 3101 1991 3161 Die
2015 3103 2267 3163 Monologtechnik
2292 3106 2339 3166 der
2364 3109 2621 3169 „Gustl“=Novelle
2650 3112 2745 3172 wurde
2769 3112 2826 3172 hier
2855 3114 2907 3174 mit
2932 3115 3008 3175 einer
3032 3115 3103 3175 Vir¬

1931 3144 2056 3204 tuosität
2075 3145 2224 3205 erweitert
2252 3147 2307 3207 und
2336 3148 2494 3208 vollendet,
2513 3151 2560 3211 die
2579 3153 2634 3213 alle
2662 3154 2765 3214 Mittel
2793 3156 2872 3216 einer
2900 3156 3002 3216 großen
3040 3156 3105 3216 (im¬

1929 3188 2204 3248 pressionistischen)
2234 3189 2390 3249 Tradition
2435 3192 2483 3252 und
2529 3192 2582 3252 alle
2617 3195 2725 3255 Mittel
2755 3195 2837 3255 einer
2867 3198 2956 3258 neuen
2995 3200 3103 3260 Schule

1940 3231 2093 3291 (Sigmund
2122 3231 2256 3291 Freuds)
2285 3232 2336 3292 mit
2365 3234 2579 3294 wunderbarer
2607 3237 2724 3297 Anmut
2752 3239 2910 3299 meisterte.
2953 3240 3102 3300 Elisabeth

1931 3273 2065 3333 Bergner
2089 3273 2139 3333 hat
2163 3273 2205 3333 die
2233 3275 2349 3335 Novelle
2377 3279 2562 3339 gesprochen,
2586 3280 2637 3340 und
2670 3279 2753 3339 neben
2786 3282 2832 3342 der
2861 3284 3092 3344 unvergeßlichen

1934 3315 2198 3375 Vorkriegsgestalt
2227 3317 2273 3377 der
2306 3318 2403 3378 armen
2445 3322 2589 3382 Christin,
2613 3322 2658 3382 die
2687 3323 2724 3383 an
2771 3323 2854 3383 einer
2887 3324 3012 3384 Liebelei
3050 3325 3100 3385 zu¬

1932 3356 2041 3416 grunde
2066 3358 2147 3418 ging,
2171 3359 2242 3419 steht
2267 3359 2309 3419 die
2334 3360 2448 3420 Gestalt
2472 3362 2520 3422 des
2544 3362 2606 3422 sehr
2635 3364 2797 3424 mondänen
2831 3366 2993 3426 Fräuleins
3022 3370 3103 3430 Else,

1928 3395 1978 3455 das
2007 3398 2039 3458 an
2072 3401 2212 3461 Veronal
2240 3401 2291 3461 und
2324 3404 2529 3464 Hemmungen
2567 3405 2664 3465 stirbt,
2688 3407 2879 3467 schwesterlich
2912 3407 2968 3467 und
3001 3410 3103 3470 gleich¬

1930 3442 2082 3502 berechtigt
2107 3443 2130 3503 im
2174 3445 2365 3505 Gedächtnis.
2384 3447 2523 3507 Zwischen
2552 3449 2642 3509 diesen
2676 3449 2771 3509 beiden
2801 3452 2882 3512 wirkt
2906 3452 2944 3512 die
2973 3455 3102 3515 Chronik

1931 3485 2007 3545 eines
2036 3487 2280 3547 Frauenlebens,
2309 3490 2348 3550 die
2377 3491 2400 3551 im
2449 3491 2515 3551 Stil
2544 3493 2707 3553 Flauberts
2741 3495 2789 3555 von
2823 3494 2903 3554 einer
2938 3495 3100 3555 „Therese"

1926 3526 2041 3586 erzählt
2061 3529 2151 3589 wird,
2171 3530 2247 3590 nicht
2267 3531 2290 3591 so
2315 3532 2439 3592 wichtig.
2478 3532 2554 3592 Aber
2583 3535 2640 3595 eine
2674 3535 2774 3595 zweite
2799 3535 2952 3595 Parallele
2981 3538 3009 3598 zu
3044 3537 3091 3597 den

1931 3568 2039 3628 Werken
2067 3570 2112 3630 der
2139 3573 2357 3633 Vortriegszeit
2375 3574 2507 3634 entstand
2534 3574 2557 3634 in
2584 3576 2665 3636 einer
2689 3577 2779 3637 Reihe
2798 3577 2847 3637 von
2875 3580 3101 3640 Erzählungen,

1927 3610 1969 3670 die
1993 3613 2020 3673 an
2049 3613 2183 3673 Okkultes
2207 3615 2319 3675 streifen
2352 3616 2403 3676 und
2427 3618 2473 3678 den
2496 3619 2631 3679 früheren
2659 3621 2832 3681 Geschichten
2856 3622 2897 3682 der
2921 3622 3097 3682 „Dämmer¬

1924 3655 2037 3715 seelen“
2064 3658 2087 3718 in
2119 3658 2168 3718 den
2200 3658 2323 3718 Bänden
2350 3661 2400 3721 der
2432 3661 2803 3721 „Traumnovelle"
2836 3663 2889 3723 und
2917 3664 2966 3724 des
2994 3664 3089 3724 letzten

1926 3699 2044 3759 Werkes
2077 3703 2238 3763 „Flucht
2255 3705 2292 3765 in
2315 3704 2379 3764 die
2401 3706 2660 3766 Finsternis"
2688 3706 2725 3766 ein
2753 3706 2828 3766 nicht
2850 3706 2963 3766 minder
2985 3709 3087 3769 starkes
