3344 4320
270 165 479 225 leiter

844 242 1085 302 Das
1218 249 1535 309 erste
1650 259 2192 319 Budget
2288 264 2510 324 der

298 267 417 327 vürdig

1250 441 2124 501 Aestrinlion.

316 545 347 605 er
369 548 502 608 Seide,

964 578 1115 638 Rede
1164 583 1267 643 Dr.
1306 584 1772 644 Weidenhoffers
1840 589 1886 649 im
1964 594 2382 654 Nationalrat.

334 688 421 748 ...!

1263 703 1395 763 Wien,
1418 708 1464 768 22.
1488 709 1626 769 Oktober.

1708 715 1829 775 gedeckt
1868 714 1982 774 werden
2028 720 2148 780 sollten,
2181 724 2238 784 für
2277 726 2334 786 das
2373 730 2493 790 nächste
2532 732 2615 792 Jahr
2654 734 2717 794 sind
2756 736 2819 796 nur

621 751 685 811 Die
709 754 1023 814 Steigerungskurve
1053 757 1088 817 ist
1118 758 1164 818 jäh
1199 763 1403 823 abgebrochen
1439 769 1502 829 Zum
1550 769 1660 829 ersten¬

1699 763 1943 823 vierundvierzig
1980 768 2137 828 Millionen
2190 769 2242 829 für
2278 772 2347 832 diese
2389 778 2505 838 Zwecke
2541 779 2733 839 vorgesehen.
2775 782 2832 842 Ist

538 799 608 859 mal
633 799 691 859 seit
715 801 768 861 der
798 801 1046 861 Stabilisierung
1076 807 1170 867 haben
1206 807 1258 867 wir
1289 810 1459 870 begriffen,
1484 813 1536 873 daß
1584 813 1642 873 nich

1696 806 1784 866 doch,
1813 810 1868 870 das
1902 812 1941 872 ist
1975 810 2019 870 die
2053 815 2220 875 traurigste
2255 819 2438 879 Mitteilung
2473 822 2539 882 Dr.
2562 826 2824 886 Weidenhoffers,

536 849 828 909 Großmannssucht
856 849 887 909 am
931 848 1029 908 Platze
1056 852 1094 912 ist
1121 852 1175 912 und
1209 855 1311 915 innere
1339 858 1560 918 Unwahrheit.
1583 860 1652 920 Man

281 855 463 915 terreich.

1698 852 1756 912 mit
1821 855 1874 915 der
1922 858 2087 918 Begebung
2157 861 2210 921 der
2274 867 2391 927 zweiten
2450 870 2588 930 Tranche
2653 871 2706 931 des
2760 872 2823 932 In¬

532 892 594 952 mag
629 894 679 954 den
714 894 823 954 Erfolg
852 894 902 954 der
937 900 1217 960 Finanzgebarung
1252 901 1302 961 vom
1349 903 1451 963 Jahre
1481 904 1565 964 1924
1612 906 1657 966 bis

1709 903 1984 963 vestitionskredits
2051 909 2120 969 auch
2180 908 2212 968 im
2284 915 2424 975 nächsten
2484 917 2592 977 Jahre
2653 917 2733 977 nicht

288 915 482 975 Oesterreich

540 944 586 1004 zum
633 940 771 1000 heutigen
806 940 887 1000 Tage
923 940 974 1000 wie
1004 943 1114 1003 immer
1144 947 1329 1007 beurteilen,
1352 948 1497 1008 Tatsache
1527 951 1578 1011 ist,
1602 953 1654 1013 daß

1707 948 1863 1008 rechnen;
1899 951 2027 1011 trotzdem
2085 957 2277 1017 bekanntlich
2321 959 2455 1019 hundert
2492 963 2656 1023 Millionen
2699 966 2819 1026 Dollar

266 963 314 1023 nnt
352 964 426 1024 hat,
451 966 487 1026 ist

534 982 607 1042 diese
648 987 846 1047 finanziellen
881 989 1147 1049 Kletterübungen
1193 992 1249 1052 den
1295 993 1408 1053 jetzigen
1449 998 1544 1058 Krach
1590 996 1657 1056 ver¬

1703 989 1759 1049 uns
1791 993 1945 1053 bewilligt
1976 999 2095 1059 wurden
2132 1001 2198 1061 nach
2235 1006 2440 1066 dreijährigem
2488 1010 2637 1070 Werben,
2664 1012 2730 1072 nach
2761 1012 2818 1072 un¬

256 1007 383 1067 iglücks.
413 1007 482 1067 Wer

543 1034 672 1094 schuldet
695 1034 807 1094 haben.
825 1035 971 1095 Niemals
1000 1037 1078 1097 wäre
1101 1037 1168 1097 eine
1192 1038 1219 1098 so
1243 1040 1366 1100 brutale
1389 1043 1552 1103 Operation
1587 1043 1654 1103 not¬

1705 1041 1859 1101 gezählten
1895 1043 2007 1103 Mühen
2043 1044 2096 1104 der
2121 1052 2369 1112 Verhandlung,
2394 1057 2459 1117 nach
2495 1058 2731 1118 Fertigstellung
2768 1061 2814 1121 des

261 1055 271 1115 r
292 1055 406 1115 echten,
423 1055 480 1115 wie

536 1079 652 1139 wendig
691 1082 852 1142 geworden
897 1082 974 1142 ohne
1014 1083 1063 1143 die
1097 1086 1452 1146 Hemmungslosigkeit
1486 1091 1535 1151 der
1575 1090 1657 1150 Par¬

1702 1088 1911 1148 Abkommens
1969 1094 2042 1154 über
2088 1094 2133 1154 die
2185 1100 2446 1160 Reliefschulden,
2486 1103 2582 1163 dessen
2640 1107 2821 1167 wichtigster

261 1101 323 1161 ewig
361 1103 471 1163 wachen

529 1125 624 1185 teien,
682 1127 761 1187 ohne
824 1127 874 1187 die
931 1131 1197 1191 Verschwendung
1261 1134 1351 1194 durch
1414 1137 1634 1197 Subventions

1704 1136 1800 1196 Zweck
1835 1136 1879 1196 die
1903 1139 2089 1199 Freilegung
2124 1141 2169 1201 der
2198 1144 2311 1204 Straße
2340 1145 2391 1205 für
2414 1149 2742 1209 Investitionskredite
2771 1151 2816 1211 ge¬

253 1149 340 1209 rzen,
368 1150 460 1210 seinem

534 1175 640 1235 politik
694 1173 776 1233 jeder
824 1175 906 1235 Art,
948 1178 1025 1238 ohne
1078 1178 1125 1238 die
1179 1181 1344 1241 künstliche
1392 1186 1651 1246 Nichtbeachtung

1699 1181 1790 1241 wesen
1826 1183 1877 1243 ist.
1901 1187 1969 1247 Nun
2005 1187 2062 1247 soll
2086 1189 2131 1249 die
2161 1190 2229 1250 erste
2259 1195 2397 1255 Tranche
2427 1195 2478 1255 von
2513 1195 2617 1255 sechzig
2646 1198 2807 1258 Millionen

259 1193 325 1253 ist
354 1194 404 1254 es,
432 1197 476 1257 als

531 1217 610 1277 aller
667 1219 864 1279 Symptome
922 1221 978 1281 des
1047 1225 1375 1285 Wirtschaftslebens.
1432 1232 1505 1292 Daß
1579 1232 1646 1292 man

1698 1227 1816 1287 Dollar
1845 1230 1890 1290 für
1919 1231 2002 1291 unser
2031 1233 2115 1293 Land
2144 1237 2335 1297 ausreichen,
2364 1240 2420 1300 und
2449 1240 2493 1300 die
2522 1243 2668 1303 restlichen
2703 1246 2810 1306 vierzig

282 1240 413 1300 Wesens
449 1242 472 1302 in

531 1267 683 1327 Finanzen
740 1267 825 1327 nicht
871 1269 978 1329 führen
1035 1272 1114 1332 kann
1171 1273 1227 1333 mit
1273 1276 1471 1336 zermalmten
1522 1278 1652 1338 Steuer¬

1705 1276 1866 1336 Millionen
1901 1279 1987 1339 sollen
2017 1279 2074 1339 uns
2103 1283 2166 1343 auch
2201 1285 2224 1345 im
2265 1287 2362 1347 Laufe
2392 1288 2437 1348 der
2467 1288 2576 1348 ganzen
2606 1291 2738 1351 Periode
2761 1293 2813 1353 des

523 1312 670 1372 trägern,
716 1315 772 1375 daß
824 1316 1046 1376 Einnahmen,
1080 1318 1136 1378 aus
1189 1321 1239 1381 dem
1302 1324 1547 1384 Kapitalsbesitz
1587 1325 1654 1385 ent¬

1706 1324 1805 1384 Jahre
1844 1324 1927 1384 1932
1978 1327 2043 1387 noch
2083 1330 2265 1390 verweigert
2304 1335 2420 1395 werden
2465 1338 2642 1398 ungeachtet
2682 1340 2731 1400 der
2764 1339 2819 1399 ab¬

281 1336 309 1396 es
337 1334 477 1394 Wortes.

537 1360 711 1420 springend,
740 1363 824 1423 keine
859 1363 954 1423 echten
988 1366 1180 1426 Einnahmen
1221 1368 1304 1428 sind,
1339 1370 1457 1430 sondern
1497 1374 1654 1434 Verluste,

1699 1369 1912 1429 geschlossenen
1964 1374 2021 1434 und
2057 1377 2143 1437 durch
2184 1378 2229 1438 die
2259 1382 2466 1442 Versöhnung
2513 1384 2576 1444 mit
2606 1387 2720 1447 Italien
2761 1387 2813 1447 be¬

270 1381 321 1441 sten
356 1379 412 1439 und
447 1381 470 1441 in

535 1404 586 1464 daß
621 1407 667 1467 die
691 1407 887 1467 Gesamtheit
911 1410 957 1470 sich
986 1410 1061 1470 nicht
1084 1412 1246 1472 bereichern
1282 1413 1356 1473 kann
1392 1416 1478 1476 durch
1508 1418 1547 1478 die
1571 1417 1651 1477 Ver¬

1699 1416 1864 1476 kräftigten
1907 1420 2078 1480 Verträge.
2114 1421 2190 1481 Wir
2221 1425 2338 1485 können
2381 1428 2409 1488 es
2446 1429 2528 1489 nicht
2570 1431 2723 1491 glauben,
2754 1434 2806 1494 daß

347 1428 476 1488 unseres

523 1454 661 1514 armung
696 1452 747 1512 des
777 1456 950 1516 einzelnen,
973 1455 1048 1515 diese
1072 1459 1267 1519 Wahrheiten
1308 1460 1365 1520 sind
1401 1463 1458 1523 uns
1493 1463 1556 1523 jetzt
1586 1464 1649 1524 ein¬

1699 1464 1831 1524 wirklich
1860 1465 1918 1525 eine
1948 1467 1970 1527 so
1994 1467 2091 1527 rauhe
2115 1470 2317 1530 Behandlung
2347 1475 2370 1535 in
2405 1476 2537 1536 Aussicht
2561 1478 2734 1538 genommen
2770 1481 2815 1541 ist.

276 1473 292 1533 mn
327 1473 473 1533 Worten.

529 1499 658 1559 gebläut
682 1499 800 1559 worden
830 1501 882 1561 auf
900 1501 965 1561 eine
989 1500 1053 1560 sehr
1077 1504 1218 1564 unsanfte
1242 1506 1295 1566 und
1325 1508 1471 1568 peinliche
1496 1509 1566 1569 Art,
1584 1511 1636 1571 und

1700 1507 1773 1567 Wir
1792 1510 1914 1570 hoffen,
1933 1513 1982 1573 daß
2013 1515 2099 1575 unser
2124 1518 2406 1578 Finanzminister,
2425 1521 2511 1581 dessen
2542 1524 2628 1584 Rede
2647 1524 2695 1584 sich
2720 1524 2806 1584 durch

274 1521 311 1581 ion
349 1521 373 1581 zu
411 1521 466 1581 sein

537 1547 565 1607 zu
589 1545 687 1605 hoffen
734 1547 768 1607 ist
803 1545 878 1605 nur,
908 1548 976 1608 man
1006 1548 1104 1608 werde
1139 1550 1185 1610 die
1215 1553 1336 1613 Lektion
1366 1555 1405 1615 ein
1452 1556 1498 1616 für
1528 1557 1648 1617 allemal

1694 1554 1844 1614 Klarheit
1870 1557 1925 1617 und
1958 1560 2264 1620 Uebersichtlichkeit,
2283 1568 2370 1628 durch
2396 1568 2558 1628 Offenheit
2584 1569 2634 1629 und
2666 1570 2809 1630 Einfach¬

268 1565 361 1625 poche,
391 1565 449 1625 dan

526 1590 696 1650 begreifen,
715 1591 743 1651 es
774 1593 867 1653 werde
892 1593 967 1653 nicht
992 1596 1097 1656 binnen
1127 1596 1233 1656 kurzem
1269 1600 1380 1660 wieder
1404 1602 1451 1662 die
1475 1602 1645 1662 Spendier¬

309 1610 464 1670 gangenen

1703 1603 1760 1663 heit
1790 1603 2016 1663 auszeichnete,
2038 1607 2226 1667 mindestens
2257 1610 2278 1670 in
2315 1612 2409 1672 dieser
2439 1614 2591 1674 Richtung
2621 1617 2649 1677 zu
2687 1618 2816 1678 schwarz

530 1632 595 1692 lust
626 1634 703 1694 über
740 1635 788 1695 die
813 1637 1004 1697 Restriktion
1041 1643 1293 1703 triumphieren,
1324 1645 1372 1705 die
1397 1647 1637 1707 Wählerpolitik

1697 1648 1819 1708 gsehen
1856 1649 1928 1709 hat.

300 1658 477 1718 desterreich.

531 1680 598 1740 über
628 1679 672 1739 die
703 1683 950 1743 Staatspolitik,
973 1685 1025 1745 den
1056 1691 1332 1751 Inflationsteufel
1348 1694 1430 1754 Tüber
1461 1694 1512 1754 die
1536 1696 1647 1756 fran¬

324 1701 437 1761 historie

1797 1694 1859 1754 Dr.
1882 1697 2115 1757 Weidenhofer
2149 1701 2211 1761 hat
2245 1701 2297 1761 die
2319 1704 2467 1764 Abstriche
2501 1704 2531 1764 in
2575 1709 2627 1769 den
2661 1709 2798 1769 Ressarts

526 1730 607 1790 zielle
635 1727 846 1787 Redlichkeit.

1697 1741 1886 1801 geschildert,
1907 1742 1953 1802 die
1981 1745 2027 1805 zum
2070 1745 2177 1805 großen
2211 1748 2292 1808 Teile
2320 1751 2455 1811 bekannt
2483 1754 2604 1814 waren,
2625 1757 2814 1817 Ausgaben¬

275 1750 475 1810 Erkenntnis,

624 1773 699 1833 Das
723 1775 863 1835 Budget,
886 1778 940 1838 das
963 1778 1081 1838 gestern
1105 1782 1169 1842 Dr.
1192 1784 1420 1844 Weidenhoffer
1443 1787 1595 1847 vorlegte,
1607 1787 1638 1847 es

1688 1785 1873 1845 minderung
1923 1789 1988 1849 beim
2049 1794 2387 1854 Bundeskanzleramt
2430 1799 2465 1859 um
2532 1804 2803 1864 zweiundzwanzig

330 1796 464 1856 scheitern

524 1819 691 1879 entspricht
714 1822 890 1882 tatsächlich
914 1822 997 1882 jenen
1029 1825 1212 1885 Begriffen,
1236 1828 1280 1888 die
1304 1830 1357 1890 der
1381 1834 1647 1894 Finanzminister

333 1842 442 1902 gireche

1698 1834 1883 1894 Millionen,
1911 1837 1970 1897 beim
2017 1840 2189 1900 Justizamt
2216 1841 2249 1901 um
2297 1843 2342 1903 elf
2370 1845 2555 1905 Millionen,
2582 1849 2648 1909 beim
2695 1849 2807 1909 Unter¬

525 1864 564 1924 an
592 1866 637 1926 den
671 1866 810 1926 Eingang
844 1869 929 1929 seiner
957 1870 1036 1930 Rede
1056 1873 1176 1933 gestellt
1197 1874 1262 1934 hat,
1283 1877 1415 1937 nämlich
1442 1878 1488 1938 der
1509 1882 1634 1942 höchsten

293 1886 375 1946 härte
417 1888 470 1948 der

1698 1881 1979 1941 richtsministerium
2031 1887 2119 1947 sogar
2153 1886 2190 1946 um
2242 1891 2485 1951 einundzwanzig
2524 1895 2709 1955 Millionen,
2736 1897 2799 1957 was

527 1911 729 1971 Bedrängnis
760 1913 815 1973 und
846 1915 895 1975 der
921 1915 1043 1975 größten
1074 1921 1263 1981 Beengung.
1283 1921 1356 1981 Wir
1382 1927 1491 1987 hören,
1511 1927 1559 1987 daß
1596 1929 1639 1989 die

329 1934 465 1994 chnitzler

1688 1925 1777 1985 sicher
1816 1927 1937 1987 lebhaft
1982 1933 2007 1993 zu
2059 1935 2212 1995 bedauern
2264 1936 2321 1996 ist.
2360 1939 2436 1999 Das
2489 1941 2687 2001 Ministerium
2751 1942 2802 2002 für

524 1957 812 2017 Gesamtausgaben
842 1961 896 2021 von
927 1967 1431 2027 zweitausendeinhundertdreißig
1468 1975 1516 2035 auf
1546 1974 1636 2034 effek¬

342 1979 468 2039 Oester¬

1691 1973 1947 2033 Landwirtschaft
1980 1978 2111 2038 verliert
2150 1981 2205 2041 das
2244 1983 2382 2043 Ahtivum
2439 1985 2488 2045 des
2534 1988 2702 2048 Notopfers
2747 1990 2796 2050 von

520 2002 549 2062 tw
591 2005 886 2065 neunzehnhundert
916 2009 1110 2069 herabgesetzt
1134 2014 1276 2074 werden,
1294 2017 1353 2077 wir
1377 2017 1482 2077 sehen,
1508 2019 1560 2079 daß
1596 2021 1642 2081 der

328 2026 443 2086 leichsam

1688 2019 1940 2079 sechsundsechzig
1970 2025 2156 2085 Millionen.
2187 2025 2234 2085 Es
2277 2029 2343 2089 muß
2392 2031 2541 2091 außerdem
2584 2035 2650 2095 noch
2686 2037 2716 2097 um
2765 2038 2788 2098 el

519 2050 822 2110 Personalaufwand
867 2052 922 2112 von
967 2056 1093 2116 beinahe
1132 2060 1336 2120 achthundert
1376 2063 1541 2123 Millionen
1586 2066 1640 2126 auf

322 2073 467 2133 turmruf,

1688 2066 1850 2126 Millionen
1880 2070 2031 2130 niedriger
2056 2074 2285 2134 präliminieren
2322 2079 2363 2139 als
2394 2079 2442 2139 für
2473 2079 2551 2139 1931
2582 2082 2702 2142 geplant
2726 2085 2804 2145 war.

520 2094 615 2154 etwas
644 2095 728 2155 mehr
757 2097 802 2157 als
831 2101 1062 2161 siebenhundert
1086 2106 1249 2166 Millionen
1278 2109 1407 2169 gekürzt
1431 2112 1544 2172 werden
1578 2113 1639 2173 soll.

380 2117 467 2177 Vor¬

1685 2111 1752 2171 Das
1783 2116 2123 2176 Handelsministerium
2173 2121 2221 2181 hat
2254 2124 2358 2184 vierzig
2389 2127 2556 2187 Millionen
2587 2130 2617 2190 zu
2649 2132 2809 2192 streichen,

517 2142 587 2202 Wir
606 2143 783 2203 erfahren:
801 2146 848 2206 für
872 2147 943 2207 Post
962 2148 1014 2208 und
1044 2153 1215 2213 Eisenbahn
1240 2154 1340 2214 waren
1365 2158 1387 2218 im
1429 2160 1630 2220 Voranschlag

371 2165 453 2225 alles

1685 2160 1739 2220 das
1771 2163 2078 2223 Heeresministerium
2121 2169 2200 2229 sinkt
2226 2169 2250 2229 in
2287 2171 2378 2231 seinem
2422 2174 2545 2234 Budget
2570 2177 2625 2237 von
2656 2178 2803 2238 hundert¬

521 2187 564 2247 für
603 2190 690 2250 1931
722 2194 1123 2254 hundertsechsunddreißig
1174 2201 1336 2261 Millionen
1387 2206 1543 2266 Schilling

381 2211 455 2271 ums

1680 2209 1747 2269 zehn
1784 2209 1925 2269 Million.
1976 2214 2036 2274 auf
2055 2217 2307 2277 zweiundachtzig
2339 2222 2522 2282 Millionen,
2549 2222 2572 2282 es
2604 2225 2726 2285 kommt
2751 2225 2800 2285 auf

514 2237 892 2297 Investitionsausgaben
940 2245 1175 2305 präliminiert,
1211 2249 1258 2309 die
1301 2251 1359 2311 aus
1407 2254 1459 2314 der
1501 2255 1636 2315 Anleihe

345 2258 456 2318 werden

1686 2255 1736 2315 das
1769 2256 1883 2316 Niveau
1922 2261 1966 2321 des
1999 2264 2120 2324 Jahres
2152 2264 2235 2324 1927
2261 2268 2388 2328 zurück.
2408 2270 2612 2330 Erhöhungen
2651 2274 2708 2334 sind
2740 2273 2797 2333 nur

368 2305 458 2365 einer

559 2405 861 2465 MEHR
961 2413 1252 2473 LICHT
1320 2418 1438 2478 bei
1471 2424 1753 2484 gleichem
1830 2431 2709 2491 STROMVERBRAUCM

567 2482 665 2542 durch
693 2488 1671 2548 GRAAL-PRISMA-Lichtverstärker.
1699 2503 2120 2563 ERSPARMIS
2157 2506 2245 2566 bel
2274 2509 2416 2569 Jeder
2444 2513 2730 2573 LAMDE.

1017 2542 1148 2602 Wien,
1167 2545 1227 2605 III.
1245 2548 1685 2608 Prinz-Eugen-Strasse
1721 2555 1823 2615 1—3.
1842 2560 2034 2620 Telephon
2071 2560 2287 2620 U-17-206.

1676 2700 1811 2760 plötzlich
1837 2700 1860 2760 in
1893 2703 1981 2763 diesen
2014 2706 2174 2766 schwarzen
2207 2709 2351 2769 Abgrund
2384 2712 2552 2772 versunken
2577 2713 2632 2773 ist,
2658 2715 2721 2775 muß
2754 2715 2793 2775 ich

1669 2747 1720 2807 der
1749 2746 1867 2806 Stunde
1896 2748 1946 2808 von
1981 2751 2054 2811 einst
2077 2754 2252 2814 gedenken.
2270 2757 2320 2817 Da
2349 2758 2428 2818 steht
2451 2758 2501 2818 das
2536 2760 2609 2820 alles
2638 2762 2688 2822 vor
2717 2763 2790 2823 mir,

890 2766 1234 2826 Feuilleton.

365 2769 370 2829 r
404 2771 448 2831 ein

1671 2790 1724 2850 als
1755 2791 1796 2851 sei
1821 2792 1856 2852 es
1887 2796 1947 2856 erst
1971 2796 2085 2856 gestern
2122 2800 2247 2860 gewesen
2284 2803 2338 2863 und
2375 2802 2422 2862 als
2459 2805 2530 2865 seien
2567 2805 2645 2865 nicht
2675 2808 2783 2868 vierzig

370 2814 450 2874 ohne

1662 2838 1773 2898 Jahre
1804 2839 1939 2899 darüber
1970 2843 2171 2903 hingezogen.
2201 2846 2265 2906 Der
2295 2849 2485 2909 sommerlich
2521 2852 2692 2912 grünende,
2722 2852 2774 2912 vom

346 2861 375 2921 e,
395 2861 449 2921 das

779 2873 997 2933 Arthur
1038 2880 1358 2940 Schnitzler.

1670 2885 1877 2945 Sonnenlicht
1907 2889 2137 2949 durchfunkelte
2172 2891 2264 2951 Wald
2299 2893 2362 2953 und
2397 2896 2518 2956 Arthur
2547 2897 2714 2957 Schnitzler
2750 2898 2772 2958 in

340 2906 385 2966 ig.
412 2907 457 2967 die

878 2933 935 2993 Von
962 2938 1066 2998 Felix
1092 2940 1247 3000 Salten.

1667 2927 1713 2987 der
1741 2931 1917 2991 Schönheit
1946 2935 2033 2995 seiner
2061 2939 2210 2999 Jugend,
2232 2940 2285 3000 das
2320 2942 2434 3002 adelige
2462 2945 2578 3005 Antlitz
2606 2946 2659 3006 von
2687 2945 2788 3005 Weh¬

344 2951 354 3011 r
381 2951 449 3011 noch

1664 2974 1733 3034 mut
1763 2978 1978 3038 überschattet.

336 2999 456 3059 ungen,

592 3000 650 3060 Ein
681 3004 880 3064 Nachmittag
911 3005 934 3065 im
976 3008 1141 3068 Sommer.
1159 3010 1229 3070 Wir
1259 3011 1366 3071 gingen
1402 3014 1454 3074 von
1484 3014 1619 3074 Kloster¬

1761 3023 1886 3083 Immer
1913 3024 1966 3084 hat
1987 3027 2032 3087 ihn
2066 3028 2112 3088 der
2139 3030 2284 3090 Gedanke
2312 3032 2344 3092 an
2378 3033 2424 3093 den
2458 3035 2517 3095 Tod
2544 3038 2703 3098 begleitet,
2723 3038 2776 3098 das

319 3046 350 3106 n,
377 3044 451 3104 ohne

493 3047 636 3107 neuburg
671 3049 726 3109 her
759 3049 842 3109 durch
882 3049 931 3109 den
970 3050 1065 3110 Wald
1098 3053 1159 3113 auf
1188 3053 1237 3113 den
1276 3058 1493 3118 Kahlenberg.
1521 3060 1615 3120 Beide

1665 3069 1899 3129 Erschütternde
1936 3070 1983 3130 das
2014 3071 2056 3131 die
2075 3076 2351 3136 Vergänglichkeit
2376 3079 2449 3139 alles
2473 3081 2653 3141 Lebendigen
2684 3085 2702 3145 in
2726 3085 2774 3145 sich

298 3091 303 3151 3
325 3091 429 3151 Deme

499 3094 598 3154 waren
632 3095 686 3155 wir
709 3094 802 3154 jung,
825 3095 924 3155 waren
958 3100 1073 3160 fröhlich
1107 3101 1167 3161 und
1195 3102 1222 3162 in
1251 3103 1421 3163 vergnügte
1444 3106 1615 3166 Gespräche

1662 3114 1763 3174 birgt,
1788 3115 1842 3175 hat
1873 3115 1956 3175 seine
1987 3116 2077 3176 Seele
2108 3121 2318 3181 unaufhörlich
2361 3127 2548 3187 angerührt.
2573 3126 2650 3186 Eine
2687 3130 2777 3190 seiner

307 3136 385 3196 und
412 3138 451 3198 sei

497 3142 740 3202 eingesponnen.
758 3142 810 3202 Da
839 3142 914 3202 blieb
944 3145 1105 3205 Schnitzler
1129 3148 1257 3208 plötzlich
1280 3150 1379 3210 stehen
1408 3151 1466 3211 und
1496 3153 1622 3213 fragte:

1665 3158 1754 3218 ersten
1785 3160 1923 3220 Novellen
1954 3163 2043 3223 führt
2062 3165 2109 3225 den
2140 3169 2224 3229 Titel
2249 3172 2447 3232 „Sterben".
2465 3172 2501 3232 In
2532 3175 2627 3235 seinem
2670 3175 2772 3235 frühen

496 3187 658 3247 „Würden
696 3186 755 3246 Sie
783 3189 853 3249 auch
886 3188 912 3248 so
945 3192 1064 3252 freudig
1097 3196 1411 3256 draufloswandern,
1439 3199 1520 3259 wenn
1559 3197 1617 3257 Sie

1664 3207 1870 3267 Meisterwerk
1900 3211 2076 3271 „Liehelei"
2101 3213 2135 3273 ist
2160 3212 2188 3272 es
2219 3215 2265 3275 der
2289 3217 2371 3277 Tod,
2390 3217 2442 3277 der
2466 3219 2536 3279 zwei
2561 3220 2666 3280 Herzen
2702 3222 2778 3282 aus¬

286 3232 343 3292 uren
370 3228 445 3288 Vor=

498 3235 577 3295 ganz
609 3235 694 3295 sicher
725 3235 866 3295 wüßten,
897 3235 952 3295 daß
990 3236 1044 3296 Sie
1076 3240 1112 3300 am
1156 3241 1241 3301 Ende
1279 3242 1370 3302 dieses
1401 3244 1517 3304 Weges
1555 3245 1604 3305 von

1659 3252 1907 3312 einanderreißt.
1943 3253 2013 3313 Vom
2079 3256 2208 3316 Fenster
2250 3259 2302 3319 des
2356 3264 2468 3324 jungen
2516 3265 2692 3325 Mädchens
2740 3264 2769 3324 in

253 3276 349 3336 hertum
393 3277 440 3337 lag

496 3279 576 3339 einem
636 3281 797 3341 schwarzen
846 3280 997 3340 Abgrund
1046 3286 1256 3346 verschlungen
1305 3288 1483 3348 werden?“
1526 3291 1601 3351 Man

1662 3297 1832 3357 „Liebelei"
1880 3300 1956 3360 sieht
1992 3301 2057 3361 man
2105 3303 2152 3363 den
2199 3308 2412 3368 Kahlenberg.
2448 3309 2518 3369 Und
2560 3310 2612 3370 das
2654 3312 2695 3372 ist
2731 3312 2771 3372 die

193 3322 253 3382 ie
293 3321 321 3381 er
349 3321 444 3381 wußte

488 3324 601 3384 konnte
631 3327 801 3387 unmöglich
836 3329 972 3389 denken,
996 3330 1046 3390 daß
1087 3332 1115 3392 er
1144 3336 1223 3396 einen
1264 3334 1372 3394 Scherz
1401 3336 1616 3396 beabsichtige,

1653 3344 1883 3404 Schnitzlersche
1926 3346 2132 3406 Wesenheit:
2168 3351 2245 3411 diese
2287 3354 2410 3414 innige.
2435 3356 2665 3416 Verknüpfung
2713 3359 2765 3419 von

180 3366 190 3426 o
220 3368 349 3428 nehmen
384 3370 443 3430 wir

490 3370 564 3430 denn
601 3373 654 3433 sein
691 3374 812 3434 Antlitz
834 3374 934 3434 wurde
966 3375 1024 3435 mit
1052 3377 1130 3437 einem
1179 3381 1268 3441 Male
1300 3381 1353 3441 von
1385 3381 1474 3441 tiefem
1517 3384 1612 3444 Ernst

1658 3389 1748 3449 Wien
1775 3390 1833 3450 und
1860 3390 1984 3450 Wiener
2004 3395 2206 3455 Landschaft,
2226 3399 2271 3459 von
2304 3400 2526 3460 Lebensfreude
2552 3405 2611 3465 und
2638 3405 2774 3465 Schwer¬

111 3413 171 3473 von
202 3414 244 3474 ihm
288 3415 446 3475 Abschied.

491 3420 570 3480 ganz
599 3420 831 3480 zugeschlossen.
854 3421 944 3481 „Und
979 3423 1085 3483 doch",
1109 3426 1193 3486 sagte
1222 3426 1267 3486 er,
1296 3427 1346 3487 wie
1381 3429 1431 3489 zur
1460 3429 1606 3489 Antwort

1655 3434 1736 3494 mut,
1759 3437 1813 3497 von
1847 3437 1933 3497 Liebe
1961 3438 2021 3498 und
2049 3441 2136 3501 Tod.

94 3458 135 3518 ein
173 3458 294 3518 Urlaut
320 3461 441 3521 unseres

493 3461 549 3521 auf
578 3463 651 3523 mein
691 3465 894 3525 Schweigen,
923 3467 1001 3527 „und
1036 3469 1103 3529 doch
1138 3473 1227 3533 gehen
1267 3471 1323 3531 wir
1352 3475 1510 3535 Menschen
1550 3477 1606 3537 alle

1752 3481 1793 3541 Er
1821 3479 1903 3539 hatte
1931 3482 1966 3542 es
1994 3484 2076 3544 nicht
2097 3489 2200 3549 leicht,
2222 3491 2269 3551 sich
2304 3493 2538 3553 durchzusetzen.
2560 3494 2601 3554 Er
2629 3495 2670 3555 ist
2698 3497 2773 3557 nicht

87 3506 155 3566 ren,
178 3506 310 3566 reineren
339 3509 435 3569 Zeiten

491 3507 584 3567 diesen
624 3511 718 3571 Weg,
752 3512 884 3572 sorglos,
918 3513 1101 3573 unbedacht,
1130 3518 1212 3578 ohne
1246 3518 1362 3578 Angst,
1396 3521 1518 3581 obwohl
1551 3522 1612 3582 wir

1653 3528 1743 3588 gleich
1772 3527 1947 3587 verstanden
1983 3531 2124 3591 worden.
2142 3533 2204 3593 Ja,
2227 3534 2255 3594 es
2295 3538 2363 3598 darf
2392 3539 2494 3599 gesagt
2523 3541 2659 3601 werden,
2682 3542 2772 3602 dieser

171 3553 261 3613 seines
298 3554 438 3614 Wissens

488 3554 607 3614 wissen,
636 3557 692 3617 daß
738 3558 794 3618 wir
834 3559 890 3619 alle
930 3560 958 3620 in
998 3561 1049 3621 den
1089 3566 1253 3626 schwarzen
1299 3566 1445 3626 Abgrund
1486 3569 1598 3629 stürzen

1652 3570 1742 3630 echte,
1760 3573 1850 3633 dieser
1874 3575 2072 3635 einzigartige
2095 3578 2236 3638 Dichter,
2254 3581 2299 3641 der
2322 3584 2446 3644 zugleich
2476 3586 2554 3646 einer
2578 3587 2623 3647 der
2646 3587 2764 3647 edelsten

80 3599 134 3659 nihm
184 3602 365 3662 wenigstens
398 3602 425 3662 im

487 3602 630 3662 müssen.

1649 3617 1710 3677 und
1739 3618 1864 3678 reinsten
1893 3620 2045 3680 Menschen
2074 3623 2158 3683 war,
2176 3626 2226 3686 hat
2250 3626 2317 3686 noch
2346 3629 2390 3689 bis
2420 3629 2498 3689 ganz
2521 3632 2623 3692 zuletzt
2641 3634 2770 3694 stumpf¬

89 3644 139 3704 ben
168 3647 341 3707 schmerzlos
376 3649 442 3709 ent¬

578 3647 641 3707 Nie
664 3650 773 3710 wieder
803 3650 877 3710 habe
901 3650 936 3710 ich
965 3650 1051 3710 diesen
1080 3655 1230 3715 Moment
1248 3656 1415 3716 vergessen,
1439 3659 1507 3719 hab'
1531 3661 1600 3721 mich

1650 3662 1782 3722 sinnigen
1826 3664 2026 3724 Widerstand
2065 3669 2125 3729 und
2164 3672 2368 3732 tendenziösen
2414 3674 2579 3734 Unglimpi
2613 3679 2767 3739 erduldet.

82 3693 172 3753 schen,
198 3694 252 3754 für
277 3692 331 3752 das
363 3694 435 3754 voll¬

487 3691 592 3751 immer
625 3694 741 3754 lebhaft
773 3695 868 3755 seiner
895 3695 1048 3755 erinnert,
1070 3701 1148 3761 nicht
1176 3705 1265 3765 bloß,
1292 3703 1371 3763 wenn
1409 3705 1445 3765 ich
1478 3706 1604 3766 nachher

1645 3707 1718 3767 Mit
1745 3708 1866 3768 welchem
1915 3712 2020 3772 Hohn,
2047 3713 2104 3773 mit
2131 3717 2253 3777 welchem
2301 3718 2400 3778 Spott
2427 3719 2496 3779 aber
2528 3721 2649 3781 wurden
2692 3724 2765 3784 seine

85 3738 114 3798 hie
145 3739 241 3799 Ehren
272 3739 320 3799 für
351 3742 429 3802 einen

485 3740 576 3800 allein
609 3739 674 3799 oder
701 3742 760 3802 mit
783 3742 864 3802 sonst
886 3742 1043 3802 jemandem
1092 3746 1167 3806 über
1194 3748 1238 3808 den
1271 3751 1600 3811 Propst=Ubald=Weg

1646 3754 1737 3814 ersten
1775 3754 1921 3814 Anfänge
1954 3760 2110 3820 begleitet.
2132 3763 2191 3823 Ein
2230 3763 2424 3823 Lebemann,
2446 3766 2544 3826 sagten
2582 3769 2630 3829 die
2663 3771 2770 3831 Leute,

466 3787 540 3847 auf
564 3787 615 3847 den
645 3790 840 3850 Kahlenberg
869 3792 955 3852 stieg.
979 3792 1041 3852 Und
1071 3794 1151 3854 jetzt,
1175 3796 1203 3856 da
1232 3796 1353 3856 Arthur
1382 3798 1543 3858 Schnitzler
1572 3800 1595 3860 so
1647 3800 1693 3860 ein
1728 3800 1848 3860 frivoler
1878 3805 2067 3865 Verführer,
2091 3808 2130 3868 ein
2166 3810 2413 3870 Genußmensch,
2442 3814 2493 3874 der
2529 3814 2574 3874 sich
2604 3817 2764 3877 einbildet,

1796 3903 1979 3963 Ausstellung
2009 3906 2144 3966 aktueller
2170 3910 2499 3970 Herbrt-Neuheiten
2543 3913 2567 3973 in
2601 3914 2649 3974 der

1797 3945 2208 4005 Herzmansky-Passage
2235 3948 2331 4008 täglich
2357 3951 2397 4011 bis
2423 3951 2433 4011 8
2459 3951 2515 4011 Uhr
2541 3953 2647 4013 abends

79 3951 190 4011 liten
274 3951 323 4011 in
396 3954 786 4014 Jutterseide
859 3959 970 4019 und
1053 3963 1504 4023 Reiderseide

2092 3984 2145 4044 frei
2164 3985 2347 4045 zugänglich.

79 4020 151 4080 ben-
176 4021 232 4081 und
265 4023 401 4083 Dessins¬

564 4026 665 4086 Crèpe
696 4029 737 4089 de
762 4029 864 4089 Chine
895 4029 936 4089 für
955 4029 1081 4089 Kleider,
1094 4029 1129 4089 90
1154 4030 1195 4090 bis
1221 4032 1250 4092 98
1269 4032 1298 4092 em
1335 4032 1418 4092 breit,

1074 4070 1121 4130 per
1145 4071 1234 4131 Maler
1258 4071 1269 4131 S
1299 4073 1400 4133 12.—,
1413 4074 1477 4134 6.50
1508 4074 1554 4134 und
1579 4075 1590 4135 S
1638 4075 1708 4135 3.40

85 4091 98 4151 S
127 4093 211 4153 5.20,
226 4094 309 4154 4.50,
324 4097 401 4157 3.60,
437 4097 506 4157 2.80

566 4103 673 4163 Crèpe
698 4106 872 4166 Georgette
902 4103 944 4163 für
963 4103 1088 4163 Kleider,
1107 4106 1136 4166 96
1155 4109 1178 4169 cm
1221 4109 1298 4169 breit,

87 4133 160 4193 Vilät,
176 4133 197 4193 in
213 4133 279 4193 allen
301 4133 396 4193 Mode-

1422 4149 1478 4209 2a0
1507 4157 1549 4217 unt
1564 4158 1648 4218 L12
