<?xml version="1.0" encoding="UTF-8" standalone="yes"?>
<PcGts xmlns="http://schema.primaresearch.org/PAGE/gts/pagecontent/2013-07-15" xmlns:xsi="http://www.w3.org/2001/XMLSchema-instance" xsi:schemaLocation="http://schema.primaresearch.org/PAGE/gts/pagecontent/2013-07-15 http://schema.primaresearch.org/PAGE/gts/pagecontent/2013-07-15/pagecontent.xsd">
    <Metadata>
        <Creator>prov=READ-COOP:name=PyLaia@TranskribusPlatform:version=2.12.1:model_id=39995:lm=none:date=09_04_2024_22:48</Creator>
        <Created>2019-10-07T20:37:26.118+02:00</Created>
        <LastChange>2024-04-09T22:48:52.895+02:00</LastChange>
        <TranskribusMetadata docId="224459" pageId="9580166" pageNr="35" tsid="157629540" status="IN_PROGRESS" userId="64420" imgUrl="https://files.transkribus.eu/Get?id=NEQOOESXFCBEBPVQXDNZRAOX&amp;fileType=view" xmlUrl="https://files.transkribus.eu/Get?id=RQCVOCYMIWIYSFWRKLTZJVTV" imageId="6208561"/>
    </Metadata>
    <Page imageFilename="224459_0035.jpeg" imageWidth="3344" imageHeight="4320">
        <ReadingOrder>
            <OrderedGroup id="ro_1712938024554" caption="Regions reading order">
                <RegionRefIndexed index="0" regionRef="tr_1"/>
            </OrderedGroup>
        </ReadingOrder>
        <TextRegion orientation="0.0" id="tr_1" custom="readingOrder {index:0;}">
            <Coords points="164,64 164,3514 2937,3514 2937,64"/>
            <TextLine id="tr_1_tl_1" custom="readingOrder {index:0;}">
                <Coords points="188,110 241,122 272,106 298,124 327,110 349,122 393,97 464,128 508,113 511,44 473,27 369,53 343,27 309,33 278,13 259,27 190,29"/>
                <Baseline points="200,95 226,93 252,92 278,92 304,91 330,89 356,88 382,86 408,84 434,84 460,85 486,88 513,92"/>
                <TextEquiv>
                    <Unicode></Unicode>
                </TextEquiv>
            </TextLine>
            <TextLine id="tr_1_tl_2" custom="readingOrder {index:1;}">
                <Coords points="1443,329 1616,325 1649,292 1722,336 1801,307 1823,327 1872,307 1872,234 1706,234 1633,265 1578,243 1534,256 1505,236 1443,243"/>
                <Baseline points="1456,298 1482,300 1508,301 1534,301 1561,301 1587,301 1613,301 1640,301 1666,301 1692,302 1719,304 1745,304 1771,304 1798,300 1824,299 1850,300 1877,301"/>
                <Word id="tr_1_tl_2_w1" custom="readingOrder {index:0;}">
                    <Coords points="1448,261 1448,321 1571,321 1571,261"/>
                    <TextEquiv>
                        <Unicode>box</Unicode>
                    </TextEquiv>
                </Word>
                <Word id="tr_1_tl_2_w2" custom="readingOrder {index:1;}">
                    <Coords points="1649,264 1649,324 1834,324 1834,264"/>
                    <TextEquiv>
                        <Unicode>42/6</Unicode>
                    </TextEquiv>
                </Word>
                <TextEquiv>
                    <Unicode>box 42/6</Unicode>
                </TextEquiv>
            </TextLine>
            <TextLine id="tr_1_tl_3" custom="readingOrder {index:2;}">
                <Coords points="152,305 407,347 1269,336 1271,254 1224,241 155,261"/>
                <Baseline points="164,307 219,307 275,309 330,313 386,316 441,312 497,310 552,310 608,310 663,307 719,307 774,307 830,310 885,309 941,309 996,308 1052,307 1107,305 1163,309 1218,308 1274,304"/>
                <Word id="tr_1_tl_3_w1" custom="readingOrder {index:0;}">
                    <Coords points="161,267 161,327 280,327 280,267"/>
                    <TextEquiv>
                        <Unicode>2.</Unicode>
                    </TextEquiv>
                </Word>
                <Word id="tr_1_tl_3_w2" custom="readingOrder {index:1;}">
                    <Coords points="341,268 341,328 939,328 939,268"/>
                    <TextEquiv>
                        <Unicode>Schnitzlers</Unicode>
                    </TextEquiv>
                </Word>
                <Word id="tr_1_tl_3_w3" custom="readingOrder {index:2;}">
                    <Coords points="1010,266 1010,326 1238,326 1238,266"/>
                    <TextEquiv>
                        <Unicode>Deach</Unicode>
                    </TextEquiv>
                </Word>
                <TextEquiv>
                    <Unicode>2. Schnitzlers Deach</Unicode>
                </TextEquiv>
            </TextLine>
            <TextLine id="tr_1_tl_4" custom="readingOrder {index:3;}">
                <Coords points="272,1366 2031,1372 2031,1306 1985,1302 272,1326"/>
                <Baseline points="283,1358 370,1359 458,1359 545,1355 633,1355 721,1352 808,1352 896,1352 984,1349 1071,1346 1159,1346 1247,1346 1334,1342 1422,1344 1510,1346 1597,1346 1685,1346 1773,1346 1860,1346 1948,1346 2036,1346"/>
                <Word id="tr_1_tl_4_w1" custom="readingOrder {index:0;}">
                    <Coords points="278,1318 278,1378 357,1378 357,1318"/>
                    <TextEquiv>
                        <Unicode>uns.</Unicode>
                    </TextEquiv>
                </Word>
                <Word id="tr_1_tl_4_w2" custom="readingOrder {index:1;}">
                    <Coords points="374,1319 374,1379 464,1379 464,1319"/>
                    <TextEquiv>
                        <Unicode>Denn</Unicode>
                    </TextEquiv>
                </Word>
                <Word id="tr_1_tl_4_w3" custom="readingOrder {index:2;}">
                    <Coords points="499,1315 499,1375 571,1375 571,1315"/>
                    <TextEquiv>
                        <Unicode>auch</Unicode>
                    </TextEquiv>
                </Word>
                <Word id="tr_1_tl_4_w4" custom="readingOrder {index:3;}">
                    <Coords points="600,1315 600,1375 650,1375 650,1315"/>
                    <TextEquiv>
                        <Unicode>er,</Unicode>
                    </TextEquiv>
                </Word>
                <Word id="tr_1_tl_4_w5" custom="readingOrder {index:4;}">
                    <Coords points="668,1312 668,1372 718,1372 718,1312"/>
                    <TextEquiv>
                        <Unicode>der</Unicode>
                    </TextEquiv>
                </Word>
                <Word id="tr_1_tl_4_w6" custom="readingOrder {index:5;}">
                    <Coords points="747,1312 747,1372 888,1372 888,1312"/>
                    <TextEquiv>
                        <Unicode>Dichter,</Unicode>
                    </TextEquiv>
                </Word>
                <Word id="tr_1_tl_4_w7" custom="readingOrder {index:6;}">
                    <Coords points="905,1310 905,1370 955,1370 955,1310"/>
                    <TextEquiv>
                        <Unicode>der</Unicode>
                    </TextEquiv>
                </Word>
                <Word id="tr_1_tl_4_w8" custom="readingOrder {index:7;}">
                    <Coords points="984,1308 984,1368 1029,1368 1029,1308"/>
                    <TextEquiv>
                        <Unicode>die</Unicode>
                    </TextEquiv>
                </Word>
                <Word id="tr_1_tl_4_w9" custom="readingOrder {index:8;}">
                    <Coords points="1058,1306 1058,1366 1142,1366 1142,1306"/>
                    <TextEquiv>
                        <Unicode>Welt</Unicode>
                    </TextEquiv>
                </Word>
                <Word id="tr_1_tl_4_w10" custom="readingOrder {index:9;}">
                    <Coords points="1171,1305 1171,1365 1328,1365 1328,1305"/>
                    <TextEquiv>
                        <Unicode>eintrifft.</Unicode>
                    </TextEquiv>
                </Word>
                <Word id="tr_1_tl_4_w11" custom="readingOrder {index:10;}">
                    <Coords points="1346,1304 1346,1364 1503,1364 1503,1304"/>
                    <TextEquiv>
                        <Unicode>Christine</Unicode>
                    </TextEquiv>
                </Word>
                <Word id="tr_1_tl_4_w12" custom="readingOrder {index:11;}">
                    <Coords points="1532,1306 1532,1366 1599,1366 1599,1306"/>
                    <TextEquiv>
                        <Unicode>geht</Unicode>
                    </TextEquiv>
                </Word>
                <Word id="tr_1_tl_4_w13" custom="readingOrder {index:12;}">
                    <Coords points="1623,1306 1623,1366 1712,1366 1712,1306"/>
                    <TextEquiv>
                        <Unicode>selbst</Unicode>
                    </TextEquiv>
                </Word>
                <Word id="tr_1_tl_4_w14" custom="readingOrder {index:13;}">
                    <Coords points="1736,1306 1736,1366 1757,1366 1757,1306"/>
                    <TextEquiv>
                        <Unicode>in</Unicode>
                    </TextEquiv>
                </Word>
                <Word id="tr_1_tl_4_w15" custom="readingOrder {index:14;}">
                    <Coords points="1792,1306 1792,1366 1842,1366 1842,1306"/>
                    <TextEquiv>
                        <Unicode>den</Unicode>
                    </TextEquiv>
                </Word>
                <Word id="tr_1_tl_4_w16" custom="readingOrder {index:15;}">
                    <Coords points="1871,1306 1871,1366 1955,1366 1955,1306"/>
                    <TextEquiv>
                        <Unicode>Tod,</Unicode>
                    </TextEquiv>
                </Word>
                <Word id="tr_1_tl_4_w17" custom="readingOrder {index:16;}">
                    <Coords points="1973,1306 1973,1366 2028,1366 2028,1306"/>
                    <TextEquiv>
                        <Unicode>das</Unicode>
                    </TextEquiv>
                </Word>
                <TextEquiv>
                    <Unicode>uns. Denn auch er, der Dichter, der die Welt eintrifft. Christine geht selbst in den Tod, das</Unicode>
                </TextEquiv>
            </TextLine>
            <TextLine id="tr_1_tl_5" custom="readingOrder {index:4;}">
                <Coords points="2062,1355 2316,1339 2356,1368 2597,1348 2922,1375 2922,1319 2062,1311"/>
                <Baseline points="2074,1346 2116,1349 2159,1349 2202,1349 2244,1349 2287,1349 2330,1351 2372,1352 2415,1352 2458,1354 2501,1355 2543,1356 2586,1355 2629,1356 2671,1358 2714,1361 2757,1361 2799,1361 2842,1361 2885,1361 2928,1364"/>
                <Word id="tr_1_tl_5_w1" custom="readingOrder {index:0;}">
                    <Coords points="2062,1309 2062,1369 2274,1369 2274,1309"/>
                    <TextEquiv>
                        <Unicode>Selbstmord.</Unicode>
                    </TextEquiv>
                </Word>
                <Word id="tr_1_tl_5_w2" custom="readingOrder {index:1;}">
                    <Coords points="2306,1311 2306,1371 2410,1371 2410,1311"/>
                    <TextEquiv>
                        <Unicode>Ihres</Unicode>
                    </TextEquiv>
                </Word>
                <Word id="tr_1_tl_5_w3" custom="readingOrder {index:2;}">
                    <Coords points="2447,1315 2447,1375 2566,1375 2566,1315"/>
                    <TextEquiv>
                        <Unicode>Gatten</Unicode>
                    </TextEquiv>
                </Word>
                <Word id="tr_1_tl_5_w4" custom="readingOrder {index:3;}">
                    <Coords points="2608,1317 2608,1377 2701,1377 2701,1317"/>
                    <TextEquiv>
                        <Unicode>müde</Unicode>
                    </TextEquiv>
                </Word>
                <Word id="tr_1_tl_5_w5" custom="readingOrder {index:4;}">
                    <Coords points="2738,1321 2738,1381 2920,1381 2920,1321"/>
                    <TextEquiv>
                        <Unicode>geworden,</Unicode>
                    </TextEquiv>
                </Word>
                <TextEquiv>
                    <Unicode>Selbstmord. Ihres Gatten müde geworden,</Unicode>
                </TextEquiv>
            </TextLine>
            <TextLine id="tr_1_tl_6" custom="readingOrder {index:5;}">
                <Coords points="1176,1417 1925,1406 1925,1364 1885,1353 1176,1355"/>
                <Baseline points="1188,1391 1225,1391 1262,1391 1299,1390 1336,1388 1373,1388 1410,1388 1447,1390 1484,1391 1521,1391 1558,1391 1595,1391 1632,1391 1669,1391 1706,1391 1743,1391 1780,1391 1817,1391 1854,1391 1891,1391 1928,1391"/>
                <Word id="tr_1_tl_6_w1" custom="readingOrder {index:0;}">
                    <Coords points="1176,1351 1176,1411 1274,1411 1274,1351"/>
                    <TextEquiv>
                        <Unicode>Opfer</Unicode>
                    </TextEquiv>
                </Word>
                <Word id="tr_1_tl_6_w2" custom="readingOrder {index:1;}">
                    <Coords points="1296,1348 1296,1408 1383,1408 1383,1348"/>
                    <TextEquiv>
                        <Unicode>ihrer</Unicode>
                    </TextEquiv>
                </Word>
                <Word id="tr_1_tl_6_w3" custom="readingOrder {index:2;}">
                    <Coords points="1405,1350 1405,1410 1519,1410 1519,1350"/>
                    <TextEquiv>
                        <Unicode>ersten,</Unicode>
                    </TextEquiv>
                </Word>
                <Word id="tr_1_tl_6_w4" custom="readingOrder {index:3;}">
                    <Coords points="1536,1351 1536,1411 1623,1411 1623,1351"/>
                    <TextEquiv>
                        <Unicode>ihrer</Unicode>
                    </TextEquiv>
                </Word>
                <Word id="tr_1_tl_6_w5" custom="readingOrder {index:4;}">
                    <Coords points="1645,1351 1645,1411 1781,1411 1781,1351"/>
                    <TextEquiv>
                        <Unicode>einzigen</Unicode>
                    </TextEquiv>
                </Word>
                <Word id="tr_1_tl_6_w6" custom="readingOrder {index:5;}">
                    <Coords points="1809,1351 1809,1411 1917,1411 1917,1351"/>
                    <TextEquiv>
                        <Unicode>Liebe.</Unicode>
                    </TextEquiv>
                </Word>
                <TextEquiv>
                    <Unicode>Opfer ihrer ersten, ihrer einzigen Liebe.</Unicode>
                </TextEquiv>
            </TextLine>
            <TextLine id="tr_1_tl_7" custom="readingOrder {index:6;}">
                <Coords points="272,1419 1145,1408 1120,1353 873,1375 740,1350 484,1386 274,1366"/>
                <Baseline points="286,1403 329,1403 372,1403 415,1401 458,1400 501,1400 544,1400 588,1400 631,1399 674,1397 717,1397 760,1396 803,1395 846,1396 890,1394 933,1394 976,1394 1019,1391 1062,1391 1105,1391 1149,1394"/>
                <Word id="tr_1_tl_7_w1" custom="readingOrder {index:0;}">
                    <Coords points="277,1363 277,1423 345,1423 345,1363"/>
                    <TextEquiv>
                        <Unicode>stets</Unicode>
                    </TextEquiv>
                </Word>
                <Word id="tr_1_tl_7_w2" custom="readingOrder {index:1;}">
                    <Coords points="383,1360 383,1420 456,1420 456,1360"/>
                    <TextEquiv>
                        <Unicode>allzu</Unicode>
                    </TextEquiv>
                </Word>
                <Word id="tr_1_tl_7_w3" custom="readingOrder {index:2;}">
                    <Coords points="499,1359 499,1419 741,1419 741,1359"/>
                    <TextEquiv>
                        <Unicode>anspruchsvoll</Unicode>
                    </TextEquiv>
                </Word>
                <Word id="tr_1_tl_7_w4" custom="readingOrder {index:3;}">
                    <Coords points="768,1355 768,1415 863,1415 863,1355"/>
                    <TextEquiv>
                        <Unicode>fand,</Unicode>
                    </TextEquiv>
                </Word>
                <Word id="tr_1_tl_7_w5" custom="readingOrder {index:4;}">
                    <Coords points="890,1354 890,1414 963,1414 963,1354"/>
                    <TextEquiv>
                        <Unicode>allzu</Unicode>
                    </TextEquiv>
                </Word>
                <Word id="tr_1_tl_7_w6" custom="readingOrder {index:5;}">
                    <Coords points="1006,1351 1006,1411 1137,1411 1137,1351"/>
                    <TextEquiv>
                        <Unicode>begierig</Unicode>
                    </TextEquiv>
                </Word>
                <TextEquiv>
                    <Unicode>stets allzu anspruchsvoll fand, allzu begierig</Unicode>
                </TextEquiv>
            </TextLine>
            <TextLine id="tr_1_tl_8" custom="readingOrder {index:7;}">
                <Coords points="2060,1408 2919,1417 2919,1375 2888,1366 2718,1386 2601,1353 2060,1353"/>
                <Baseline points="2071,1391 2113,1394 2156,1391 2199,1391 2241,1393 2284,1394 2327,1394 2369,1396 2412,1397 2455,1399 2498,1400 2540,1400 2583,1398 2626,1400 2668,1400 2711,1406 2754,1403 2796,1403 2839,1403 2882,1403 2925,1406"/>
                <Word id="tr_1_tl_8_w1" custom="readingOrder {index:0;}">
                    <Coords points="2055,1351 2055,1411 2103,1411 2103,1351"/>
                    <TextEquiv>
                        <Unicode>den</Unicode>
                    </TextEquiv>
                </Word>
                <Word id="tr_1_tl_8_w2" custom="readingOrder {index:1;}">
                    <Coords points="2137,1351 2137,1411 2174,1411 2174,1351"/>
                    <TextEquiv>
                        <Unicode>sie</Unicode>
                    </TextEquiv>
                </Word>
                <Word id="tr_1_tl_8_w3" custom="readingOrder {index:2;}">
                    <Coords points="2202,1352 2202,1412 2261,1412 2261,1352"/>
                    <TextEquiv>
                        <Unicode>aus</Unicode>
                    </TextEquiv>
                </Word>
                <Word id="tr_1_tl_8_w4" custom="readingOrder {index:3;}">
                    <Coords points="2295,1354 2295,1414 2381,1414 2381,1354"/>
                    <TextEquiv>
                        <Unicode>Liebe</Unicode>
                    </TextEquiv>
                </Word>
                <Word id="tr_1_tl_8_w5" custom="readingOrder {index:4;}">
                    <Coords points="2409,1359 2409,1419 2584,1419 2584,1359"/>
                    <TextEquiv>
                        <Unicode>geheiratet</Unicode>
                    </TextEquiv>
                </Word>
                <Word id="tr_1_tl_8_w6" custom="readingOrder {index:5;}">
                    <Coords points="2612,1360 2612,1420 2715,1420 2715,1360"/>
                    <TextEquiv>
                        <Unicode>hatte,</Unicode>
                    </TextEquiv>
                </Word>
                <Word id="tr_1_tl_8_w7" custom="readingOrder {index:6;}">
                    <Coords points="2753,1363 2753,1423 2824,1423 2824,1363"/>
                    <TextEquiv>
                        <Unicode>war</Unicode>
                    </TextEquiv>
                </Word>
                <Word id="tr_1_tl_8_w8" custom="readingOrder {index:7;}">
                    <Coords points="2873,1363 2873,1423 2911,1423 2911,1363"/>
                    <TextEquiv>
                        <Unicode>sie</Unicode>
                    </TextEquiv>
                </Word>
                <TextEquiv>
                    <Unicode>den sie aus Liebe geheiratet hatte, war sie</Unicode>
                </TextEquiv>
            </TextLine>
            <TextLine id="tr_1_tl_9" custom="readingOrder {index:8;}">
                <Coords points="2064,1448 2586,1452 2586,1408 2431,1423 2290,1397 2064,1401"/>
                <Baseline points="2077,1433 2102,1435 2128,1436 2154,1436 2179,1436 2205,1436 2231,1437 2256,1439 2282,1439 2308,1439 2334,1439 2359,1440 2385,1441 2411,1441 2436,1441 2462,1441 2488,1442 2513,1443 2539,1444 2565,1444 2591,1444"/>
                <Word id="tr_1_tl_9_w1" custom="readingOrder {index:0;}">
                    <Coords points="2064,1395 2064,1455 2144,1455 2144,1395"/>
                    <TextEquiv>
                        <Unicode>einem</Unicode>
                    </TextEquiv>
                </Word>
                <Word id="tr_1_tl_9_w2" custom="readingOrder {index:1;}">
                    <Coords points="2198,1399 2198,1459 2407,1459 2407,1399"/>
                    <TextEquiv>
                        <Unicode>Aristokraten</Unicode>
                    </TextEquiv>
                </Word>
                <Word id="tr_1_tl_9_w3" custom="readingOrder {index:2;}">
                    <Coords points="2445,1402 2445,1462 2578,1462 2578,1402"/>
                    <TextEquiv>
                        <Unicode>gefolgt.</Unicode>
                    </TextEquiv>
                </Word>
                <TextEquiv>
                    <Unicode>einem Aristokraten gefolgt.</Unicode>
                </TextEquiv>
            </TextLine>
            <TextLine id="tr_1_tl_10" custom="readingOrder {index:9;}">
                <Coords points="272,1452 1048,1474 1143,1450 1145,1408 1109,1399 274,1419"/>
                <Baseline points="283,1444 326,1446 369,1445 412,1444 456,1444 499,1444 542,1444 586,1443 629,1441 672,1440 716,1440 759,1440 802,1439 845,1439 889,1439 932,1439 975,1439 1019,1439 1062,1439 1105,1439 1149,1439"/>
                <Word id="tr_1_tl_10_w1" custom="readingOrder {index:0;}">
                    <Coords points="278,1405 278,1465 342,1465 342,1405"/>
                    <TextEquiv>
                        <Unicode>nach</Unicode>
                    </TextEquiv>
                </Word>
                <Word id="tr_1_tl_10_w2" custom="readingOrder {index:1;}">
                    <Coords points="376,1404 376,1464 462,1464 462,1404"/>
                    <TextEquiv>
                        <Unicode>eitlem</Unicode>
                    </TextEquiv>
                </Word>
                <Word id="tr_1_tl_10_w3" custom="readingOrder {index:2;}">
                    <Coords points="511,1403 511,1463 620,1463 620,1403"/>
                    <TextEquiv>
                        <Unicode>Wissen</Unicode>
                    </TextEquiv>
                </Word>
                <Word id="tr_1_tl_10_w4" custom="readingOrder {index:3;}">
                    <Coords points="653,1400 653,1460 664,1460 664,1400"/>
                    <TextEquiv>
                        <Unicode>—</Unicode>
                    </TextEquiv>
                </Word>
                <Word id="tr_1_tl_10_w5" custom="readingOrder {index:4;}">
                    <Coords points="719,1400 719,1460 788,1460 788,1400"/>
                    <TextEquiv>
                        <Unicode>auch</Unicode>
                    </TextEquiv>
                </Word>
                <Word id="tr_1_tl_10_w6" custom="readingOrder {index:5;}">
                    <Coords points="816,1399 816,1459 848,1459 848,1399"/>
                    <TextEquiv>
                        <Unicode>er</Unicode>
                    </TextEquiv>
                </Word>
                <Word id="tr_1_tl_10_w7" custom="readingOrder {index:6;}">
                    <Coords points="877,1399 877,1459 914,1459 914,1399"/>
                    <TextEquiv>
                        <Unicode>ist</Unicode>
                    </TextEquiv>
                </Word>
                <Word id="tr_1_tl_10_w8" custom="readingOrder {index:7;}">
                    <Coords points="937,1399 937,1459 1006,1459 1006,1399"/>
                    <TextEquiv>
                        <Unicode>stets</Unicode>
                    </TextEquiv>
                </Word>
                <Word id="tr_1_tl_10_w9" custom="readingOrder {index:8;}">
                    <Coords points="1040,1399 1040,1459 1142,1459 1142,1399"/>
                    <TextEquiv>
                        <Unicode>hinter</Unicode>
                    </TextEquiv>
                </Word>
                <TextEquiv>
                    <Unicode>nach eitlem Wissen — auch er ist stets hinter</Unicode>
                </TextEquiv>
            </TextLine>
            <TextLine id="tr_1_tl_11" custom="readingOrder {index:10;}">
                <Coords points="2619,1452 2703,1463 2725,1450 2745,1461 2793,1452 2807,1465 2838,1452 2858,1463 2928,1452 2928,1414 2888,1421 2866,1401 2849,1401 2831,1421 2818,1408 2780,1414 2754,1403 2709,1417 2619,1412"/>
                <Baseline points="2630,1441 2655,1441 2680,1441 2706,1441 2731,1442 2756,1443 2782,1445 2807,1447 2832,1447 2858,1447 2883,1447 2908,1447 2934,1447"/>
                <Word id="tr_1_tl_11_w1" custom="readingOrder {index:0;}">
                    <Coords points="2625,1401 2625,1461 2706,1461 2706,1401"/>
                    <TextEquiv>
                        <Unicode>Aber</Unicode>
                    </TextEquiv>
                </Word>
                <Word id="tr_1_tl_11_w2" custom="readingOrder {index:1;}">
                    <Coords points="2745,1404 2745,1464 2810,1464 2810,1404"/>
                    <TextEquiv>
                        <Unicode>auch</Unicode>
                    </TextEquiv>
                </Word>
                <Word id="tr_1_tl_11_w3" custom="readingOrder {index:2;}">
                    <Coords points="2849,1407 2849,1467 2914,1467 2914,1407"/>
                    <TextEquiv>
                        <Unicode>hier</Unicode>
                    </TextEquiv>
                </Word>
                <TextEquiv>
                    <Unicode>Aber auch hier</Unicode>
                </TextEquiv>
            </TextLine>
            <TextLine id="tr_1_tl_12" custom="readingOrder {index:11;}">
                <Coords points="1255,1485 2833,1514 2922,1503 2922,1456 2053,1452 1892,1410 1611,1456 1253,1432"/>
                <Baseline points="1268,1477 1350,1474 1433,1474 1516,1476 1599,1477 1682,1476 1765,1477 1847,1477 1930,1477 2013,1477 2096,1479 2179,1478 2262,1481 2345,1483 2427,1486 2510,1486 2593,1488 2676,1486 2759,1486 2842,1489 2925,1492"/>
                <Word id="tr_1_tl_12_w1" custom="readingOrder {index:0;}">
                    <Coords points="1253,1436 1253,1496 1321,1496 1321,1436"/>
                    <TextEquiv>
                        <Unicode>Oft</Unicode>
                    </TextEquiv>
                </Word>
                <Word id="tr_1_tl_12_w2" custom="readingOrder {index:1;}">
                    <Coords points="1354,1434 1354,1494 1411,1494 1411,1434"/>
                    <TextEquiv>
                        <Unicode>und</Unicode>
                    </TextEquiv>
                </Word>
                <Word id="tr_1_tl_12_w3" custom="readingOrder {index:2;}">
                    <Coords points="1444,1434 1444,1494 1491,1494 1491,1434"/>
                    <TextEquiv>
                        <Unicode>oft</Unicode>
                    </TextEquiv>
                </Word>
                <Word id="tr_1_tl_12_w4" custom="readingOrder {index:3;}">
                    <Coords points="1519,1436 1519,1496 1576,1496 1576,1436"/>
                    <TextEquiv>
                        <Unicode>hat</Unicode>
                    </TextEquiv>
                </Word>
                <Word id="tr_1_tl_12_w5" custom="readingOrder {index:4;}">
                    <Coords points="1609,1436 1609,1496 1672,1496 1672,1436"/>
                    <TextEquiv>
                        <Unicode>man</Unicode>
                    </TextEquiv>
                </Word>
                <Word id="tr_1_tl_12_w6" custom="readingOrder {index:5;}">
                    <Coords points="1715,1436 1715,1496 1768,1496 1768,1436"/>
                    <TextEquiv>
                        <Unicode>dem</Unicode>
                    </TextEquiv>
                </Word>
                <Word id="tr_1_tl_12_w7" custom="readingOrder {index:6;}">
                    <Coords points="1816,1437 1816,1497 1942,1497 1942,1437"/>
                    <TextEquiv>
                        <Unicode>Dichter</Unicode>
                    </TextEquiv>
                </Word>
                <Word id="tr_1_tl_12_w8" custom="readingOrder {index:7;}">
                    <Coords points="1975,1437 1975,1497 2017,1497 2017,1437"/>
                    <TextEquiv>
                        <Unicode>ein</Unicode>
                    </TextEquiv>
                </Word>
                <Word id="tr_1_tl_12_w9" custom="readingOrder {index:8;}">
                    <Coords points="2055,1438 2055,1498 2187,1498 2187,1438"/>
                    <TextEquiv>
                        <Unicode>dauerte</Unicode>
                    </TextEquiv>
                </Word>
                <Word id="tr_1_tl_12_w10" custom="readingOrder {index:9;}">
                    <Coords points="2220,1440 2220,1500 2272,1500 2272,1440"/>
                    <TextEquiv>
                        <Unicode>der</Unicode>
                    </TextEquiv>
                </Word>
                <Word id="tr_1_tl_12_w11" custom="readingOrder {index:10;}">
                    <Coords points="2299,1442 2299,1502 2378,1502 2378,1442"/>
                    <TextEquiv>
                        <Unicode>Lenz</Unicode>
                    </TextEquiv>
                </Word>
                <Word id="tr_1_tl_12_w12" custom="readingOrder {index:11;}">
                    <Coords points="2405,1446 2405,1506 2485,1506 2485,1446"/>
                    <TextEquiv>
                        <Unicode>nicht</Unicode>
                    </TextEquiv>
                </Word>
                <Word id="tr_1_tl_12_w13" custom="readingOrder {index:12;}">
                    <Coords points="2512,1447 2512,1507 2612,1507 2612,1447"/>
                    <TextEquiv>
                        <Unicode>ewig.</Unicode>
                    </TextEquiv>
                </Word>
                <Word id="tr_1_tl_12_w14" custom="readingOrder {index:13;}">
                    <Coords points="2634,1446 2634,1506 2692,1506 2692,1446"/>
                    <TextEquiv>
                        <Unicode>Sie</Unicode>
                    </TextEquiv>
                </Word>
                <Word id="tr_1_tl_12_w15" custom="readingOrder {index:14;}">
                    <Coords points="2724,1446 2724,1506 2792,1506 2792,1446"/>
                    <TextEquiv>
                        <Unicode>will</Unicode>
                    </TextEquiv>
                </Word>
                <Word id="tr_1_tl_12_w16" custom="readingOrder {index:15;}">
                    <Coords points="2820,1450 2820,1510 2920,1510 2920,1450"/>
                    <TextEquiv>
                        <Unicode>zurück</Unicode>
                    </TextEquiv>
                </Word>
                <TextEquiv>
                    <Unicode>Oft und oft hat man dem Dichter ein dauerte der Lenz nicht ewig. Sie will zurück</Unicode>
                </TextEquiv>
            </TextLine>
            <TextLine id="tr_1_tl_13" custom="readingOrder {index:12;}">
                <Coords points="274,1514 420,1503 504,1523 606,1496 749,1507 749,1456 687,1443 557,1474 537,1456 276,1452"/>
                <Baseline points="289,1489 314,1489 340,1489 366,1489 392,1489 418,1489 444,1489 470,1489 496,1489 522,1489 547,1489 573,1489 599,1487 625,1486 651,1484 677,1484 703,1486 729,1486 755,1486"/>
                <Word id="tr_1_tl_13_w1" custom="readingOrder {index:0;}">
                    <Coords points="280,1449 280,1509 333,1509 333,1449"/>
                    <TextEquiv>
                        <Unicode>dem</Unicode>
                    </TextEquiv>
                </Word>
                <Word id="tr_1_tl_13_w2" custom="readingOrder {index:1;}">
                    <Coords points="377,1449 377,1509 529,1509 529,1449"/>
                    <TextEquiv>
                        <Unicode>Vorhang</Unicode>
                    </TextEquiv>
                </Word>
                <Word id="tr_1_tl_13_w3" custom="readingOrder {index:2;}">
                    <Coords points="568,1444 568,1504 746,1504 746,1444"/>
                    <TextEquiv>
                        <Unicode>geblieben.</Unicode>
                    </TextEquiv>
                </Word>
                <TextEquiv>
                    <Unicode>dem Vorhang geblieben.</Unicode>
                </TextEquiv>
            </TextLine>
            <TextLine id="tr_1_tl_14" custom="readingOrder {index:13;}">
                <Coords points="1176,1525 2035,1525 2035,1487 1980,1478 1478,1501 1176,1472"/>
                <Baseline points="1188,1516 1230,1519 1273,1519 1315,1519 1358,1517 1400,1518 1443,1517 1485,1518 1528,1519 1570,1519 1613,1519 1656,1519 1698,1519 1741,1518 1783,1516 1826,1518 1868,1521 1911,1519 1953,1519 1996,1519 2039,1522"/>
                <Word id="tr_1_tl_14_w1" custom="readingOrder {index:0;}">
                    <Coords points="1180,1479 1180,1539 1357,1539 1357,1479"/>
                    <TextEquiv>
                        <Unicode>Uebermaß</Unicode>
                    </TextEquiv>
                </Word>
                <Word id="tr_1_tl_14_w2" custom="readingOrder {index:1;}">
                    <Coords points="1392,1477 1392,1537 1446,1537 1446,1477"/>
                    <TextEquiv>
                        <Unicode>von</Unicode>
                    </TextEquiv>
                </Word>
                <Word id="tr_1_tl_14_w3" custom="readingOrder {index:2;}">
                    <Coords points="1486,1479 1486,1539 1599,1539 1599,1479"/>
                    <TextEquiv>
                        <Unicode>Erotik</Unicode>
                    </TextEquiv>
                </Word>
                <Word id="tr_1_tl_14_w4" custom="readingOrder {index:3;}">
                    <Coords points="1629,1477 1629,1537 1866,1537 1866,1477"/>
                    <TextEquiv>
                        <Unicode>vorgeworfen,</Unicode>
                    </TextEquiv>
                </Word>
                <Word id="tr_1_tl_14_w5" custom="readingOrder {index:4;}">
                    <Coords points="1896,1479 1896,1539 1955,1539 1955,1479"/>
                    <TextEquiv>
                        <Unicode>mit</Unicode>
                    </TextEquiv>
                </Word>
                <Word id="tr_1_tl_14_w6" custom="readingOrder {index:5;}">
                    <Coords points="1985,1479 1985,1539 2033,1539 2033,1479"/>
                    <TextEquiv>
                        <Unicode>der</Unicode>
                    </TextEquiv>
                </Word>
                <TextEquiv>
                    <Unicode>Uebermaß von Erotik vorgeworfen, mit der</Unicode>
                </TextEquiv>
            </TextLine>
            <TextLine id="tr_1_tl_15" custom="readingOrder {index:14;}">
                <Coords points="2062,1540 2922,1540 2919,1503 2873,1498 2060,1492"/>
                <Baseline points="2074,1525 2116,1525 2159,1522 2201,1522 2244,1524 2286,1523 2329,1522 2371,1524 2414,1525 2456,1527 2499,1528 2542,1529 2584,1531 2627,1530 2669,1529 2712,1530 2754,1529 2797,1531 2839,1534 2882,1534 2925,1531"/>
                <Word id="tr_1_tl_15_w1" custom="readingOrder {index:0;}">
                    <Coords points="2055,1485 2055,1545 2106,1545 2106,1485"/>
                    <TextEquiv>
                        <Unicode>zum</Unicode>
                    </TextEquiv>
                </Word>
                <Word id="tr_1_tl_15_w2" custom="readingOrder {index:1;}">
                    <Coords points="2148,1482 2148,1542 2262,1542 2262,1482"/>
                    <TextEquiv>
                        <Unicode>Gatten</Unicode>
                    </TextEquiv>
                </Word>
                <Word id="tr_1_tl_15_w3" custom="readingOrder {index:2;}">
                    <Coords points="2294,1482 2294,1542 2309,1542 2309,1482"/>
                    <TextEquiv>
                        <Unicode>—</Unicode>
                    </TextEquiv>
                </Word>
                <Word id="tr_1_tl_15_w4" custom="readingOrder {index:3;}">
                    <Coords points="2363,1484 2363,1544 2435,1544 2435,1484"/>
                    <TextEquiv>
                        <Unicode>aber</Unicode>
                    </TextEquiv>
                </Word>
                <Word id="tr_1_tl_15_w5" custom="readingOrder {index:4;}">
                    <Coords points="2462,1487 2462,1547 2487,1547 2487,1487"/>
                    <TextEquiv>
                        <Unicode>es</Unicode>
                    </TextEquiv>
                </Word>
                <Word id="tr_1_tl_15_w6" custom="readingOrder {index:5;}">
                    <Coords points="2519,1488 2519,1548 2555,1548 2555,1488"/>
                    <TextEquiv>
                        <Unicode>ist</Unicode>
                    </TextEquiv>
                </Word>
                <Word id="tr_1_tl_15_w7" custom="readingOrder {index:6;}">
                    <Coords points="2576,1490 2576,1550 2601,1550 2601,1490"/>
                    <TextEquiv>
                        <Unicode>zu</Unicode>
                    </TextEquiv>
                </Word>
                <Word id="tr_1_tl_15_w8" custom="readingOrder {index:7;}">
                    <Coords points="2633,1489 2633,1549 2717,1549 2717,1489"/>
                    <TextEquiv>
                        <Unicode>spät.</Unicode>
                    </TextEquiv>
                </Word>
                <Word id="tr_1_tl_15_w9" custom="readingOrder {index:8;}">
                    <Coords points="2754,1490 2754,1550 2800,1550 2800,1490"/>
                    <TextEquiv>
                        <Unicode>Es</Unicode>
                    </TextEquiv>
                </Word>
                <Word id="tr_1_tl_15_w10" custom="readingOrder {index:9;}">
                    <Coords points="2848,1494 2848,1554 2915,1554 2915,1494"/>
                    <TextEquiv>
                        <Unicode>war</Unicode>
                    </TextEquiv>
                </Word>
                <TextEquiv>
                    <Unicode>zum Gatten — aber es ist zu spät. Es war</Unicode>
                </TextEquiv>
            </TextLine>
            <TextLine id="tr_1_tl_16" custom="readingOrder {index:15;}">
                <Coords points="1185,1574 2557,1587 2517,1532 1185,1527"/>
                <Baseline points="1197,1561 1265,1561 1333,1558 1401,1559 1469,1561 1538,1561 1606,1561 1674,1561 1742,1561 1810,1561 1879,1562 1947,1562 2015,1562 2083,1565 2151,1567 2220,1569 2288,1567 2356,1567 2424,1567 2492,1572 2561,1576"/>
                <Word id="tr_1_tl_16_w1" custom="readingOrder {index:0;}">
                    <Coords points="1185,1521 1185,1581 1260,1581 1260,1521"/>
                    <TextEquiv>
                        <Unicode>seine</Unicode>
                    </TextEquiv>
                </Word>
                <Word id="tr_1_tl_16_w2" custom="readingOrder {index:1;}">
                    <Coords points="1299,1518 1299,1578 1412,1578 1412,1518"/>
                    <TextEquiv>
                        <Unicode>Stücke</Unicode>
                    </TextEquiv>
                </Word>
                <Word id="tr_1_tl_16_w3" custom="readingOrder {index:2;}">
                    <Coords points="1456,1521 1456,1581 1520,1581 1520,1521"/>
                    <TextEquiv>
                        <Unicode>und</Unicode>
                    </TextEquiv>
                </Word>
                <Word id="tr_1_tl_16_w4" custom="readingOrder {index:3;}">
                    <Coords points="1554,1521 1554,1581 1640,1581 1640,1521"/>
                    <TextEquiv>
                        <Unicode>seine</Unicode>
                    </TextEquiv>
                </Word>
                <Word id="tr_1_tl_16_w5" custom="readingOrder {index:4;}">
                    <Coords points="1678,1521 1678,1581 1835,1581 1835,1521"/>
                    <TextEquiv>
                        <Unicode>Novellen</Unicode>
                    </TextEquiv>
                </Word>
                <Word id="tr_1_tl_16_w6" custom="readingOrder {index:5;}">
                    <Coords points="1884,1522 1884,1582 2024,1582 2024,1522"/>
                    <TextEquiv>
                        <Unicode>förmlich</Unicode>
                    </TextEquiv>
                </Word>
                <Word id="tr_1_tl_16_w7" custom="readingOrder {index:6;}">
                    <Coords points="2057,1524 2057,1584 2105,1584 2105,1524"/>
                    <TextEquiv>
                        <Unicode>ein</Unicode>
                    </TextEquiv>
                </Word>
                <Word id="tr_1_tl_16_w8" custom="readingOrder {index:7;}">
                    <Coords points="2187,1527 2187,1587 2349,1587 2349,1527"/>
                    <TextEquiv>
                        <Unicode>tragisches</Unicode>
                    </TextEquiv>
                </Word>
                <Word id="tr_1_tl_16_w9" custom="readingOrder {index:8;}">
                    <Coords points="2404,1530 2404,1590 2544,1590 2544,1530"/>
                    <TextEquiv>
                        <Unicode>Pendeln</Unicode>
                    </TextEquiv>
                </Word>
                <TextEquiv>
                    <Unicode>seine Stücke und seine Novellen förmlich ein tragisches Pendeln</Unicode>
                </TextEquiv>
            </TextLine>
            <TextLine id="tr_1_tl_17" custom="readingOrder {index:16;}">
                <Coords points="2612,1587 2645,1580 2696,1598 2811,1574 2842,1596 2906,1591 2926,1585 2924,1540 2855,1543 2829,1556 2738,1547 2723,1534 2610,1547"/>
                <Baseline points="2624,1573 2649,1573 2675,1573 2700,1571 2726,1571 2751,1573 2777,1573 2803,1573 2828,1576 2854,1579 2879,1579 2905,1579 2931,1579"/>
                <Word id="tr_1_tl_17_w1" custom="readingOrder {index:0;}">
                    <Coords points="2616,1532 2616,1592 2756,1592 2756,1532"/>
                    <TextEquiv>
                        <Unicode>zwischen</Unicode>
                    </TextEquiv>
                </Word>
                <Word id="tr_1_tl_17_w2" custom="readingOrder {index:1;}">
                    <Coords points="2840,1539 2840,1599 2924,1599 2924,1539"/>
                    <TextEquiv>
                        <Unicode>zwei</Unicode>
                    </TextEquiv>
                </Word>
                <TextEquiv>
                    <Unicode>zwischen zwei</Unicode>
                </TextEquiv>
            </TextLine>
            <TextLine id="tr_1_tl_18" custom="readingOrder {index:17;}">
                <Coords points="360,1598 1147,1587 1147,1534 959,1509 791,1554 714,1507 641,1547 360,1532"/>
                <Baseline points="373,1582 414,1582 455,1582 496,1582 537,1582 578,1582 619,1582 660,1582 701,1582 742,1579 783,1581 824,1580 865,1581 906,1580 947,1578 988,1576 1029,1576 1070,1576 1111,1576 1152,1576"/>
                <Word id="tr_1_tl_18_w1" custom="readingOrder {index:0;}">
                    <Coords points="368,1542 368,1602 445,1602 445,1542"/>
                    <TextEquiv>
                        <Unicode>Doch</Unicode>
                    </TextEquiv>
                </Word>
                <Word id="tr_1_tl_18_w2" custom="readingOrder {index:1;}">
                    <Coords points="477,1542 477,1602 512,1602 512,1542"/>
                    <TextEquiv>
                        <Unicode>es</Unicode>
                    </TextEquiv>
                </Word>
                <Word id="tr_1_tl_18_w3" custom="readingOrder {index:2;}">
                    <Coords points="537,1542 537,1602 628,1602 628,1542"/>
                    <TextEquiv>
                        <Unicode>wäre</Unicode>
                    </TextEquiv>
                </Word>
                <Word id="tr_1_tl_18_w4" custom="readingOrder {index:3;}">
                    <Coords points="652,1541 652,1601 761,1601 761,1541"/>
                    <TextEquiv>
                        <Unicode>falsch,</Unicode>
                    </TextEquiv>
                </Word>
                <Word id="tr_1_tl_18_w5" custom="readingOrder {index:4;}">
                    <Coords points="792,1540 792,1600 967,1600 967,1540"/>
                    <TextEquiv>
                        <Unicode>Schnitzler</Unicode>
                    </TextEquiv>
                </Word>
                <Word id="tr_1_tl_18_w6" custom="readingOrder {index:5;}">
                    <Coords points="1004,1536 1004,1596 1059,1596 1059,1536"/>
                    <TextEquiv>
                        <Unicode>als</Unicode>
                    </TextEquiv>
                </Word>
                <Word id="tr_1_tl_18_w7" custom="readingOrder {index:6;}">
                    <Coords points="1083,1536 1083,1596 1137,1596 1137,1536"/>
                    <TextEquiv>
                        <Unicode>den</Unicode>
                    </TextEquiv>
                </Word>
                <TextEquiv>
                    <Unicode>Doch es wäre falsch, Schnitzler als den</Unicode>
                </TextEquiv>
            </TextLine>
            <TextLine id="tr_1_tl_19" custom="readingOrder {index:18;}">
                <Coords points="1178,1611 2027,1620 2027,1574 1874,1558 1569,1589 1178,1569"/>
                <Baseline points="1191,1603 1233,1603 1275,1603 1317,1605 1359,1604 1401,1603 1443,1601 1485,1602 1527,1603 1569,1604 1612,1605 1654,1603 1696,1604 1738,1605 1780,1603 1822,1603 1864,1606 1906,1606 1948,1606 1990,1606 2033,1603"/>
                <Word id="tr_1_tl_19_w1" custom="readingOrder {index:0;}">
                    <Coords points="1173,1563 1173,1623 1375,1623 1375,1563"/>
                    <TextEquiv>
                        <Unicode>durchtränkt</Unicode>
                    </TextEquiv>
                </Word>
                <Word id="tr_1_tl_19_w2" custom="readingOrder {index:1;}">
                    <Coords points="1396,1561 1396,1621 1472,1621 1472,1561"/>
                    <TextEquiv>
                        <Unicode>seien</Unicode>
                    </TextEquiv>
                </Word>
                <Word id="tr_1_tl_19_w3" custom="readingOrder {index:2;}">
                    <Coords points="1503,1562 1503,1622 1517,1622 1517,1562"/>
                    <TextEquiv>
                        <Unicode>—</Unicode>
                    </TextEquiv>
                </Word>
                <Word id="tr_1_tl_19_w4" custom="readingOrder {index:3;}">
                    <Coords points="1569,1564 1569,1624 1619,1624 1619,1564"/>
                    <TextEquiv>
                        <Unicode>als</Unicode>
                    </TextEquiv>
                </Word>
                <Word id="tr_1_tl_19_w5" custom="readingOrder {index:4;}">
                    <Coords points="1650,1563 1650,1623 1680,1623 1680,1563"/>
                    <TextEquiv>
                        <Unicode>ob</Unicode>
                    </TextEquiv>
                </Word>
                <Word id="tr_1_tl_19_w6" custom="readingOrder {index:5;}">
                    <Coords points="1711,1564 1711,1624 1741,1624 1741,1564"/>
                    <TextEquiv>
                        <Unicode>es</Unicode>
                    </TextEquiv>
                </Word>
                <Word id="tr_1_tl_19_w7" custom="readingOrder {index:6;}">
                    <Coords points="1772,1563 1772,1623 1797,1623 1797,1563"/>
                    <TextEquiv>
                        <Unicode>im</Unicode>
                    </TextEquiv>
                </Word>
                <Word id="tr_1_tl_19_w8" custom="readingOrder {index:7;}">
                    <Coords points="1843,1566 1843,1626 2030,1626 2030,1566"/>
                    <TextEquiv>
                        <Unicode>Menschen¬</Unicode>
                    </TextEquiv>
                </Word>
                <TextEquiv>
                    <Unicode>durchtränkt seien — als ob es im Menschen¬</Unicode>
                </TextEquiv>
            </TextLine>
            <TextLine id="tr_1_tl_20" custom="readingOrder {index:19;}">
                <Coords points="2060,1618 2919,1635 2919,1589 2811,1574 2698,1598 2060,1574"/>
                <Baseline points="2071,1609 2113,1609 2156,1609 2199,1612 2241,1612 2284,1612 2327,1612 2369,1612 2412,1614 2455,1615 2498,1615 2540,1615 2583,1615 2626,1615 2668,1616 2711,1618 2754,1619 2796,1621 2839,1621 2882,1621 2925,1621"/>
                <Word id="tr_1_tl_20_w1" custom="readingOrder {index:0;}">
                    <Coords points="2060,1569 2060,1629 2241,1629 2241,1569"/>
                    <TextEquiv>
                        <Unicode>Männern.</Unicode>
                    </TextEquiv>
                </Word>
                <Word id="tr_1_tl_20_w2" custom="readingOrder {index:1;}">
                    <Coords points="2263,1572 2263,1632 2376,1632 2376,1572"/>
                    <TextEquiv>
                        <Unicode>Furcht</Unicode>
                    </TextEquiv>
                </Word>
                <Word id="tr_1_tl_20_w3" custom="readingOrder {index:2;}">
                    <Coords points="2403,1574 2403,1634 2459,1634 2459,1574"/>
                    <TextEquiv>
                        <Unicode>vor</Unicode>
                    </TextEquiv>
                </Word>
                <Word id="tr_1_tl_20_w4" custom="readingOrder {index:3;}">
                    <Coords points="2486,1575 2486,1635 2532,1635 2532,1575"/>
                    <TextEquiv>
                        <Unicode>dem</Unicode>
                    </TextEquiv>
                </Word>
                <Word id="tr_1_tl_20_w5" custom="readingOrder {index:4;}">
                    <Coords points="2580,1575 2580,1635 2673,1635 2673,1575"/>
                    <TextEquiv>
                        <Unicode>Leben</Unicode>
                    </TextEquiv>
                </Word>
                <Word id="tr_1_tl_20_w6" custom="readingOrder {index:5;}">
                    <Coords points="2710,1578 2710,1638 2766,1638 2766,1578"/>
                    <TextEquiv>
                        <Unicode>und</Unicode>
                    </TextEquiv>
                </Word>
                <Word id="tr_1_tl_20_w7" custom="readingOrder {index:6;}">
                    <Coords points="2798,1581 2798,1641 2917,1641 2917,1581"/>
                    <TextEquiv>
                        <Unicode>Furcht</Unicode>
                    </TextEquiv>
                </Word>
                <TextEquiv>
                    <Unicode>Männern. Furcht vor dem Leben und Furcht</Unicode>
                </TextEquiv>
            </TextLine>
            <TextLine id="tr_1_tl_21" custom="readingOrder {index:20;}">
                <Coords points="272,1642 1149,1629 1149,1585 1074,1576 515,1611 272,1560"/>
                <Baseline points="283,1633 326,1632 370,1630 413,1629 457,1627 501,1627 544,1627 588,1626 631,1625 675,1627 719,1626 762,1624 806,1624 849,1624 893,1624 937,1621 980,1621 1024,1618 1067,1618 1111,1618 1155,1618"/>
                <Word id="tr_1_tl_21_w1" custom="readingOrder {index:0;}">
                    <Coords points="277,1591 277,1651 406,1651 406,1591"/>
                    <TextEquiv>
                        <Unicode>Dichter</Unicode>
                    </TextEquiv>
                </Word>
                <Word id="tr_1_tl_21_w2" custom="readingOrder {index:1;}">
                    <Coords points="443,1587 443,1647 494,1647 494,1587"/>
                    <TextEquiv>
                        <Unicode>der</Unicode>
                    </TextEquiv>
                </Word>
                <Word id="tr_1_tl_21_w3" custom="readingOrder {index:2;}">
                    <Coords points="526,1586 526,1646 634,1646 634,1586"/>
                    <TextEquiv>
                        <Unicode>oberen</Unicode>
                    </TextEquiv>
                </Word>
                <Word id="tr_1_tl_21_w4" custom="readingOrder {index:3;}">
                    <Coords points="671,1584 671,1644 898,1644 898,1584"/>
                    <TextEquiv>
                        <Unicode>Zehntausend</Unicode>
                    </TextEquiv>
                </Word>
                <Word id="tr_1_tl_21_w5" custom="readingOrder {index:4;}">
                    <Coords points="930,1581 930,1641 1018,1641 1018,1581"/>
                    <TextEquiv>
                        <Unicode>jenes</Unicode>
                    </TextEquiv>
                </Word>
                <Word id="tr_1_tl_21_w6" custom="readingOrder {index:5;}">
                    <Coords points="1049,1578 1049,1638 1142,1638 1142,1578"/>
                    <TextEquiv>
                        <Unicode>Wien</Unicode>
                    </TextEquiv>
                </Word>
                <TextEquiv>
                    <Unicode>Dichter der oberen Zehntausend jenes Wien</Unicode>
                </TextEquiv>
            </TextLine>
            <TextLine id="tr_1_tl_22" custom="readingOrder {index:21;}">
                <Coords points="1176,1660 2484,1684 2902,1675 2919,1635 1174,1613"/>
                <Baseline points="1188,1647 1274,1645 1361,1645 1448,1645 1534,1646 1621,1647 1708,1648 1794,1647 1881,1647 1968,1647 2055,1652 2141,1653 2228,1655 2315,1654 2401,1656 2488,1656 2575,1656 2661,1659 2748,1659 2835,1662 2922,1656"/>
                <Word id="tr_1_tl_22_w1" custom="readingOrder {index:0;}">
                    <Coords points="1179,1606 1179,1666 1258,1666 1258,1606"/>
                    <TextEquiv>
                        <Unicode>leben</Unicode>
                    </TextEquiv>
                </Word>
                <Word id="tr_1_tl_22_w2" custom="readingOrder {index:1;}">
                    <Coords points="1294,1605 1294,1665 1354,1665 1354,1605"/>
                    <TextEquiv>
                        <Unicode>kein</Unicode>
                    </TextEquiv>
                </Word>
                <Word id="tr_1_tl_22_w3" custom="readingOrder {index:2;}">
                    <Coords points="1384,1605 1384,1665 1499,1665 1499,1605"/>
                    <TextEquiv>
                        <Unicode>andres</Unicode>
                    </TextEquiv>
                </Word>
                <Word id="tr_1_tl_22_w4" custom="readingOrder {index:3;}">
                    <Coords points="1530,1606 1530,1666 1666,1666 1666,1606"/>
                    <TextEquiv>
                        <Unicode>Problem</Unicode>
                    </TextEquiv>
                </Word>
                <Word id="tr_1_tl_22_w5" custom="readingOrder {index:4;}">
                    <Coords points="1706,1607 1706,1667 1786,1667 1786,1607"/>
                    <TextEquiv>
                        <Unicode>gäbe</Unicode>
                    </TextEquiv>
                </Word>
                <Word id="tr_1_tl_22_w6" custom="readingOrder {index:5;}">
                    <Coords points="1812,1607 1812,1667 1861,1667 1861,1607"/>
                    <TextEquiv>
                        <Unicode>als</Unicode>
                    </TextEquiv>
                </Word>
                <Word id="tr_1_tl_22_w7" custom="readingOrder {index:6;}">
                    <Coords points="1892,1607 1892,1667 1947,1667 1947,1607"/>
                    <TextEquiv>
                        <Unicode>das</Unicode>
                    </TextEquiv>
                </Word>
                <Word id="tr_1_tl_22_w8" custom="readingOrder {index:7;}">
                    <Coords points="1978,1608 1978,1668 2027,1668 2027,1608"/>
                    <TextEquiv>
                        <Unicode>der</Unicode>
                    </TextEquiv>
                </Word>
                <Word id="tr_1_tl_22_w9" custom="readingOrder {index:8;}">
                    <Coords points="2059,1612 2059,1672 2118,1672 2118,1612"/>
                    <TextEquiv>
                        <Unicode>vor</Unicode>
                    </TextEquiv>
                </Word>
                <Word id="tr_1_tl_22_w10" custom="readingOrder {index:9;}">
                    <Coords points="2144,1613 2144,1673 2194,1673 2194,1613"/>
                    <TextEquiv>
                        <Unicode>dem</Unicode>
                    </TextEquiv>
                </Word>
                <Word id="tr_1_tl_22_w11" custom="readingOrder {index:10;}">
                    <Coords points="2234,1614 2234,1674 2314,1674 2314,1614"/>
                    <TextEquiv>
                        <Unicode>Tode</Unicode>
                    </TextEquiv>
                </Word>
                <Word id="tr_1_tl_22_w12" custom="readingOrder {index:11;}">
                    <Coords points="2340,1615 2340,1675 2419,1675 2419,1615"/>
                    <TextEquiv>
                        <Unicode>senkt</Unicode>
                    </TextEquiv>
                </Word>
                <Word id="tr_1_tl_22_w13" custom="readingOrder {index:12;}">
                    <Coords points="2445,1616 2445,1676 2490,1676 2490,1616"/>
                    <TextEquiv>
                        <Unicode>sich</Unicode>
                    </TextEquiv>
                </Word>
                <Word id="tr_1_tl_22_w14" custom="readingOrder {index:13;}">
                    <Coords points="2516,1616 2516,1676 2541,1676 2541,1616"/>
                    <TextEquiv>
                        <Unicode>in</Unicode>
                    </TextEquiv>
                </Word>
                <Word id="tr_1_tl_22_w15" custom="readingOrder {index:14;}">
                    <Coords points="2576,1616 2576,1676 2626,1676 2626,1616"/>
                    <TextEquiv>
                        <Unicode>das</Unicode>
                    </TextEquiv>
                </Word>
                <Word id="tr_1_tl_22_w16" custom="readingOrder {index:15;}">
                    <Coords points="2652,1619 2652,1679 2746,1679 2746,1619"/>
                    <TextEquiv>
                        <Unicode>Leben</Unicode>
                    </TextEquiv>
                </Word>
                <Word id="tr_1_tl_22_w17" custom="readingOrder {index:16;}">
                    <Coords points="2777,1620 2777,1680 2827,1680 2827,1620"/>
                    <TextEquiv>
                        <Unicode>der</Unicode>
                    </TextEquiv>
                </Word>
                <Word id="tr_1_tl_22_w18" custom="readingOrder {index:17;}">
                    <Coords points="2853,1618 2853,1678 2917,1678 2917,1618"/>
                    <TextEquiv>
                        <Unicode>Un¬</Unicode>
                    </TextEquiv>
                </Word>
                <TextEquiv>
                    <Unicode>leben kein andres Problem gäbe als das der vor dem Tode senkt sich in das Leben der Un¬</Unicode>
                </TextEquiv>
            </TextLine>
            <TextLine id="tr_1_tl_23" custom="readingOrder {index:22;}">
                <Coords points="272,1688 1140,1673 1140,1633 1107,1627 274,1640"/>
                <Baseline points="283,1677 326,1674 369,1672 412,1671 455,1671 498,1669 541,1668 585,1668 628,1668 671,1668 714,1668 757,1667 800,1665 843,1666 887,1668 930,1667 973,1665 1016,1665 1059,1665 1102,1662 1146,1665"/>
                <Word id="tr_1_tl_23_w1" custom="readingOrder {index:0;}">
                    <Coords points="277,1631 277,1691 504,1691 504,1631"/>
                    <TextEquiv>
                        <Unicode>darzustellen,</Unicode>
                    </TextEquiv>
                </Word>
                <Word id="tr_1_tl_23_w2" custom="readingOrder {index:1;}">
                    <Coords points="526,1628 526,1688 577,1688 577,1628"/>
                    <TextEquiv>
                        <Unicode>dem</Unicode>
                    </TextEquiv>
                </Word>
                <Word id="tr_1_tl_23_w3" custom="readingOrder {index:2;}">
                    <Coords points="624,1628 624,1688 655,1688 655,1628"/>
                    <TextEquiv>
                        <Unicode>es</Unicode>
                    </TextEquiv>
                </Word>
                <Word id="tr_1_tl_23_w4" custom="readingOrder {index:3;}">
                    <Coords points="687,1627 687,1687 770,1687 770,1627"/>
                    <TextEquiv>
                        <Unicode>einst</Unicode>
                    </TextEquiv>
                </Word>
                <Word id="tr_1_tl_23_w5" custom="readingOrder {index:4;}">
                    <Coords points="791,1625 791,1685 821,1685 821,1625"/>
                    <TextEquiv>
                        <Unicode>so</Unicode>
                    </TextEquiv>
                </Word>
                <Word id="tr_1_tl_23_w6" custom="readingOrder {index:5;}">
                    <Coords points="848,1627 848,1687 910,1687 910,1627"/>
                    <TextEquiv>
                        <Unicode>gut</Unicode>
                    </TextEquiv>
                </Word>
                <Word id="tr_1_tl_23_w7" custom="readingOrder {index:6;}">
                    <Coords points="931,1625 931,1685 1024,1685 1024,1625"/>
                    <TextEquiv>
                        <Unicode>ging.</Unicode>
                    </TextEquiv>
                </Word>
                <Word id="tr_1_tl_23_w8" custom="readingOrder {index:7;}">
                    <Coords points="1051,1622 1051,1682 1128,1682 1128,1622"/>
                    <TextEquiv>
                        <Unicode>Nein</Unicode>
                    </TextEquiv>
                </Word>
                <TextEquiv>
                    <Unicode>darzustellen, dem es einst so gut ging. Nein</Unicode>
                </TextEquiv>
            </TextLine>
            <TextLine id="tr_1_tl_24" custom="readingOrder {index:23;}">
                <Coords points="1178,1697 2031,1699 2031,1662 1969,1646 1887,1671 1178,1658"/>
                <Baseline points="1191,1686 1233,1692 1275,1689 1317,1689 1360,1689 1402,1687 1444,1688 1486,1689 1529,1689 1571,1689 1613,1690 1655,1692 1698,1692 1740,1691 1782,1689 1824,1689 1867,1692 1909,1692 1951,1692 1993,1692 2036,1689"/>
                <Word id="tr_1_tl_24_w1" custom="readingOrder {index:0;}">
                    <Coords points="1177,1651 1177,1711 1300,1711 1300,1651"/>
                    <TextEquiv>
                        <Unicode>Sinne.</Unicode>
                    </TextEquiv>
                </Word>
                <Word id="tr_1_tl_24_w2" custom="readingOrder {index:1;}">
                    <Coords points="1321,1649 1321,1709 1390,1709 1390,1649"/>
                    <TextEquiv>
                        <Unicode>Nun</Unicode>
                    </TextEquiv>
                </Word>
                <Word id="tr_1_tl_24_w3" custom="readingOrder {index:2;}">
                    <Coords points="1425,1648 1425,1708 1499,1708 1499,1648"/>
                    <TextEquiv>
                        <Unicode>denn</Unicode>
                    </TextEquiv>
                </Word>
                <Word id="tr_1_tl_24_w4" custom="readingOrder {index:3;}">
                    <Coords points="1534,1649 1534,1709 1593,1709 1593,1649"/>
                    <TextEquiv>
                        <Unicode>—,</Unicode>
                    </TextEquiv>
                </Word>
                <Word id="tr_1_tl_24_w5" custom="readingOrder {index:4;}">
                    <Coords points="1614,1650 1614,1710 1643,1710 1643,1650"/>
                    <TextEquiv>
                        <Unicode>es</Unicode>
                    </TextEquiv>
                </Word>
                <Word id="tr_1_tl_24_w6" custom="readingOrder {index:5;}">
                    <Coords points="1668,1651 1668,1711 1737,1711 1737,1651"/>
                    <TextEquiv>
                        <Unicode>gibt</Unicode>
                    </TextEquiv>
                </Word>
                <Word id="tr_1_tl_24_w7" custom="readingOrder {index:6;}">
                    <Coords points="1762,1649 1762,1709 1866,1709 1866,1649"/>
                    <TextEquiv>
                        <Unicode>keinen</Unicode>
                    </TextEquiv>
                </Word>
                <Word id="tr_1_tl_24_w8" custom="readingOrder {index:7;}">
                    <Coords points="1901,1652 1901,1712 2029,1712 2029,1652"/>
                    <TextEquiv>
                        <Unicode>Meister</Unicode>
                    </TextEquiv>
                </Word>
                <TextEquiv>
                    <Unicode>Sinne. Nun denn —, es gibt keinen Meister</Unicode>
                </TextEquiv>
            </TextLine>
            <TextLine id="tr_1_tl_25" custom="readingOrder {index:24;}">
                <Coords points="2060,1713 2919,1726 2919,1673 2833,1666 2060,1664"/>
                <Baseline points="2071,1698 2113,1695 2156,1695 2199,1695 2241,1695 2284,1695 2327,1697 2369,1698 2412,1698 2455,1698 2498,1698 2540,1699 2583,1701 2626,1701 2668,1701 2711,1701 2754,1702 2796,1704 2839,1704 2882,1704 2925,1701"/>
                <Word id="tr_1_tl_25_w1" custom="readingOrder {index:0;}">
                    <Coords points="2055,1655 2055,1715 2224,1715 2224,1655"/>
                    <TextEquiv>
                        <Unicode>glücklichen</Unicode>
                    </TextEquiv>
                </Word>
                <Word id="tr_1_tl_25_w2" custom="readingOrder {index:1;}">
                    <Coords points="2262,1655 2262,1715 2273,1715 2273,1655"/>
                    <TextEquiv>
                        <Unicode>—</Unicode>
                    </TextEquiv>
                </Word>
                <Word id="tr_1_tl_25_w3" custom="readingOrder {index:2;}">
                    <Coords points="2332,1657 2332,1717 2379,1717 2379,1657"/>
                    <TextEquiv>
                        <Unicode>bis</Unicode>
                    </TextEquiv>
                </Word>
                <Word id="tr_1_tl_25_w4" custom="readingOrder {index:3;}">
                    <Coords points="2411,1658 2411,1718 2458,1718 2458,1658"/>
                    <TextEquiv>
                        <Unicode>der</Unicode>
                    </TextEquiv>
                </Word>
                <Word id="tr_1_tl_25_w5" custom="readingOrder {index:4;}">
                    <Coords points="2492,1659 2492,1719 2618,1719 2618,1659"/>
                    <TextEquiv>
                        <Unicode>Lockruf</Unicode>
                    </TextEquiv>
                </Word>
                <Word id="tr_1_tl_25_w6" custom="readingOrder {index:5;}">
                    <Coords points="2640,1661 2640,1721 2693,1721 2693,1661"/>
                    <TextEquiv>
                        <Unicode>des</Unicode>
                    </TextEquiv>
                </Word>
                <Word id="tr_1_tl_25_w7" custom="readingOrder {index:6;}">
                    <Coords points="2726,1663 2726,1723 2826,1723 2826,1663"/>
                    <TextEquiv>
                        <Unicode>Todes</Unicode>
                    </TextEquiv>
                </Word>
                <Word id="tr_1_tl_25_w8" custom="readingOrder {index:7;}">
                    <Coords points="2859,1663 2859,1723 2906,1723 2906,1663"/>
                    <TextEquiv>
                        <Unicode>den</Unicode>
                    </TextEquiv>
                </Word>
                <TextEquiv>
                    <Unicode>glücklichen — bis der Lockruf des Todes den</Unicode>
                </TextEquiv>
            </TextLine>
            <TextLine id="tr_1_tl_26" custom="readingOrder {index:25;}">
                <Coords points="272,1735 1143,1715 1143,1673 1081,1669 272,1688"/>
                <Baseline points="283,1725 326,1718 369,1716 412,1714 456,1713 499,1713 542,1713 586,1713 629,1712 672,1711 716,1712 759,1710 802,1710 845,1710 889,1709 932,1707 975,1710 1019,1707 1062,1707 1105,1707 1149,1701"/>
                <Word id="tr_1_tl_26_w1" custom="readingOrder {index:0;}">
                    <Coords points="277,1677 277,1737 392,1737 392,1677"/>
                    <TextEquiv>
                        <Unicode>gerade</Unicode>
                    </TextEquiv>
                </Word>
                <Word id="tr_1_tl_26_w2" custom="readingOrder {index:1;}">
                    <Coords points="417,1673 417,1733 477,1733 477,1673"/>
                    <TextEquiv>
                        <Unicode>mit</Unicode>
                    </TextEquiv>
                </Word>
                <Word id="tr_1_tl_26_w3" custom="readingOrder {index:2;}">
                    <Coords points="498,1673 498,1733 583,1733 583,1673"/>
                    <TextEquiv>
                        <Unicode>einem</Unicode>
                    </TextEquiv>
                </Word>
                <Word id="tr_1_tl_26_w4" custom="readingOrder {index:3;}">
                    <Coords points="628,1671 628,1731 799,1731 799,1671"/>
                    <TextEquiv>
                        <Unicode>Volksstück</Unicode>
                    </TextEquiv>
                </Word>
                <Word id="tr_1_tl_26_w5" custom="readingOrder {index:4;}">
                    <Coords points="820,1670 820,1730 860,1730 860,1670"/>
                    <TextEquiv>
                        <Unicode>ist</Unicode>
                    </TextEquiv>
                </Word>
                <Word id="tr_1_tl_26_w6" custom="readingOrder {index:5;}">
                    <Coords points="875,1668 875,1728 910,1728 910,1668"/>
                    <TextEquiv>
                        <Unicode>er</Unicode>
                    </TextEquiv>
                </Word>
                <Word id="tr_1_tl_26_w7" custom="readingOrder {index:6;}">
                    <Coords points="931,1668 931,1728 985,1728 985,1668"/>
                    <TextEquiv>
                        <Unicode>zum</Unicode>
                    </TextEquiv>
                </Word>
                <Word id="tr_1_tl_26_w8" custom="readingOrder {index:7;}">
                    <Coords points="1026,1667 1026,1727 1141,1727 1141,1667"/>
                    <TextEquiv>
                        <Unicode>ersten¬</Unicode>
                    </TextEquiv>
                </Word>
                <TextEquiv>
                    <Unicode>gerade mit einem Volksstück ist er zum ersten¬</Unicode>
                </TextEquiv>
            </TextLine>
            <TextLine id="tr_1_tl_27" custom="readingOrder {index:26;}">
                <Coords points="1178,1744 2027,1744 2027,1708 1976,1697 1178,1697"/>
                <Baseline points="1191,1734 1235,1731 1279,1732 1323,1734 1367,1734 1411,1733 1455,1732 1500,1734 1544,1734 1588,1734 1632,1734 1676,1737 1720,1734 1765,1734 1809,1734 1853,1734 1897,1734 1941,1734 1985,1734 2030,1731"/>
                <Word id="tr_1_tl_27_w1" custom="readingOrder {index:0;}">
                    <Coords points="1178,1693 1178,1753 1232,1753 1232,1693"/>
                    <TextEquiv>
                        <Unicode>des</Unicode>
                    </TextEquiv>
                </Word>
                <Word id="tr_1_tl_27_w2" custom="readingOrder {index:1;}">
                    <Coords points="1263,1694 1263,1754 1429,1754 1429,1694"/>
                    <TextEquiv>
                        <Unicode>Dramas,</Unicode>
                    </TextEquiv>
                </Word>
                <Word id="tr_1_tl_27_w3" custom="readingOrder {index:2;}">
                    <Coords points="1455,1693 1455,1753 1510,1753 1510,1693"/>
                    <TextEquiv>
                        <Unicode>der</Unicode>
                    </TextEquiv>
                </Word>
                <Word id="tr_1_tl_27_w4" custom="readingOrder {index:3;}">
                    <Coords points="1541,1694 1541,1754 1627,1754 1627,1694"/>
                    <TextEquiv>
                        <Unicode>nicht</Unicode>
                    </TextEquiv>
                </Word>
                <Word id="tr_1_tl_27_w5" custom="readingOrder {index:4;}">
                    <Coords points="1657,1694 1657,1754 1803,1754 1803,1694"/>
                    <TextEquiv>
                        <Unicode>begriffen</Unicode>
                    </TextEquiv>
                </Word>
                <Word id="tr_1_tl_27_w6" custom="readingOrder {index:5;}">
                    <Coords points="1849,1694 1849,1754 1945,1754 1945,1694"/>
                    <TextEquiv>
                        <Unicode>hätte,</Unicode>
                    </TextEquiv>
                </Word>
                <Word id="tr_1_tl_27_w7" custom="readingOrder {index:6;}">
                    <Coords points="1976,1692 1976,1752 2030,1752 2030,1692"/>
                    <TextEquiv>
                        <Unicode>das</Unicode>
                    </TextEquiv>
                </Word>
                <TextEquiv>
                    <Unicode>des Dramas, der nicht begriffen hätte, das</Unicode>
                </TextEquiv>
            </TextLine>
            <TextLine id="tr_1_tl_28" custom="readingOrder {index:27;}">
                <Coords points="2060,1783 2117,1779 2183,1741 2376,1761 2413,1739 2484,1759 2592,1750 2592,1708 2060,1715"/>
                <Baseline points="2071,1737 2097,1737 2123,1737 2149,1737 2176,1738 2202,1740 2228,1740 2255,1740 2281,1740 2307,1740 2334,1740 2360,1739 2386,1737 2412,1739 2439,1741 2465,1742 2491,1743 2518,1743 2544,1743 2570,1744 2597,1746"/>
                <Word id="tr_1_tl_28_w1" custom="readingOrder {index:0;}">
                    <Coords points="2060,1697 2060,1757 2172,1757 2172,1697"/>
                    <TextEquiv>
                        <Unicode>Schrei</Unicode>
                    </TextEquiv>
                </Word>
                <Word id="tr_1_tl_28_w2" custom="readingOrder {index:1;}">
                    <Coords points="2194,1700 2194,1760 2247,1760 2247,1700"/>
                    <TextEquiv>
                        <Unicode>des</Unicode>
                    </TextEquiv>
                </Word>
                <Word id="tr_1_tl_28_w3" custom="readingOrder {index:2;}">
                    <Coords points="2280,1699 2280,1759 2397,1759 2397,1699"/>
                    <TextEquiv>
                        <Unicode>Lebens</Unicode>
                    </TextEquiv>
                </Word>
                <Word id="tr_1_tl_28_w4" custom="readingOrder {index:3;}">
                    <Coords points="2430,1703 2430,1763 2595,1763 2595,1703"/>
                    <TextEquiv>
                        <Unicode>übertönt.</Unicode>
                    </TextEquiv>
                </Word>
                <TextEquiv>
                    <Unicode>Schrei des Lebens übertönt.</Unicode>
                </TextEquiv>
            </TextLine>
            <TextLine id="tr_1_tl_29" custom="readingOrder {index:28;}">
                <Coords points="272,1777 1145,1759 1145,1715 1023,1711 274,1735"/>
                <Baseline points="283,1761 326,1760 369,1759 412,1758 456,1758 499,1758 542,1758 586,1758 629,1757 672,1755 716,1755 759,1755 802,1755 845,1754 889,1753 932,1755 975,1755 1019,1752 1062,1749 1105,1749 1149,1749"/>
                <Word id="tr_1_tl_29_w1" custom="readingOrder {index:0;}">
                    <Coords points="276,1720 276,1780 344,1780 344,1720"/>
                    <TextEquiv>
                        <Unicode>mal</Unicode>
                    </TextEquiv>
                </Word>
                <Word id="tr_1_tl_29_w2" custom="readingOrder {index:1;}">
                    <Coords points="409,1718 409,1778 473,1778 473,1718"/>
                    <TextEquiv>
                        <Unicode>vor</Unicode>
                    </TextEquiv>
                </Word>
                <Word id="tr_1_tl_29_w3" custom="readingOrder {index:2;}">
                    <Coords points="518,1718 518,1778 576,1778 576,1718"/>
                    <TextEquiv>
                        <Unicode>das</Unicode>
                    </TextEquiv>
                </Word>
                <Word id="tr_1_tl_29_w4" custom="readingOrder {index:3;}">
                    <Coords points="622,1715 622,1775 734,1775 734,1715"/>
                    <TextEquiv>
                        <Unicode>Forum</Unicode>
                    </TextEquiv>
                </Word>
                <Word id="tr_1_tl_29_w5" custom="readingOrder {index:4;}">
                    <Coords points="799,1714 799,1774 853,1774 853,1714"/>
                    <TextEquiv>
                        <Unicode>des</Unicode>
                    </TextEquiv>
                </Word>
                <Word id="tr_1_tl_29_w6" custom="readingOrder {index:5;}">
                    <Coords points="903,1711 903,1771 1143,1771 1143,1711"/>
                    <TextEquiv>
                        <Unicode>Burgtheater¬</Unicode>
                    </TextEquiv>
                </Word>
                <TextEquiv>
                    <Unicode>mal vor das Forum des Burgtheater¬</Unicode>
                </TextEquiv>
            </TextLine>
            <TextLine id="tr_1_tl_30" custom="readingOrder {index:29;}">
                <Coords points="1187,1788 2024,1788 1996,1739 1704,1761 1185,1741"/>
                <Baseline points="1197,1773 1238,1776 1280,1776 1321,1776 1363,1776 1405,1776 1446,1774 1488,1775 1530,1776 1571,1777 1613,1779 1655,1778 1696,1776 1738,1776 1780,1776 1821,1776 1863,1779 1905,1777 1946,1776 1988,1776 2030,1776"/>
                <Word id="tr_1_tl_30_w1" custom="readingOrder {index:0;}">
                    <Coords points="1184,1736 1184,1796 1307,1796 1307,1736"/>
                    <TextEquiv>
                        <Unicode>Geschick</Unicode>
                    </TextEquiv>
                </Word>
                <Word id="tr_1_tl_30_w2" custom="readingOrder {index:1;}">
                    <Coords points="1337,1736 1337,1796 1450,1796 1450,1736"/>
                    <TextEquiv>
                        <Unicode>zweier</Unicode>
                    </TextEquiv>
                </Word>
                <Word id="tr_1_tl_30_w3" custom="readingOrder {index:2;}">
                    <Coords points="1490,1737 1490,1797 1682,1797 1682,1737"/>
                    <TextEquiv>
                        <Unicode>Liebender,</Unicode>
                    </TextEquiv>
                </Word>
                <Word id="tr_1_tl_30_w4" custom="readingOrder {index:3;}">
                    <Coords points="1717,1736 1717,1796 1761,1796 1761,1736"/>
                    <TextEquiv>
                        <Unicode>die</Unicode>
                    </TextEquiv>
                </Word>
                <Word id="tr_1_tl_30_w5" custom="readingOrder {index:4;}">
                    <Coords points="1796,1738 1796,1798 1949,1798 1949,1738"/>
                    <TextEquiv>
                        <Unicode>einander</Unicode>
                    </TextEquiv>
                </Word>
                <Word id="tr_1_tl_30_w6" custom="readingOrder {index:5;}">
                    <Coords points="1984,1736 1984,1796 2017,1796 2017,1736"/>
                    <TextEquiv>
                        <Unicode>be</Unicode>
                    </TextEquiv>
                </Word>
                <TextEquiv>
                    <Unicode>Geschick zweier Liebender, die einander be</Unicode>
                </TextEquiv>
            </TextLine>
            <TextLine id="tr_1_tl_31" custom="readingOrder {index:30;}">
                <Coords points="2139,1786 2577,1812 2917,1797 2917,1755 2835,1733 2614,1735 2566,1761 2139,1748"/>
                <Baseline points="2152,1779 2190,1782 2229,1782 2267,1782 2306,1783 2344,1784 2383,1782 2421,1782 2460,1785 2498,1785 2537,1787 2575,1788 2614,1787 2652,1785 2691,1785 2729,1785 2768,1787 2806,1788 2845,1788 2883,1789 2922,1791"/>
                <Word id="tr_1_tl_31_w1" custom="readingOrder {index:0;}">
                    <Coords points="2144,1740 2144,1800 2202,1800 2202,1740"/>
                    <TextEquiv>
                        <Unicode>Ein</Unicode>
                    </TextEquiv>
                </Word>
                <Word id="tr_1_tl_31_w2" custom="readingOrder {index:1;}">
                    <Coords points="2240,1742 2240,1802 2351,1802 2351,1742"/>
                    <TextEquiv>
                        <Unicode>andres</Unicode>
                    </TextEquiv>
                </Word>
                <Word id="tr_1_tl_31_w3" custom="readingOrder {index:2;}">
                    <Coords points="2389,1745 2389,1805 2548,1805 2548,1745"/>
                    <TextEquiv>
                        <Unicode>Beispiel:</Unicode>
                    </TextEquiv>
                </Word>
                <Word id="tr_1_tl_31_w4" custom="readingOrder {index:3;}">
                    <Coords points="2569,1747 2569,1807 2617,1807 2617,1747"/>
                    <TextEquiv>
                        <Unicode>In</Unicode>
                    </TextEquiv>
                </Word>
                <Word id="tr_1_tl_31_w5" custom="readingOrder {index:4;}">
                    <Coords points="2655,1745 2655,1805 2708,1805 2708,1745"/>
                    <TextEquiv>
                        <Unicode>dem</Unicode>
                    </TextEquiv>
                </Word>
                <Word id="tr_1_tl_31_w6" custom="readingOrder {index:5;}">
                    <Coords points="2756,1748 2756,1808 2909,1808 2909,1748"/>
                    <TextEquiv>
                        <Unicode>reizenden</Unicode>
                    </TextEquiv>
                </Word>
                <TextEquiv>
                    <Unicode>Ein andres Beispiel: In dem reizenden</Unicode>
                </TextEquiv>
            </TextLine>
            <TextLine id="tr_1_tl_32" custom="readingOrder {index:31;}">
                <Coords points="274,1817 769,1801 944,1832 1138,1806 1138,1759 274,1775"/>
                <Baseline points="286,1806 328,1806 371,1804 414,1803 457,1805 500,1804 543,1803 585,1801 628,1800 671,1801 714,1802 757,1800 800,1801 843,1803 885,1802 928,1800 971,1800 1014,1800 1057,1800 1100,1800 1143,1797"/>
                <Word id="tr_1_tl_32_w1" custom="readingOrder {index:0;}">
                    <Coords points="279,1763 279,1823 465,1823 465,1763"/>
                    <TextEquiv>
                        <Unicode>publikums</Unicode>
                    </TextEquiv>
                </Word>
                <Word id="tr_1_tl_32_w2" custom="readingOrder {index:1;}">
                    <Coords points="501,1761 501,1821 661,1821 661,1761"/>
                    <TextEquiv>
                        <Unicode>getreten,</Unicode>
                    </TextEquiv>
                </Word>
                <Word id="tr_1_tl_32_w3" custom="readingOrder {index:2;}">
                    <Coords points="687,1761 687,1821 753,1821 753,1761"/>
                    <TextEquiv>
                        <Unicode>mit</Unicode>
                    </TextEquiv>
                </Word>
                <Word id="tr_1_tl_32_w4" custom="readingOrder {index:3;}">
                    <Coords points="783,1762 783,1822 869,1822 869,1762"/>
                    <TextEquiv>
                        <Unicode>einem</Unicode>
                    </TextEquiv>
                </Word>
                <Word id="tr_1_tl_32_w5" custom="readingOrder {index:4;}">
                    <Coords points="915,1760 915,1820 1005,1820 1005,1760"/>
                    <TextEquiv>
                        <Unicode>kecken</Unicode>
                    </TextEquiv>
                </Word>
                <Word id="tr_1_tl_32_w6" custom="readingOrder {index:5;}">
                    <Coords points="1046,1760 1046,1820 1136,1820 1136,1760"/>
                    <TextEquiv>
                        <Unicode>Stück</Unicode>
                    </TextEquiv>
                </Word>
                <TextEquiv>
                    <Unicode>publikums getreten, mit einem kecken Stück</Unicode>
                </TextEquiv>
            </TextLine>
            <TextLine id="tr_1_tl_33" custom="readingOrder {index:32;}">
                <Coords points="1185,1841 2024,1830 2024,1788 1978,1779 1185,1790"/>
                <Baseline points="1197,1821 1238,1821 1280,1821 1321,1821 1363,1821 1405,1818 1446,1821 1488,1818 1530,1821 1571,1819 1613,1822 1655,1822 1696,1821 1738,1821 1780,1821 1821,1821 1863,1821 1905,1821 1946,1821 1988,1818 2030,1818"/>
                <Word id="tr_1_tl_33_w1" custom="readingOrder {index:0;}">
                    <Coords points="1180,1781 1180,1841 1290,1841 1290,1781"/>
                    <TextEquiv>
                        <Unicode>glücken</Unicode>
                    </TextEquiv>
                </Word>
                <Word id="tr_1_tl_33_w2" custom="readingOrder {index:1;}">
                    <Coords points="1332,1780 1332,1840 1402,1840 1402,1780"/>
                    <TextEquiv>
                        <Unicode>oder</Unicode>
                    </TextEquiv>
                </Word>
                <Word id="tr_1_tl_33_w3" custom="readingOrder {index:2;}">
                    <Coords points="1439,1780 1439,1840 1631,1840 1631,1780"/>
                    <TextEquiv>
                        <Unicode>verderben,</Unicode>
                    </TextEquiv>
                </Word>
                <Word id="tr_1_tl_33_w4" custom="readingOrder {index:3;}">
                    <Coords points="1662,1781 1662,1841 1702,1841 1702,1781"/>
                    <TextEquiv>
                        <Unicode>sei</Unicode>
                    </TextEquiv>
                </Word>
                <Word id="tr_1_tl_33_w5" custom="readingOrder {index:4;}">
                    <Coords points="1733,1781 1733,1841 1804,1841 1804,1781"/>
                    <TextEquiv>
                        <Unicode>stets</Unicode>
                    </TextEquiv>
                </Word>
                <Word id="tr_1_tl_33_w6" custom="readingOrder {index:5;}">
                    <Coords points="1845,1781 1845,1841 1931,1841 1931,1781"/>
                    <TextEquiv>
                        <Unicode>jenes</Unicode>
                    </TextEquiv>
                </Word>
                <Word id="tr_1_tl_33_w7" custom="readingOrder {index:6;}">
                    <Coords points="1972,1778 1972,1838 2017,1838 2017,1778"/>
                    <TextEquiv>
                        <Unicode>Ge</Unicode>
                    </TextEquiv>
                </Word>
                <TextEquiv>
                    <Unicode>glücken oder verderben, sei stets jenes Ge</Unicode>
                </TextEquiv>
            </TextLine>
            <TextLine id="tr_1_tl_34" custom="readingOrder {index:33;}">
                <Coords points="2064,1834 2902,1841 2902,1797 2064,1786"/>
                <Baseline points="2077,1821 2118,1826 2160,1824 2201,1824 2243,1826 2284,1829 2326,1828 2367,1827 2409,1827 2450,1827 2492,1828 2533,1830 2575,1830 2616,1830 2658,1827 2699,1830 2741,1830 2782,1830 2824,1832 2865,1833 2907,1827"/>
                <Word id="tr_1_tl_34_w1" custom="readingOrder {index:0;}">
                    <Coords points="2064,1784 2064,1844 2308,1844 2308,1784"/>
                    <TextEquiv>
                        <Unicode>Anatol-Stück:</Unicode>
                    </TextEquiv>
                </Word>
                <Word id="tr_1_tl_34_w2" custom="readingOrder {index:1;}">
                    <Coords points="2336,1787 2336,1847 2417,1847 2417,1787"/>
                    <TextEquiv>
                        <Unicode>„Die</Unicode>
                    </TextEquiv>
                </Word>
                <Word id="tr_1_tl_34_w3" custom="readingOrder {index:2;}">
                    <Coords points="2450,1788 2450,1848 2552,1848 2552,1788"/>
                    <TextEquiv>
                        <Unicode>Frage</Unicode>
                    </TextEquiv>
                </Word>
                <Word id="tr_1_tl_34_w4" custom="readingOrder {index:3;}">
                    <Coords points="2586,1790 2586,1850 2618,1850 2618,1790"/>
                    <TextEquiv>
                        <Unicode>an</Unicode>
                    </TextEquiv>
                </Word>
                <Word id="tr_1_tl_34_w5" custom="readingOrder {index:4;}">
                    <Coords points="2656,1788 2656,1848 2710,1848 2710,1788"/>
                    <TextEquiv>
                        <Unicode>das</Unicode>
                    </TextEquiv>
                </Word>
                <Word id="tr_1_tl_34_w6" custom="readingOrder {index:5;}">
                    <Coords points="2743,1791 2743,1851 2895,1851 2895,1791"/>
                    <TextEquiv>
                        <Unicode>Schicksal</Unicode>
                    </TextEquiv>
                </Word>
                <TextEquiv>
                    <Unicode>Anatol-Stück: „Die Frage an das Schicksal</Unicode>
                </TextEquiv>
            </TextLine>
            <TextLine id="tr_1_tl_35" custom="readingOrder {index:34;}">
                <Coords points="267,1859 1143,1850 1143,1806 941,1832 760,1803 683,1828 267,1819"/>
                <Baseline points="280,1851 323,1851 366,1851 410,1850 453,1848 497,1848 540,1847 584,1846 627,1848 671,1847 714,1845 757,1845 801,1846 844,1848 888,1849 931,1851 975,1848 1018,1845 1062,1848 1105,1845 1149,1845"/>
                <Word id="tr_1_tl_35_w1" custom="readingOrder {index:0;}">
                    <Coords points="272,1811 272,1871 327,1871 327,1811"/>
                    <TextEquiv>
                        <Unicode>das</Unicode>
                    </TextEquiv>
                </Word>
                <Word id="tr_1_tl_35_w2" custom="readingOrder {index:1;}">
                    <Coords points="373,1808 373,1868 526,1868 526,1808"/>
                    <TextEquiv>
                        <Unicode>geradezu</Unicode>
                    </TextEquiv>
                </Word>
                <Word id="tr_1_tl_35_w3" custom="readingOrder {index:2;}">
                    <Coords points="582,1807 582,1867 653,1867 653,1807"/>
                    <TextEquiv>
                        <Unicode>eine</Unicode>
                    </TextEquiv>
                </Word>
                <Word id="tr_1_tl_35_w4" custom="readingOrder {index:3;}">
                    <Coords points="699,1805 699,1865 897,1865 897,1805"/>
                    <TextEquiv>
                        <Unicode>Revolution</Unicode>
                    </TextEquiv>
                </Word>
                <Word id="tr_1_tl_35_w5" custom="readingOrder {index:4;}">
                    <Coords points="949,1806 949,1866 1040,1866 1040,1806"/>
                    <TextEquiv>
                        <Unicode>gegen</Unicode>
                    </TextEquiv>
                </Word>
                <Word id="tr_1_tl_35_w6" custom="readingOrder {index:5;}">
                    <Coords points="1096,1805 1096,1865 1146,1865 1146,1805"/>
                    <TextEquiv>
                        <Unicode>die</Unicode>
                    </TextEquiv>
                </Word>
                <TextEquiv>
                    <Unicode>das geradezu eine Revolution gegen die</Unicode>
                </TextEquiv>
            </TextLine>
            <TextLine id="tr_1_tl_36" custom="readingOrder {index:35;}">
                <Coords points="1182,1872 2926,1890 2926,1839 2643,1830 1182,1841"/>
                <Baseline points="1194,1862 1280,1862 1367,1862 1454,1860 1541,1863 1628,1863 1715,1862 1801,1862 1888,1862 1975,1862 2062,1866 2149,1868 2236,1868 2323,1870 2409,1869 2496,1871 2583,1873 2670,1873 2757,1874 2844,1877 2931,1874"/>
                <Word id="tr_1_tl_36_w1" custom="readingOrder {index:0;}">
                    <Coords points="1177,1822 1177,1882 1305,1882 1305,1822"/>
                    <TextEquiv>
                        <Unicode>schehnis</Unicode>
                    </TextEquiv>
                </Word>
                <Word id="tr_1_tl_36_w2" custom="readingOrder {index:1;}">
                    <Coords points="1352,1820 1352,1880 1506,1880 1506,1820"/>
                    <TextEquiv>
                        <Unicode>gewesen,</Unicode>
                    </TextEquiv>
                </Word>
                <Word id="tr_1_tl_36_w3" custom="readingOrder {index:2;}">
                    <Coords points="1548,1823 1548,1883 1604,1883 1604,1823"/>
                    <TextEquiv>
                        <Unicode>das</Unicode>
                    </TextEquiv>
                </Word>
                <Word id="tr_1_tl_36_w4" custom="readingOrder {index:3;}">
                    <Coords points="1651,1822 1651,1882 1696,1882 1696,1822"/>
                    <TextEquiv>
                        <Unicode>die</Unicode>
                    </TextEquiv>
                </Word>
                <Word id="tr_1_tl_36_w5" custom="readingOrder {index:4;}">
                    <Coords points="1743,1822 1743,1882 1924,1882 1924,1822"/>
                    <TextEquiv>
                        <Unicode>Zuschauer</Unicode>
                    </TextEquiv>
                </Word>
                <Word id="tr_1_tl_36_w6" custom="readingOrder {index:5;}">
                    <Coords points="1966,1822 1966,1882 2022,1882 2022,1822"/>
                    <TextEquiv>
                        <Unicode>zur</Unicode>
                    </TextEquiv>
                </Word>
                <Word id="tr_1_tl_36_w7" custom="readingOrder {index:6;}">
                    <Coords points="2058,1826 2058,1886 2145,1886 2145,1826"/>
                    <TextEquiv>
                        <Unicode>wagt</Unicode>
                    </TextEquiv>
                </Word>
                <Word id="tr_1_tl_36_w8" custom="readingOrder {index:7;}">
                    <Coords points="2177,1828 2177,1888 2202,1888 2202,1828"/>
                    <TextEquiv>
                        <Unicode>es</Unicode>
                    </TextEquiv>
                </Word>
                <Word id="tr_1_tl_36_w9" custom="readingOrder {index:8;}">
                    <Coords points="2234,1828 2234,1888 2284,1888 2284,1828"/>
                    <TextEquiv>
                        <Unicode>der</Unicode>
                    </TextEquiv>
                </Word>
                <Word id="tr_1_tl_36_w10" custom="readingOrder {index:9;}">
                    <Coords points="2311,1829 2311,1889 2388,1889 2388,1829"/>
                    <TextEquiv>
                        <Unicode>Held</Unicode>
                    </TextEquiv>
                </Word>
                <Word id="tr_1_tl_36_w11" custom="readingOrder {index:10;}">
                    <Coords points="2420,1830 2420,1890 2512,1890 2512,1830"/>
                    <TextEquiv>
                        <Unicode>nicht,</Unicode>
                    </TextEquiv>
                </Word>
                <Word id="tr_1_tl_36_w12" custom="readingOrder {index:11;}">
                    <Coords points="2533,1832 2533,1892 2568,1892 2568,1832"/>
                    <TextEquiv>
                        <Unicode>an</Unicode>
                    </TextEquiv>
                </Word>
                <Word id="tr_1_tl_36_w13" custom="readingOrder {index:12;}">
                    <Coords points="2605,1833 2605,1893 2682,1893 2682,1833"/>
                    <TextEquiv>
                        <Unicode>seine</Unicode>
                    </TextEquiv>
                </Word>
                <Word id="tr_1_tl_36_w14" custom="readingOrder {index:13;}">
                    <Coords points="2713,1833 2713,1893 2738,1893 2738,1833"/>
                    <TextEquiv>
                        <Unicode>in</Unicode>
                    </TextEquiv>
                </Word>
                <Word id="tr_1_tl_36_w15" custom="readingOrder {index:14;}">
                    <Coords points="2770,1836 2770,1896 2914,1896 2914,1836"/>
                    <TextEquiv>
                        <Unicode>Hypnose</Unicode>
                    </TextEquiv>
                </Word>
                <TextEquiv>
                    <Unicode>schehnis gewesen, das die Zuschauer zur wagt es der Held nicht, an seine in Hypnose</Unicode>
                </TextEquiv>
            </TextLine>
            <TextLine id="tr_1_tl_37" custom="readingOrder {index:36;}">
                <Coords points="267,1896 632,1920 1143,1894 1143,1852 1094,1850 267,1859"/>
                <Baseline points="280,1889 323,1889 366,1889 410,1889 453,1889 497,1889 540,1888 584,1886 627,1886 671,1886 714,1886 757,1887 801,1888 844,1887 888,1889 931,1889 975,1886 1018,1886 1062,1886 1105,1886 1149,1883"/>
                <Word id="tr_1_tl_37_w1" custom="readingOrder {index:0;}">
                    <Coords points="272,1849 272,1909 463,1909 463,1849"/>
                    <TextEquiv>
                        <Unicode>litevarische</Unicode>
                    </TextEquiv>
                </Word>
                <Word id="tr_1_tl_37_w2" custom="readingOrder {index:1;}">
                    <Coords points="499,1846 499,1906 939,1906 939,1846"/>
                    <TextEquiv>
                        <Unicode>Hoftheaterüberlieferung</Unicode>
                    </TextEquiv>
                </Word>
                <Word id="tr_1_tl_37_w3" custom="readingOrder {index:2;}">
                    <Coords points="980,1846 980,1906 1141,1906 1141,1846"/>
                    <TextEquiv>
                        <Unicode>bedeutete</Unicode>
                    </TextEquiv>
                </Word>
                <TextEquiv>
                    <Unicode>litevarische Hoftheaterüberlieferung bedeutete</Unicode>
                </TextEquiv>
            </TextLine>
            <TextLine id="tr_1_tl_38" custom="readingOrder {index:37;}">
                <Coords points="1182,1916 2919,1932 2897,1883 2707,1876 1182,1870"/>
                <Baseline points="1194,1904 1280,1904 1367,1904 1453,1904 1540,1904 1626,1907 1713,1907 1799,1904 1886,1904 1972,1904 2059,1908 2146,1911 2232,1912 2319,1916 2405,1914 2492,1917 2578,1916 2665,1918 2751,1917 2838,1919 2925,1922"/>
                <Word id="tr_1_tl_38_w1" custom="readingOrder {index:0;}">
                    <Coords points="1177,1864 1177,1924 1311,1924 1311,1864"/>
                    <TextEquiv>
                        <Unicode>stärksten</Unicode>
                    </TextEquiv>
                </Word>
                <Word id="tr_1_tl_38_w2" custom="readingOrder {index:1;}">
                    <Coords points="1387,1864 1387,1924 1581,1924 1581,1864"/>
                    <TextEquiv>
                        <Unicode>Teilnahme</Unicode>
                    </TextEquiv>
                </Word>
                <Word id="tr_1_tl_38_w3" custom="readingOrder {index:2;}">
                    <Coords points="1653,1865 1653,1925 1846,1925 1846,1865"/>
                    <TextEquiv>
                        <Unicode>gezwungen</Unicode>
                    </TextEquiv>
                </Word>
                <Word id="tr_1_tl_38_w4" custom="readingOrder {index:3;}">
                    <Coords points="1928,1864 1928,1924 2030,1924 2030,1864"/>
                    <TextEquiv>
                        <Unicode>hätte,</Unicode>
                    </TextEquiv>
                </Word>
                <Word id="tr_1_tl_38_w5" custom="readingOrder {index:4;}">
                    <Coords points="2063,1870 2063,1930 2198,1930 2198,1870"/>
                    <TextEquiv>
                        <Unicode>versetzte</Unicode>
                    </TextEquiv>
                </Word>
                <Word id="tr_1_tl_38_w6" custom="readingOrder {index:5;}">
                    <Coords points="2231,1875 2231,1935 2370,1935 2370,1875"/>
                    <TextEquiv>
                        <Unicode>Geliebte</Unicode>
                    </TextEquiv>
                </Word>
                <Word id="tr_1_tl_38_w7" custom="readingOrder {index:6;}">
                    <Coords points="2404,1874 2404,1934 2446,1934 2446,1874"/>
                    <TextEquiv>
                        <Unicode>die</Unicode>
                    </TextEquiv>
                </Word>
                <Word id="tr_1_tl_38_w8" custom="readingOrder {index:7;}">
                    <Coords points="2474,1876 2474,1936 2576,1936 2576,1876"/>
                    <TextEquiv>
                        <Unicode>Frage</Unicode>
                    </TextEquiv>
                </Word>
                <Word id="tr_1_tl_38_w9" custom="readingOrder {index:8;}">
                    <Coords points="2609,1877 2609,1937 2636,1937 2636,1877"/>
                    <TextEquiv>
                        <Unicode>zu</Unicode>
                    </TextEquiv>
                </Word>
                <Word id="tr_1_tl_38_w10" custom="readingOrder {index:9;}">
                    <Coords points="2669,1877 2669,1937 2792,1937 2792,1877"/>
                    <TextEquiv>
                        <Unicode>stellen,</Unicode>
                    </TextEquiv>
                </Word>
                <Word id="tr_1_tl_38_w11" custom="readingOrder {index:10;}">
                    <Coords points="2814,1878 2814,1938 2846,1938 2846,1878"/>
                    <TextEquiv>
                        <Unicode>ob</Unicode>
                    </TextEquiv>
                </Word>
                <Word id="tr_1_tl_38_w12" custom="readingOrder {index:11;}">
                    <Coords points="2879,1881 2879,1941 2916,1941 2916,1881"/>
                    <TextEquiv>
                        <Unicode>sie</Unicode>
                    </TextEquiv>
                </Word>
                <TextEquiv>
                    <Unicode>stärksten Teilnahme gezwungen hätte, versetzte Geliebte die Frage zu stellen, ob sie</Unicode>
                </TextEquiv>
            </TextLine>
            <TextLine id="tr_1_tl_39" custom="readingOrder {index:38;}">
                <Coords points="274,1940 1140,1936 1118,1894 274,1903"/>
                <Baseline points="286,1934 329,1934 372,1934 415,1934 458,1930 501,1928 544,1930 587,1929 630,1929 673,1931 716,1931 759,1931 802,1931 845,1931 888,1931 931,1930 974,1928 1017,1931 1060,1931 1103,1931 1146,1925"/>
                <Word id="tr_1_tl_39_w1" custom="readingOrder {index:0;}">
                    <Coords points="278,1894 278,1954 339,1954 339,1894"/>
                    <TextEquiv>
                        <Unicode>und</Unicode>
                    </TextEquiv>
                </Word>
                <Word id="tr_1_tl_39_w2" custom="readingOrder {index:1;}">
                    <Coords points="388,1892 388,1952 478,1952 478,1892"/>
                    <TextEquiv>
                        <Unicode>gogen</Unicode>
                    </TextEquiv>
                </Word>
                <Word id="tr_1_tl_39_w3" custom="readingOrder {index:2;}">
                    <Coords points="531,1889 531,1949 588,1949 588,1889"/>
                    <TextEquiv>
                        <Unicode>das</Unicode>
                    </TextEquiv>
                </Word>
                <Word id="tr_1_tl_39_w4" custom="readingOrder {index:3;}">
                    <Coords points="637,1891 637,1951 871,1951 871,1891"/>
                    <TextEquiv>
                        <Unicode>angestammte</Unicode>
                    </TextEquiv>
                </Word>
                <Word id="tr_1_tl_39_w5" custom="readingOrder {index:4;}">
                    <Coords points="910,1891 910,1951 1144,1951 1144,1891"/>
                    <TextEquiv>
                        <Unicode>Abonnenten¬</Unicode>
                    </TextEquiv>
                </Word>
                <TextEquiv>
                    <Unicode>und gogen das angestammte Abonnenten¬</Unicode>
                </TextEquiv>
            </TextLine>
            <TextLine id="tr_1_tl_40" custom="readingOrder {index:39;}">
                <Coords points="1182,1960 2869,1985 2919,1974 2917,1929 1180,1918"/>
                <Baseline points="1194,1949 1280,1949 1367,1946 1453,1946 1540,1949 1626,1952 1713,1950 1799,1946 1886,1949 1972,1949 2059,1951 2146,1956 2232,1958 2319,1959 2405,1958 2492,1961 2578,1960 2665,1959 2751,1961 2838,1964 2925,1964"/>
                <Word id="tr_1_tl_40_w1" custom="readingOrder {index:0;}">
                    <Coords points="1175,1909 1175,1969 1343,1969 1343,1909"/>
                    <TextEquiv>
                        <Unicode>Schnitzler</Unicode>
                    </TextEquiv>
                </Word>
                <Word id="tr_1_tl_40_w2" custom="readingOrder {index:1;}">
                    <Coords points="1376,1906 1376,1966 1444,1966 1444,1906"/>
                    <TextEquiv>
                        <Unicode>aber</Unicode>
                    </TextEquiv>
                </Word>
                <Word id="tr_1_tl_40_w3" custom="readingOrder {index:2;}">
                    <Coords points="1476,1907 1476,1967 1534,1967 1534,1907"/>
                    <TextEquiv>
                        <Unicode>hat</Unicode>
                    </TextEquiv>
                </Word>
                <Word id="tr_1_tl_40_w4" custom="readingOrder {index:3;}">
                    <Coords points="1566,1911 1566,1971 1635,1971 1635,1911"/>
                    <TextEquiv>
                        <Unicode>man</Unicode>
                    </TextEquiv>
                </Word>
                <Word id="tr_1_tl_40_w5" custom="readingOrder {index:4;}">
                    <Coords points="1678,1910 1678,1970 1730,1970 1730,1910"/>
                    <TextEquiv>
                        <Unicode>zum</Unicode>
                    </TextEquiv>
                </Word>
                <Word id="tr_1_tl_40_w6" custom="readingOrder {index:5;}">
                    <Coords points="1779,1908 1779,1968 1942,1968 1942,1908"/>
                    <TextEquiv>
                        <Unicode>Vorwurf</Unicode>
                    </TextEquiv>
                </Word>
                <Word id="tr_1_tl_40_w7" custom="readingOrder {index:6;}">
                    <Coords points="1975,1909 1975,1969 2027,1969 2027,1909"/>
                    <TextEquiv>
                        <Unicode>ge=</Unicode>
                    </TextEquiv>
                </Word>
                <Word id="tr_1_tl_40_w8" custom="readingOrder {index:7;}">
                    <Coords points="2059,1912 2059,1972 2106,1972 2106,1912"/>
                    <TextEquiv>
                        <Unicode>ihm</Unicode>
                    </TextEquiv>
                </Word>
                <Word id="tr_1_tl_40_w9" custom="readingOrder {index:8;}">
                    <Coords points="2155,1916 2155,1976 2217,1976 2217,1916"/>
                    <TextEquiv>
                        <Unicode>treu</Unicode>
                    </TextEquiv>
                </Word>
                <Word id="tr_1_tl_40_w10" custom="readingOrder {index:9;}">
                    <Coords points="2250,1918 2250,1978 2307,1978 2307,1918"/>
                    <TextEquiv>
                        <Unicode>sei.</Unicode>
                    </TextEquiv>
                </Word>
                <Word id="tr_1_tl_40_w11" custom="readingOrder {index:10;}">
                    <Coords points="2324,1918 2324,1978 2414,1978 2414,1918"/>
                    <TextEquiv>
                        <Unicode>Denn</Unicode>
                    </TextEquiv>
                </Word>
                <Word id="tr_1_tl_40_w12" custom="readingOrder {index:11;}">
                    <Coords points="2452,1920 2452,1980 2483,1980 2483,1920"/>
                    <TextEquiv>
                        <Unicode>er</Unicode>
                    </TextEquiv>
                </Word>
                <Word id="tr_1_tl_40_w13" custom="readingOrder {index:12;}">
                    <Coords points="2504,1920 2504,1980 2652,1980 2652,1920"/>
                    <TextEquiv>
                        <Unicode>fürchtet,</Unicode>
                    </TextEquiv>
                </Word>
                <Word id="tr_1_tl_40_w14" custom="readingOrder {index:13;}">
                    <Coords points="2679,1919 2679,1979 2721,1979 2721,1919"/>
                    <TextEquiv>
                        <Unicode>die</Unicode>
                    </TextEquiv>
                </Word>
                <Word id="tr_1_tl_40_w15" custom="readingOrder {index:14;}">
                    <Coords points="2748,1923 2748,1983 2922,1983 2922,1923"/>
                    <TextEquiv>
                        <Unicode>Wahrheit</Unicode>
                    </TextEquiv>
                </Word>
                <TextEquiv>
                    <Unicode>Schnitzler aber hat man zum Vorwurf ge= ihm treu sei. Denn er fürchtet, die Wahrheit</Unicode>
                </TextEquiv>
            </TextLine>
            <TextLine id="tr_1_tl_41" custom="readingOrder {index:40;}">
                <Coords points="276,1989 1143,1985 1143,1936 1109,1934 276,1945"/>
                <Baseline points="289,1976 332,1975 375,1976 418,1976 461,1974 504,1973 547,1973 590,1975 633,1976 676,1975 719,1973 762,1973 805,1974 848,1975 891,1973 934,1973 977,1973 1020,1970 1063,1973 1106,1973 1149,1970"/>
                <Word id="tr_1_tl_41_w1" custom="readingOrder {index:0;}">
                    <Coords points="276,1935 276,1995 427,1995 427,1935"/>
                    <TextEquiv>
                        <Unicode>publikum</Unicode>
                    </TextEquiv>
                </Word>
                <Word id="tr_1_tl_41_w2" custom="readingOrder {index:1;}">
                    <Coords points="478,1933 478,1993 533,1993 533,1933"/>
                    <TextEquiv>
                        <Unicode>der</Unicode>
                    </TextEquiv>
                </Word>
                <Word id="tr_1_tl_41_w3" custom="readingOrder {index:2;}">
                    <Coords points="564,1935 564,1995 660,1995 660,1935"/>
                    <TextEquiv>
                        <Unicode>Logen</Unicode>
                    </TextEquiv>
                </Word>
                <Word id="tr_1_tl_41_w4" custom="readingOrder {index:3;}">
                    <Coords points="706,1933 706,1993 766,1993 766,1933"/>
                    <TextEquiv>
                        <Unicode>und</Unicode>
                    </TextEquiv>
                </Word>
                <Word id="tr_1_tl_41_w5" custom="readingOrder {index:4;}">
                    <Coords points="798,1934 798,1994 847,1994 847,1934"/>
                    <TextEquiv>
                        <Unicode>des</Unicode>
                    </TextEquiv>
                </Word>
                <Word id="tr_1_tl_41_w6" custom="readingOrder {index:5;}">
                    <Coords points="883,1930 883,1990 1131,1990 1131,1930"/>
                    <TextEquiv>
                        <Unicode>Nobelparketts</Unicode>
                    </TextEquiv>
                </Word>
                <TextEquiv>
                    <Unicode>publikum der Logen und des Nobelparketts</Unicode>
                </TextEquiv>
            </TextLine>
            <TextLine id="tr_1_tl_42" custom="readingOrder {index:41;}">
                <Coords points="1182,1998 2024,2002 2024,1954 1182,1960"/>
                <Baseline points="1194,1991 1235,1991 1277,1994 1319,1992 1361,1991 1403,1991 1444,1991 1486,1989 1528,1989 1570,1991 1612,1991 1653,1990 1695,1989 1737,1991 1779,1994 1821,1991 1862,1991 1904,1991 1946,1991 1988,1991 2030,1991"/>
                <Word id="tr_1_tl_42_w1" custom="readingOrder {index:0;}">
                    <Coords points="1177,1951 1177,2011 1288,2011 1288,1951"/>
                    <TextEquiv>
                        <Unicode>macht,</Unicode>
                    </TextEquiv>
                </Word>
                <Word id="tr_1_tl_42_w2" custom="readingOrder {index:1;}">
                    <Coords points="1320,1951 1320,2011 1373,2011 1373,1951"/>
                    <TextEquiv>
                        <Unicode>bei</Unicode>
                    </TextEquiv>
                </Word>
                <Word id="tr_1_tl_42_w3" custom="readingOrder {index:2;}">
                    <Coords points="1405,1951 1405,2011 1458,2011 1458,1951"/>
                    <TextEquiv>
                        <Unicode>ihm</Unicode>
                    </TextEquiv>
                </Word>
                <Word id="tr_1_tl_42_w4" custom="readingOrder {index:3;}">
                    <Coords points="1517,1950 1517,2010 1591,2010 1591,1950"/>
                    <TextEquiv>
                        <Unicode>seien</Unicode>
                    </TextEquiv>
                </Word>
                <Word id="tr_1_tl_42_w5" custom="readingOrder {index:4;}">
                    <Coords points="1639,1949 1639,2009 1671,2009 1671,1949"/>
                    <TextEquiv>
                        <Unicode>es</Unicode>
                    </TextEquiv>
                </Word>
                <Word id="tr_1_tl_42_w6" custom="readingOrder {index:5;}">
                    <Coords points="1714,1951 1714,2011 1931,2011 1931,1951"/>
                    <TextEquiv>
                        <Unicode>hauptsächlich</Unicode>
                    </TextEquiv>
                </Word>
                <Word id="tr_1_tl_42_w7" custom="readingOrder {index:6;}">
                    <Coords points="1980,1951 1980,2011 2027,2011 2027,1951"/>
                    <TextEquiv>
                        <Unicode>die</Unicode>
                    </TextEquiv>
                </Word>
                <TextEquiv>
                    <Unicode>macht, bei ihm seien es hauptsächlich die</Unicode>
                </TextEquiv>
            </TextLine>
            <TextLine id="tr_1_tl_43" custom="readingOrder {index:42;}">
                <Coords points="2062,2018 2628,2007 2922,2035 2895,1969 2062,1969"/>
                <Baseline points="2074,2003 2116,2000 2159,2000 2202,2000 2244,2002 2287,2001 2330,2002 2372,2003 2415,2003 2458,2003 2501,2003 2543,2003 2586,2003 2629,2003 2671,2005 2714,2008 2757,2007 2799,2009 2842,2009 2885,2009 2928,2006"/>
                <Word id="tr_1_tl_43_w1" custom="readingOrder {index:0;}">
                    <Coords points="2057,1963 2057,2023 2082,2023 2082,1963"/>
                    <TextEquiv>
                        <Unicode>zu</Unicode>
                    </TextEquiv>
                </Word>
                <Word id="tr_1_tl_43_w2" custom="readingOrder {index:1;}">
                    <Coords points="2114,1960 2114,2020 2280,2020 2280,1960"/>
                    <TextEquiv>
                        <Unicode>erfahren.</Unicode>
                    </TextEquiv>
                </Word>
                <Word id="tr_1_tl_43_w3" custom="readingOrder {index:2;}">
                    <Coords points="2301,1961 2301,2021 2342,2021 2342,1961"/>
                    <TextEquiv>
                        <Unicode>Er</Unicode>
                    </TextEquiv>
                </Word>
                <Word id="tr_1_tl_43_w4" custom="readingOrder {index:3;}">
                    <Coords points="2369,1963 2369,2023 2493,2023 2493,1963"/>
                    <TextEquiv>
                        <Unicode>erweckt</Unicode>
                    </TextEquiv>
                </Word>
                <Word id="tr_1_tl_43_w5" custom="readingOrder {index:4;}">
                    <Coords points="2515,1963 2515,2023 2608,2023 2608,1963"/>
                    <TextEquiv>
                        <Unicode>lieber</Unicode>
                    </TextEquiv>
                </Word>
                <Word id="tr_1_tl_43_w6" custom="readingOrder {index:5;}">
                    <Coords points="2634,1966 2634,2026 2738,2026 2738,1966"/>
                    <TextEquiv>
                        <Unicode>Kora,</Unicode>
                    </TextEquiv>
                </Word>
                <Word id="tr_1_tl_43_w7" custom="readingOrder {index:6;}">
                    <Coords points="2760,1969 2760,2029 2852,2029 2852,1969"/>
                    <TextEquiv>
                        <Unicode>bevor</Unicode>
                    </TextEquiv>
                </Word>
                <Word id="tr_1_tl_43_w8" custom="readingOrder {index:7;}">
                    <Coords points="2879,1968 2879,2028 2915,2028 2915,1968"/>
                    <TextEquiv>
                        <Unicode>sie</Unicode>
                    </TextEquiv>
                </Word>
                <TextEquiv>
                    <Unicode>zu erfahren. Er erweckt lieber Kora, bevor sie</Unicode>
                </TextEquiv>
            </TextLine>
            <TextLine id="tr_1_tl_44" custom="readingOrder {index:43;}">
                <Coords points="272,2024 1143,2027 1143,1987 1103,1982 272,1987"/>
                <Baseline points="283,2021 326,2021 369,2021 412,2019 455,2020 498,2019 541,2018 585,2018 628,2018 671,2018 714,2018 757,2018 800,2019 843,2021 887,2020 930,2018 973,2018 1016,2018 1059,2018 1102,2015 1146,2018"/>
                <Word id="tr_1_tl_44_w1" custom="readingOrder {index:0;}">
                    <Coords points="278,1981 278,2041 397,2041 397,1981"/>
                    <TextEquiv>
                        <Unicode>Welche</Unicode>
                    </TextEquiv>
                </Word>
                <Word id="tr_1_tl_44_w2" custom="readingOrder {index:1;}">
                    <Coords points="424,1978 424,2038 635,2038 635,1978"/>
                    <TextEquiv>
                        <Unicode>Empörung,</Unicode>
                    </TextEquiv>
                </Word>
                <Word id="tr_1_tl_44_w3" custom="readingOrder {index:2;}">
                    <Coords points="658,1978 658,2038 711,2038 711,1978"/>
                    <TextEquiv>
                        <Unicode>daß</Unicode>
                    </TextEquiv>
                </Word>
                <Word id="tr_1_tl_44_w4" custom="readingOrder {index:3;}">
                    <Coords points="744,1978 744,2038 788,2038 788,1978"/>
                    <TextEquiv>
                        <Unicode>ein</Unicode>
                    </TextEquiv>
                </Word>
                <Word id="tr_1_tl_44_w5" custom="readingOrder {index:4;}">
                    <Coords points="815,1980 815,2040 934,2040 934,1980"/>
                    <TextEquiv>
                        <Unicode>junger</Unicode>
                    </TextEquiv>
                </Word>
                <Word id="tr_1_tl_44_w6" custom="readingOrder {index:5;}">
                    <Coords points="957,1978 957,2038 1086,2038 1086,1978"/>
                    <TextEquiv>
                        <Unicode>Dichter</Unicode>
                    </TextEquiv>
                </Word>
                <Word id="tr_1_tl_44_w7" custom="readingOrder {index:6;}">
                    <Coords points="1114,1976 1114,2036 1146,2036 1146,1976"/>
                    <TextEquiv>
                        <Unicode>es</Unicode>
                    </TextEquiv>
                </Word>
                <TextEquiv>
                    <Unicode>Welche Empörung, daß ein junger Dichter es</Unicode>
                </TextEquiv>
            </TextLine>
            <TextLine id="tr_1_tl_45" custom="readingOrder {index:44;}">
                <Coords points="1187,2044 2716,2062 2716,2024 2634,2007 1187,1998"/>
                <Baseline points="1200,2033 1276,2034 1352,2033 1428,2033 1504,2034 1580,2034 1656,2035 1732,2036 1808,2035 1884,2036 1961,2033 2037,2036 2113,2045 2189,2044 2265,2045 2341,2045 2417,2045 2493,2048 2569,2048 2645,2048 2722,2054"/>
                <Word id="tr_1_tl_45_w1" custom="readingOrder {index:0;}">
                    <Coords points="1182,1993 1182,2053 1325,2053 1325,1993"/>
                    <TextEquiv>
                        <Unicode>Frauen,</Unicode>
                    </TextEquiv>
                </Word>
                <Word id="tr_1_tl_45_w2" custom="readingOrder {index:1;}">
                    <Coords points="1353,1993 1353,2053 1397,2053 1397,1993"/>
                    <TextEquiv>
                        <Unicode>die</Unicode>
                    </TextEquiv>
                </Word>
                <Word id="tr_1_tl_45_w3" custom="readingOrder {index:2;}">
                    <Coords points="1425,1993 1425,2053 1518,2053 1518,1993"/>
                    <TextEquiv>
                        <Unicode>gegen</Unicode>
                    </TextEquiv>
                </Word>
                <Word id="tr_1_tl_45_w4" custom="readingOrder {index:3;}">
                    <Coords points="1552,1994 1552,2054 1613,2054 1613,1994"/>
                    <TextEquiv>
                        <Unicode>alle</Unicode>
                    </TextEquiv>
                </Word>
                <Word id="tr_1_tl_45_w5" custom="readingOrder {index:4;}">
                    <Coords points="1647,1995 1647,2055 1767,2055 1767,1995"/>
                    <TextEquiv>
                        <Unicode>Pflicht</Unicode>
                    </TextEquiv>
                </Word>
                <Word id="tr_1_tl_45_w6" custom="readingOrder {index:5;}">
                    <Coords points="1801,1995 1801,2055 1861,2055 1861,1995"/>
                    <TextEquiv>
                        <Unicode>und</Unicode>
                    </TextEquiv>
                </Word>
                <Word id="tr_1_tl_45_w7" custom="readingOrder {index:6;}">
                    <Coords points="1895,1993 1895,2053 2033,2053 2033,1993"/>
                    <TextEquiv>
                        <Unicode>bürger=</Unicode>
                    </TextEquiv>
                </Word>
                <Word id="tr_1_tl_45_w8" custom="readingOrder {index:7;}">
                    <Coords points="2067,2003 2067,2063 2133,2063 2133,2003"/>
                    <TextEquiv>
                        <Unicode>noch</Unicode>
                    </TextEquiv>
                </Word>
                <Word id="tr_1_tl_45_w9" custom="readingOrder {index:8;}">
                    <Coords points="2161,2004 2161,2064 2338,2064 2338,2004"/>
                    <TextEquiv>
                        <Unicode>antworten</Unicode>
                    </TextEquiv>
                </Word>
                <Word id="tr_1_tl_45_w10" custom="readingOrder {index:9;}">
                    <Coords points="2366,2005 2366,2065 2465,2065 2465,2005"/>
                    <TextEquiv>
                        <Unicode>kann,</Unicode>
                    </TextEquiv>
                </Word>
                <Word id="tr_1_tl_45_w11" custom="readingOrder {index:10;}">
                    <Coords points="2482,2008 2482,2068 2542,2068 2542,2008"/>
                    <TextEquiv>
                        <Unicode>und</Unicode>
                    </TextEquiv>
                </Word>
                <Word id="tr_1_tl_45_w12" custom="readingOrder {index:11;}">
                    <Coords points="2565,2008 2565,2068 2641,2068 2641,2008"/>
                    <TextEquiv>
                        <Unicode>küßt</Unicode>
                    </TextEquiv>
                </Word>
                <Word id="tr_1_tl_45_w13" custom="readingOrder {index:12;}">
                    <Coords points="2659,2011 2659,2071 2713,2071 2713,2011"/>
                    <TextEquiv>
                        <Unicode>sie.</Unicode>
                    </TextEquiv>
                </Word>
                <TextEquiv>
                    <Unicode>Frauen, die gegen alle Pflicht und bürger= noch antworten kann, und küßt sie.</Unicode>
                </TextEquiv>
            </TextLine>
            <TextLine id="tr_1_tl_46" custom="readingOrder {index:45;}">
                <Coords points="911,2082 933,2084 975,2062 994,2073 1054,2069 1067,2060 1083,2077 1147,2073 1147,2031 1105,2018 1070,2035 1050,2027 983,2033 953,2022 933,2033 911,2027"/>
                <Baseline points="922,2062 947,2061 973,2059 998,2059 1024,2059 1049,2058 1075,2058 1100,2059 1126,2058 1152,2057"/>
                <Word id="tr_1_tl_46_w1" custom="readingOrder {index:0;}">
                    <Coords points="915,2021 915,2081 949,2081 949,2021"/>
                    <TextEquiv>
                        <Unicode>es</Unicode>
                    </TextEquiv>
                </Word>
                <Word id="tr_1_tl_46_w2" custom="readingOrder {index:1;}">
                    <Coords points="984,2019 984,2079 1048,2079 1048,2019"/>
                    <TextEquiv>
                        <Unicode>war</Unicode>
                    </TextEquiv>
                </Word>
                <Word id="tr_1_tl_46_w3" custom="readingOrder {index:2;}">
                    <Coords points="1078,2018 1078,2078 1136,2078 1136,2018"/>
                    <TextEquiv>
                        <Unicode>sein</Unicode>
                    </TextEquiv>
                </Word>
                <TextEquiv>
                    <Unicode>es war sein</Unicode>
                </TextEquiv>
            </TextLine>
            <TextLine id="tr_1_tl_47" custom="readingOrder {index:46;}">
                <Coords points="270,2069 338,2084 396,2064 522,2066 544,2088 787,2075 789,2029 734,2020 712,2040 648,2022 524,2044 429,2022 385,2044 272,2024"/>
                <Baseline points="283,2062 308,2065 334,2063 359,2062 385,2062 410,2062 436,2062 461,2064 487,2065 512,2065 538,2064 564,2062 589,2062 615,2062 640,2062 666,2062 691,2060 717,2059 742,2059 768,2057 794,2054"/>
                <Word id="tr_1_tl_47_w1" custom="readingOrder {index:0;}">
                    <Coords points="277,2023 277,2083 379,2083 379,2023"/>
                    <TextEquiv>
                        <Unicode>wagt,</Unicode>
                    </TextEquiv>
                </Word>
                <Word id="tr_1_tl_47_w2" custom="readingOrder {index:1;}">
                    <Coords points="419,2022 419,2082 477,2082 477,2022"/>
                    <TextEquiv>
                        <Unicode>das</Unicode>
                    </TextEquiv>
                </Word>
                <Word id="tr_1_tl_47_w3" custom="readingOrder {index:2;}">
                    <Coords points="529,2022 529,2082 626,2082 626,2022"/>
                    <TextEquiv>
                        <Unicode>„füße</Unicode>
                    </TextEquiv>
                </Word>
                <Word id="tr_1_tl_47_w4" custom="readingOrder {index:3;}">
                    <Coords points="655,2019 655,2079 786,2079 786,2019"/>
                    <TextEquiv>
                        <Unicode>Madel“</Unicode>
                    </TextEquiv>
                </Word>
                <TextEquiv>
                    <Unicode>wagt, das „füße Madel“</Unicode>
                </TextEquiv>
            </TextLine>
            <TextLine id="tr_1_tl_48" custom="readingOrder {index:47;}">
                <Coords points="1176,2093 1494,2077 1887,2102 1887,2040 1176,2044"/>
                <Baseline points="1188,2077 1223,2077 1258,2075 1293,2074 1328,2074 1364,2077 1399,2077 1434,2077 1469,2076 1504,2074 1540,2077 1575,2077 1610,2077 1645,2077 1680,2077 1716,2075 1751,2076 1786,2076 1821,2074 1856,2077 1892,2077"/>
                <Word id="tr_1_tl_48_w1" custom="readingOrder {index:0;}">
                    <Coords points="1182,2037 1182,2097 1251,2097 1251,2037"/>
                    <TextEquiv>
                        <Unicode>liche</Unicode>
                    </TextEquiv>
                </Word>
                <Word id="tr_1_tl_48_w2" custom="readingOrder {index:1;}">
                    <Coords points="1279,2034 1279,2094 1392,2094 1392,2034"/>
                    <TextEquiv>
                        <Unicode>Moral</Unicode>
                    </TextEquiv>
                </Word>
                <Word id="tr_1_tl_48_w3" custom="readingOrder {index:2;}">
                    <Coords points="1420,2036 1420,2096 1468,2096 1468,2036"/>
                    <TextEquiv>
                        <Unicode>der</Unicode>
                    </TextEquiv>
                </Word>
                <Word id="tr_1_tl_48_w4" custom="readingOrder {index:3;}">
                    <Coords points="1496,2037 1496,2097 1706,2097 1706,2037"/>
                    <TextEquiv>
                        <Unicode>Leidenschaft</Unicode>
                    </TextEquiv>
                </Word>
                <Word id="tr_1_tl_48_w5" custom="readingOrder {index:4;}">
                    <Coords points="1734,2034 1734,2094 1885,2094 1885,2034"/>
                    <TextEquiv>
                        <Unicode>erliegen.</Unicode>
                    </TextEquiv>
                </Word>
                <TextEquiv>
                    <Unicode>liche Moral der Leidenschaft erliegen.</Unicode>
                </TextEquiv>
            </TextLine>
            <TextLine id="tr_1_tl_49" custom="readingOrder {index:48;}">
                <Coords points="2139,2095 2922,2106 2908,2033 2597,2073 2139,2049"/>
                <Baseline points="2152,2083 2190,2086 2229,2086 2267,2088 2306,2089 2345,2088 2383,2086 2422,2089 2461,2089 2499,2089 2538,2091 2577,2091 2615,2090 2654,2092 2693,2092 2731,2092 2770,2092 2809,2092 2847,2094 2886,2095 2925,2092"/>
                <Word id="tr_1_tl_49_w1" custom="readingOrder {index:0;}">
                    <Coords points="2145,2045 2145,2105 2213,2105 2213,2045"/>
                    <TextEquiv>
                        <Unicode>Wie</Unicode>
                    </TextEquiv>
                </Word>
                <Word id="tr_1_tl_49_w2" custom="readingOrder {index:1;}">
                    <Coords points="2242,2048 2242,2108 2367,2108 2367,2048"/>
                    <TextEquiv>
                        <Unicode>lächelte</Unicode>
                    </TextEquiv>
                </Word>
                <Word id="tr_1_tl_49_w3" custom="readingOrder {index:2;}">
                    <Coords points="2396,2049 2396,2109 2589,2109 2589,2049"/>
                    <TextEquiv>
                        <Unicode>Schnitzler,</Unicode>
                    </TextEquiv>
                </Word>
                <Word id="tr_1_tl_49_w4" custom="readingOrder {index:3;}">
                    <Coords points="2612,2051 2612,2111 2657,2111 2657,2051"/>
                    <TextEquiv>
                        <Unicode>als</Unicode>
                    </TextEquiv>
                </Word>
                <Word id="tr_1_tl_49_w5" custom="readingOrder {index:4;}">
                    <Coords points="2686,2052 2686,2112 2726,2112 2726,2052"/>
                    <TextEquiv>
                        <Unicode>ich</Unicode>
                    </TextEquiv>
                </Word>
                <Word id="tr_1_tl_49_w6" custom="readingOrder {index:5;}">
                    <Coords points="2760,2052 2760,2112 2811,2112 2811,2052"/>
                    <TextEquiv>
                        <Unicode>ihn</Unicode>
                    </TextEquiv>
                </Word>
                <Word id="tr_1_tl_49_w7" custom="readingOrder {index:6;}">
                    <Coords points="2846,2054 2846,2114 2924,2114 2924,2054"/>
                    <TextEquiv>
                        <Unicode>einst</Unicode>
                    </TextEquiv>
                </Word>
                <TextEquiv>
                    <Unicode>Wie lächelte Schnitzler, als ich ihn einst</Unicode>
                </TextEquiv>
            </TextLine>
            <TextLine id="tr_1_tl_50" custom="readingOrder {index:49;}">
                <Coords points="272,2117 1143,2115 1143,2071 1114,2066 272,2073"/>
                <Baseline points="283,2110 326,2107 369,2107 412,2105 455,2104 498,2104 541,2104 585,2104 628,2105 671,2106 714,2104 757,2104 800,2104 843,2104 887,2104 930,2104 973,2104 1016,2101 1059,2104 1102,2104 1146,2101"/>
                <Word id="tr_1_tl_50_w1" custom="readingOrder {index:0;}">
                    <Coords points="277,2065 277,2125 515,2125 515,2065"/>
                    <TextEquiv>
                        <Unicode>Lieblingskind</Unicode>
                    </TextEquiv>
                </Word>
                <Word id="tr_1_tl_50_w2" custom="readingOrder {index:1;}">
                    <Coords points="547,2064 547,2124 605,2124 605,2064"/>
                    <TextEquiv>
                        <Unicode>—,</Unicode>
                    </TextEquiv>
                </Word>
                <Word id="tr_1_tl_50_w3" custom="readingOrder {index:2;}">
                    <Coords points="627,2065 627,2125 685,2125 685,2065"/>
                    <TextEquiv>
                        <Unicode>auf</Unicode>
                    </TextEquiv>
                </Word>
                <Word id="tr_1_tl_50_w4" custom="readingOrder {index:3;}">
                    <Coords points="712,2064 712,2124 759,2124 759,2064"/>
                    <TextEquiv>
                        <Unicode>die</Unicode>
                    </TextEquiv>
                </Word>
                <Word id="tr_1_tl_50_w5" custom="readingOrder {index:4;}">
                    <Coords points="786,2064 786,2124 902,2124 902,2064"/>
                    <TextEquiv>
                        <Unicode>Bühne</Unicode>
                    </TextEquiv>
                </Word>
                <Word id="tr_1_tl_50_w6" custom="readingOrder {index:5;}">
                    <Coords points="950,2063 950,2123 1009,2123 1009,2063"/>
                    <TextEquiv>
                        <Unicode>des</Unicode>
                    </TextEquiv>
                </Word>
                <Word id="tr_1_tl_50_w7" custom="readingOrder {index:6;}">
                    <Coords points="1036,2064 1036,2124 1146,2124 1146,2064"/>
                    <TextEquiv>
                        <Unicode>Burg¬</Unicode>
                    </TextEquiv>
                </Word>
                <TextEquiv>
                    <Unicode>Lieblingskind —, auf die Bühne des Burg¬</Unicode>
                </TextEquiv>
            </TextLine>
            <TextLine id="tr_1_tl_51" custom="readingOrder {index:50;}">
                <Coords points="1262,2128 2033,2135 2033,2077 1969,2071 1856,2104 1262,2075"/>
                <Baseline points="1274,2119 1312,2119 1350,2117 1388,2118 1426,2119 1464,2119 1502,2119 1540,2116 1578,2118 1616,2119 1655,2119 1693,2119 1731,2119 1769,2119 1807,2119 1845,2119 1883,2119 1921,2118 1959,2117 1997,2119 2036,2116"/>
                <Word id="tr_1_tl_51_w1" custom="readingOrder {index:0;}">
                    <Coords points="1262,2079 1262,2139 1354,2139 1354,2079"/>
                    <TextEquiv>
                        <Unicode>Ganz</Unicode>
                    </TextEquiv>
                </Word>
                <Word id="tr_1_tl_51_w2" custom="readingOrder {index:1;}">
                    <Coords points="1385,2079 1385,2139 1540,2139 1540,2079"/>
                    <TextEquiv>
                        <Unicode>nebenbei</Unicode>
                    </TextEquiv>
                </Word>
                <Word id="tr_1_tl_51_w3" custom="readingOrder {index:2;}">
                    <Coords points="1566,2079 1566,2139 1721,2139 1721,2079"/>
                    <TextEquiv>
                        <Unicode>bemerkt:</Unicode>
                    </TextEquiv>
                </Word>
                <Word id="tr_1_tl_51_w4" custom="readingOrder {index:3;}">
                    <Coords points="1753,2079 1753,2139 1851,2139 1851,2079"/>
                    <TextEquiv>
                        <Unicode>Zola,</Unicode>
                    </TextEquiv>
                </Word>
                <Word id="tr_1_tl_51_w5" custom="readingOrder {index:4;}">
                    <Coords points="1877,2078 1877,2138 1928,2138 1928,2078"/>
                    <TextEquiv>
                        <Unicode>der</Unicode>
                    </TextEquiv>
                </Word>
                <Word id="tr_1_tl_51_w6" custom="readingOrder {index:5;}">
                    <Coords points="1959,2078 1959,2138 2026,2138 2026,2078"/>
                    <TextEquiv>
                        <Unicode>doch</Unicode>
                    </TextEquiv>
                </Word>
                <TextEquiv>
                    <Unicode>Ganz nebenbei bemerkt: Zola, der doch</Unicode>
                </TextEquiv>
            </TextLine>
            <TextLine id="tr_1_tl_52" custom="readingOrder {index:51;}">
                <Coords points="2060,2139 2924,2155 2922,2106 2822,2095 2060,2100"/>
                <Baseline points="2071,2128 2113,2131 2156,2131 2199,2131 2242,2133 2285,2134 2328,2134 2370,2132 2413,2133 2456,2134 2499,2134 2542,2134 2585,2134 2628,2133 2670,2132 2713,2135 2756,2137 2799,2137 2842,2137 2885,2137 2928,2137"/>
                <Word id="tr_1_tl_52_w1" custom="readingOrder {index:0;}">
                    <Coords points="2060,2091 2060,2151 2247,2151 2247,2091"/>
                    <TextEquiv>
                        <Unicode>aufmerksam</Unicode>
                    </TextEquiv>
                </Word>
                <Word id="tr_1_tl_52_w2" custom="readingOrder {index:1;}">
                    <Coords points="2296,2092 2296,2152 2429,2152 2429,2092"/>
                    <TextEquiv>
                        <Unicode>machte,</Unicode>
                    </TextEquiv>
                </Word>
                <Word id="tr_1_tl_52_w3" custom="readingOrder {index:2;}">
                    <Coords points="2451,2094 2451,2154 2526,2154 2526,2094"/>
                    <TextEquiv>
                        <Unicode>ganz</Unicode>
                    </TextEquiv>
                </Word>
                <Word id="tr_1_tl_52_w4" custom="readingOrder {index:3;}">
                    <Coords points="2553,2093 2553,2153 2692,2153 2692,2093"/>
                    <TextEquiv>
                        <Unicode>dasselbe</Unicode>
                    </TextEquiv>
                </Word>
                <Word id="tr_1_tl_52_w5" custom="readingOrder {index:4;}">
                    <Coords points="2719,2097 2719,2157 2820,2157 2820,2097"/>
                    <TextEquiv>
                        <Unicode>Spiel</Unicode>
                    </TextEquiv>
                </Word>
                <Word id="tr_1_tl_52_w6" custom="readingOrder {index:5;}">
                    <Coords points="2848,2097 2848,2157 2922,2157 2922,2097"/>
                    <TextEquiv>
                        <Unicode>habe</Unicode>
                    </TextEquiv>
                </Word>
                <TextEquiv>
                    <Unicode>aufmerksam machte, ganz dasselbe Spiel habe</Unicode>
                </TextEquiv>
            </TextLine>
            <TextLine id="tr_1_tl_53" custom="readingOrder {index:52;}">
                <Coords points="274,2161 424,2186 508,2155 575,2188 656,2153 771,2179 831,2148 1138,2155 1138,2119 1030,2108 274,2117"/>
                <Baseline points="286,2152 328,2152 371,2152 414,2154 457,2155 500,2153 543,2152 585,2150 628,2149 671,2149 714,2149 757,2149 800,2148 843,2148 885,2152 928,2151 971,2149 1014,2149 1057,2149 1100,2149 1143,2146"/>
                <Word id="tr_1_tl_53_w1" custom="readingOrder {index:0;}">
                    <Coords points="273,2112 273,2172 416,2172 416,2112"/>
                    <TextEquiv>
                        <Unicode>thers</Unicode>
                    </TextEquiv>
                </Word>
                <Word id="tr_1_tl_53_w2" custom="readingOrder {index:1;}">
                    <Coords points="451,2114 451,2174 475,2174 475,2114"/>
                    <TextEquiv>
                        <Unicode>zu</Unicode>
                    </TextEquiv>
                </Word>
                <Word id="tr_1_tl_53_w3" custom="readingOrder {index:2;}">
                    <Coords points="510,2110 510,2170 643,2170 643,2110"/>
                    <TextEquiv>
                        <Unicode>tragen!</Unicode>
                    </TextEquiv>
                </Word>
                <Word id="tr_1_tl_53_w4" custom="readingOrder {index:3;}">
                    <Coords points="668,2109 668,2169 811,2169 811,2109"/>
                    <TextEquiv>
                        <Unicode>Damals</Unicode>
                    </TextEquiv>
                </Word>
                <Word id="tr_1_tl_53_w5" custom="readingOrder {index:4;}">
                    <Coords points="841,2110 841,2170 1043,2170 1043,2110"/>
                    <TextEquiv>
                        <Unicode>betrachteten</Unicode>
                    </TextEquiv>
                </Word>
                <Word id="tr_1_tl_53_w6" custom="readingOrder {index:5;}">
                    <Coords points="1078,2108 1078,2168 1141,2168 1141,2108"/>
                    <TextEquiv>
                        <Unicode>doch</Unicode>
                    </TextEquiv>
                </Word>
                <TextEquiv>
                    <Unicode>thers zu tragen! Damals betrachteten doch</Unicode>
                </TextEquiv>
            </TextLine>
            <TextLine id="tr_1_tl_54" custom="readingOrder {index:53;}">
                <Coords points="1176,2172 2027,2177 2027,2130 1949,2117 1739,2119 1695,2146 1176,2119"/>
                <Baseline points="1188,2161 1230,2164 1272,2161 1314,2161 1357,2161 1399,2161 1441,2163 1483,2162 1526,2161 1568,2162 1610,2163 1652,2162 1695,2163 1737,2161 1779,2161 1821,2161 1864,2161 1906,2161 1948,2161 1990,2164 2033,2161"/>
                <Word id="tr_1_tl_54_w1" custom="readingOrder {index:0;}">
                    <Coords points="1176,2122 1176,2182 1232,2182 1232,2122"/>
                    <TextEquiv>
                        <Unicode>das</Unicode>
                    </TextEquiv>
                </Word>
                <Word id="tr_1_tl_54_w2" custom="readingOrder {index:1;}">
                    <Coords points="1263,2121 1263,2181 1402,2181 1402,2121"/>
                    <TextEquiv>
                        <Unicode>Theater</Unicode>
                    </TextEquiv>
                </Word>
                <Word id="tr_1_tl_54_w3" custom="readingOrder {index:2;}">
                    <Coords points="1433,2122 1433,2182 1494,2182 1494,2122"/>
                    <TextEquiv>
                        <Unicode>mit</Unicode>
                    </TextEquiv>
                </Word>
                <Word id="tr_1_tl_54_w4" custom="readingOrder {index:3;}">
                    <Coords points="1521,2122 1521,2182 1670,2182 1670,2122"/>
                    <TextEquiv>
                        <Unicode>geradezu</Unicode>
                    </TextEquiv>
                </Word>
                <Word id="tr_1_tl_54_w5" custom="readingOrder {index:4;}">
                    <Coords points="1706,2121 1706,2181 1886,2181 1886,2121"/>
                    <TextEquiv>
                        <Unicode>seherischem</Unicode>
                    </TextEquiv>
                </Word>
                <Word id="tr_1_tl_54_w6" custom="readingOrder {index:5;}">
                    <Coords points="1938,2123 1938,2183 2025,2183 2025,2123"/>
                    <TextEquiv>
                        <Unicode>Auge</Unicode>
                    </TextEquiv>
                </Word>
                <TextEquiv>
                    <Unicode>das Theater mit geradezu seherischem Auge</Unicode>
                </TextEquiv>
            </TextLine>
            <TextLine id="tr_1_tl_55" custom="readingOrder {index:54;}">
                <Coords points="2071,2183 2926,2190 2926,2157 2833,2139 2071,2139"/>
                <Baseline points="2083,2173 2125,2176 2167,2176 2210,2174 2252,2175 2295,2178 2337,2177 2379,2176 2422,2176 2464,2178 2507,2179 2549,2179 2591,2178 2634,2177 2676,2179 2719,2179 2761,2179 2803,2182 2846,2182 2888,2182 2931,2179"/>
                <Word id="tr_1_tl_55_w1" custom="readingOrder {index:0;}">
                    <Coords points="2066,2133 2066,2193 2108,2193 2108,2133"/>
                    <TextEquiv>
                        <Unicode>sich</Unicode>
                    </TextEquiv>
                </Word>
                <Word id="tr_1_tl_55_w2" custom="readingOrder {index:1;}">
                    <Coords points="2142,2134 2142,2194 2281,2194 2281,2134"/>
                    <TextEquiv>
                        <Unicode>zwischen</Unicode>
                    </TextEquiv>
                </Word>
                <Word id="tr_1_tl_55_w3" custom="readingOrder {index:2;}">
                    <Coords points="2314,2136 2314,2196 2400,2196 2400,2136"/>
                    <TextEquiv>
                        <Unicode>einem</Unicode>
                    </TextEquiv>
                </Word>
                <Word id="tr_1_tl_55_w4" custom="readingOrder {index:3;}">
                    <Coords points="2444,2139 2444,2199 2578,2199 2578,2139"/>
                    <TextEquiv>
                        <Unicode>Prinzen</Unicode>
                    </TextEquiv>
                </Word>
                <Word id="tr_1_tl_55_w5" custom="readingOrder {index:4;}">
                    <Coords points="2617,2139 2617,2199 2735,2199 2735,2139"/>
                    <TextEquiv>
                        <Unicode>Franzi</Unicode>
                    </TextEquiv>
                </Word>
                <Word id="tr_1_tl_55_w6" custom="readingOrder {index:5;}">
                    <Coords points="2763,2142 2763,2202 2919,2202 2919,2142"/>
                    <TextEquiv>
                        <Unicode>Liechten¬</Unicode>
                    </TextEquiv>
                </Word>
                <TextEquiv>
                    <Unicode>sich zwischen einem Prinzen Franzi Liechten¬</Unicode>
                </TextEquiv>
            </TextLine>
            <TextLine id="tr_1_tl_56" custom="readingOrder {index:55;}">
                <Coords points="597,2206 736,2195 813,2228 911,2199 1008,2214 1056,2192 1107,2210 1147,2206 1149,2161 1070,2153 1048,2172 835,2150 765,2177 729,2157 599,2157"/>
                <Baseline points="612,2194 639,2191 666,2191 693,2191 720,2193 747,2193 774,2191 802,2191 829,2191 856,2191 883,2191 910,2191 937,2191 964,2191 992,2191 1019,2191 1046,2191 1073,2191 1100,2191 1127,2191 1155,2191"/>
                <Word id="tr_1_tl_56_w1" custom="readingOrder {index:0;}">
                    <Coords points="597,2151 597,2211 709,2211 709,2151"/>
                    <TextEquiv>
                        <Unicode>reiches</Unicode>
                    </TextEquiv>
                </Word>
                <Word id="tr_1_tl_56_w2" custom="readingOrder {index:1;}">
                    <Coords points="782,2151 782,2211 977,2211 977,2151"/>
                    <TextEquiv>
                        <Unicode>Bürgertum</Unicode>
                    </TextEquiv>
                </Word>
                <Word id="tr_1_tl_56_w3" custom="readingOrder {index:2;}">
                    <Coords points="1066,2151 1066,2211 1147,2211 1147,2151"/>
                    <TextEquiv>
                        <Unicode>diese</Unicode>
                    </TextEquiv>
                </Word>
                <TextEquiv>
                    <Unicode>reiches Bürgertum diese</Unicode>
                </TextEquiv>
            </TextLine>
            <TextLine id="tr_1_tl_57" custom="readingOrder {index:56;}">
                <Coords points="438,2208 469,2212 473,2217 484,2217 488,2212 491,2214 506,2206 513,2210 530,2208 530,2166 519,2166 504,2153 491,2166 480,2164 475,2168 438,2172"/>
                <Baseline points="450,2194 479,2196 508,2196 537,2194"/>
                <Word id="tr_1_tl_57_w1" custom="readingOrder {index:0;}">
                    <Coords points="444,2156 444,2216 516,2216 516,2156"/>
                    <TextEquiv>
                        <Unicode>und</Unicode>
                    </TextEquiv>
                </Word>
                <TextEquiv>
                    <Unicode>und</Unicode>
                </TextEquiv>
            </TextLine>
            <TextLine id="tr_1_tl_58" custom="readingOrder {index:57;}">
                <Coords points="276,2203 301,2201 309,2208 316,2203 320,2208 329,2206 334,2201 376,2206 373,2157 354,2157 338,2170 323,2159 303,2164 301,2161 274,2164"/>
                <Baseline points="289,2194 320,2194 351,2196 382,2200"/>
                <Word id="tr_1_tl_58_w1" custom="readingOrder {index:0;}">
                    <Coords points="280,2154 280,2214 368,2214 368,2154"/>
                    <TextEquiv>
                        <Unicode>Adel</Unicode>
                    </TextEquiv>
                </Word>
                <TextEquiv>
                    <Unicode>Adel</Unicode>
                </TextEquiv>
            </TextLine>
            <TextLine id="tr_1_tl_59" custom="readingOrder {index:58;}">
                <Coords points="1178,2212 2031,2212 2031,2175 1960,2166 1178,2172"/>
                <Baseline points="1191,2200 1233,2206 1275,2203 1317,2205 1360,2206 1402,2206 1444,2204 1486,2203 1529,2203 1571,2203 1613,2204 1655,2205 1698,2203 1740,2203 1782,2203 1824,2203 1867,2206 1909,2206 1951,2206 1993,2203 2036,2206"/>
                <Word id="tr_1_tl_59_w1" custom="readingOrder {index:0;}">
                    <Coords points="1178,2163 1178,2223 1373,2223 1373,2163"/>
                    <TextEquiv>
                        <Unicode>durchdrang</Unicode>
                    </TextEquiv>
                </Word>
                <Word id="tr_1_tl_59_w2" custom="readingOrder {index:1;}">
                    <Coords points="1416,2164 1416,2224 1447,2224 1447,2164"/>
                    <TextEquiv>
                        <Unicode>so</Unicode>
                    </TextEquiv>
                </Word>
                <Word id="tr_1_tl_59_w3" custom="readingOrder {index:2;}">
                    <Coords points="1495,2163 1495,2223 1558,2223 1558,2163"/>
                    <TextEquiv>
                        <Unicode>wie</Unicode>
                    </TextEquiv>
                </Word>
                <Word id="tr_1_tl_59_w4" custom="readingOrder {index:3;}">
                    <Coords points="1601,2164 1601,2224 1664,2224 1664,2164"/>
                    <TextEquiv>
                        <Unicode>uns</Unicode>
                    </TextEquiv>
                </Word>
                <Word id="tr_1_tl_59_w5" custom="readingOrder {index:4;}">
                    <Coords points="1707,2163 1707,2223 1897,2223 1897,2163"/>
                    <TextEquiv>
                        <Unicode>Menschen,</Unicode>
                    </TextEquiv>
                </Word>
                <Word id="tr_1_tl_59_w6" custom="readingOrder {index:5;}">
                    <Coords points="1934,2163 1934,2223 2034,2223 2034,2163"/>
                    <TextEquiv>
                        <Unicode>Zola,</Unicode>
                    </TextEquiv>
                </Word>
                <TextEquiv>
                    <Unicode>durchdrang so wie uns Menschen, Zola,</Unicode>
                </TextEquiv>
            </TextLine>
            <TextLine id="tr_1_tl_60" custom="readingOrder {index:59;}">
                <Coords points="2069,2223 2922,2239 2904,2188 2069,2179"/>
                <Baseline points="2080,2221 2122,2218 2164,2218 2207,2220 2249,2221 2292,2221 2334,2221 2376,2221 2419,2221 2461,2222 2504,2224 2546,2223 2588,2221 2631,2221 2673,2222 2716,2224 2758,2224 2800,2224 2843,2224 2885,2224 2928,2227"/>
                <Word id="tr_1_tl_60_w1" custom="readingOrder {index:0;}">
                    <Coords points="2064,2179 2064,2239 2130,2239 2130,2179"/>
                    <TextEquiv>
                        <Unicode>stein</Unicode>
                    </TextEquiv>
                </Word>
                <Word id="tr_1_tl_60_w2" custom="readingOrder {index:1;}">
                    <Coords points="2169,2179 2169,2239 2224,2239 2224,2179"/>
                    <TextEquiv>
                        <Unicode>und</Unicode>
                    </TextEquiv>
                </Word>
                <Word id="tr_1_tl_60_w3" custom="readingOrder {index:2;}">
                    <Coords points="2257,2181 2257,2241 2356,2241 2356,2181"/>
                    <TextEquiv>
                        <Unicode>seiner</Unicode>
                    </TextEquiv>
                </Word>
                <Word id="tr_1_tl_60_w4" custom="readingOrder {index:3;}">
                    <Coords points="2384,2182 2384,2242 2555,2242 2555,2182"/>
                    <TextEquiv>
                        <Unicode>fürstlichen</Unicode>
                    </TextEquiv>
                </Word>
                <Word id="tr_1_tl_60_w5" custom="readingOrder {index:4;}">
                    <Coords points="2589,2181 2589,2241 2748,2241 2748,2181"/>
                    <TextEquiv>
                        <Unicode>Geliebten</Unicode>
                    </TextEquiv>
                </Word>
                <Word id="tr_1_tl_60_w6" custom="readingOrder {index:5;}">
                    <Coords points="2788,2184 2788,2244 2914,2244 2914,2184"/>
                    <TextEquiv>
                        <Unicode>Therese</Unicode>
                    </TextEquiv>
                </Word>
                <TextEquiv>
                    <Unicode>stein und seiner fürstlichen Geliebten Therese</Unicode>
                </TextEquiv>
            </TextLine>
            <TextLine id="tr_1_tl_61" custom="readingOrder {index:60;}">
                <Coords points="877,2245 899,2243 908,2252 917,2245 924,2250 944,2243 968,2250 988,2245 988,2201 975,2203 970,2199 957,2208 928,2199 919,2203 911,2197 877,2203"/>
                <Baseline points="889,2236 915,2236 941,2236 967,2236 994,2236"/>
                <Word id="tr_1_tl_61_w1" custom="readingOrder {index:0;}">
                    <Coords points="882,2196 882,2256 975,2256 975,2196"/>
                    <TextEquiv>
                        <Unicode>ihnen</Unicode>
                    </TextEquiv>
                </Word>
                <TextEquiv>
                    <Unicode>ihnen</Unicode>
                </TextEquiv>
            </TextLine>
            <TextLine id="tr_1_tl_62" custom="readingOrder {index:61;}">
                <Coords points="661,2243 670,2243 683,2252 694,2245 709,2245 725,2256 747,2243 776,2243 778,2197 760,2199 754,2195 747,2199 736,2195 716,2210 707,2201 698,2201 672,2221 661,2219"/>
                <Baseline points="674,2239 701,2239 728,2238 755,2237 782,2239"/>
                <Word id="tr_1_tl_62_w1" custom="readingOrder {index:0;}">
                    <Coords points="666,2198 666,2258 765,2258 765,2198"/>
                    <TextEquiv>
                        <Unicode>einen</Unicode>
                    </TextEquiv>
                </Word>
                <TextEquiv>
                    <Unicode>einen</Unicode>
                </TextEquiv>
            </TextLine>
            <TextLine id="tr_1_tl_63" custom="readingOrder {index:62;}">
                <Coords points="265,2254 307,2254 323,2261 345,2248 362,2250 371,2259 385,2252 402,2254 404,2197 391,2197 373,2208 351,2201 334,2201 327,2208 296,2201 267,2206"/>
                <Baseline points="280,2242 305,2242 331,2241 357,2239 383,2239 409,2239"/>
                <Word id="tr_1_tl_63_w1" custom="readingOrder {index:0;}">
                    <Coords points="272,2200 272,2260 395,2260 395,2200"/>
                    <TextEquiv>
                        <Unicode>Stätte</Unicode>
                    </TextEquiv>
                </Word>
                <TextEquiv>
                    <Unicode>Stätte</Unicode>
                </TextEquiv>
            </TextLine>
            <TextLine id="tr_1_tl_64" custom="readingOrder {index:63;}">
                <Coords points="1176,2254 2027,2256 2009,2212 1711,2230 1485,2201 1297,2232 1176,2210"/>
                <Baseline points="1188,2245 1230,2248 1272,2248 1314,2248 1357,2248 1399,2248 1441,2248 1483,2248 1526,2248 1568,2249 1610,2250 1652,2247 1695,2245 1737,2245 1779,2246 1821,2248 1864,2245 1906,2245 1948,2248 1990,2248 2033,2248"/>
                <Word id="tr_1_tl_64_w1" custom="readingOrder {index:0;}">
                    <Coords points="1176,2207 1176,2267 1270,2267 1270,2207"/>
                    <TextEquiv>
                        <Unicode>dieser</Unicode>
                    </TextEquiv>
                </Word>
                <Word id="tr_1_tl_64_w2" custom="readingOrder {index:1;}">
                    <Coords points="1318,2208 1318,2268 1513,2268 1513,2208"/>
                    <TextEquiv>
                        <Unicode>unerbittlich</Unicode>
                    </TextEquiv>
                </Word>
                <Word id="tr_1_tl_64_w3" custom="readingOrder {index:2;}">
                    <Coords points="1561,2209 1561,2269 1682,2269 1682,2209"/>
                    <TextEquiv>
                        <Unicode>strenge</Unicode>
                    </TextEquiv>
                </Word>
                <Word id="tr_1_tl_64_w4" custom="readingOrder {index:3;}">
                    <Coords points="1730,2207 1730,2267 1882,2267 1882,2207"/>
                    <TextEquiv>
                        <Unicode>Erzieher</Unicode>
                    </TextEquiv>
                </Word>
                <Word id="tr_1_tl_64_w5" custom="readingOrder {index:4;}">
                    <Coords points="1925,2208 1925,2268 2025,2268 2025,2208"/>
                    <TextEquiv>
                        <Unicode>seines</Unicode>
                    </TextEquiv>
                </Word>
                <TextEquiv>
                    <Unicode>dieser unerbittlich strenge Erzieher seines</Unicode>
                </TextEquiv>
            </TextLine>
            <TextLine id="tr_1_tl_65" custom="readingOrder {index:64;}">
                <Coords points="2062,2272 2926,2283 2926,2234 2869,2230 2062,2232"/>
                <Baseline points="2074,2262 2116,2262 2159,2262 2202,2262 2245,2267 2288,2266 2331,2265 2373,2263 2416,2262 2459,2264 2502,2262 2545,2264 2588,2263 2631,2265 2673,2265 2716,2265 2759,2268 2802,2268 2845,2266 2888,2267 2931,2271"/>
                <Word id="tr_1_tl_65_w1" custom="readingOrder {index:0;}">
                    <Coords points="2057,2222 2057,2282 2219,2282 2219,2222"/>
                    <TextEquiv>
                        <Unicode>Esterhazy</Unicode>
                    </TextEquiv>
                </Word>
                <Word id="tr_1_tl_65_w2" custom="readingOrder {index:1;}">
                    <Coords points="2276,2223 2276,2283 2464,2283 2464,2223"/>
                    <TextEquiv>
                        <Unicode>zugetragen</Unicode>
                    </TextEquiv>
                </Word>
                <Word id="tr_1_tl_65_w3" custom="readingOrder {index:2;}">
                    <Coords points="2522,2223 2522,2283 2582,2283 2582,2223"/>
                    <TextEquiv>
                        <Unicode>—,</Unicode>
                    </TextEquiv>
                </Word>
                <Word id="tr_1_tl_65_w4" custom="readingOrder {index:3;}">
                    <Coords points="2629,2225 2629,2285 2689,2285 2689,2225"/>
                    <TextEquiv>
                        <Unicode>wie</Unicode>
                    </TextEquiv>
                </Word>
                <Word id="tr_1_tl_65_w5" custom="readingOrder {index:4;}">
                    <Coords points="2741,2228 2741,2288 2807,2288 2807,2228"/>
                    <TextEquiv>
                        <Unicode>aus</Unicode>
                    </TextEquiv>
                </Word>
                <Word id="tr_1_tl_65_w6" custom="readingOrder {index:5;}">
                    <Coords points="2864,2227 2864,2287 2914,2287 2914,2227"/>
                    <TextEquiv>
                        <Unicode>den</Unicode>
                    </TextEquiv>
                </Word>
                <TextEquiv>
                    <Unicode>Esterhazy zugetragen —, wie aus den</Unicode>
                </TextEquiv>
            </TextLine>
            <TextLine id="tr_1_tl_66" custom="readingOrder {index:65;}">
                <Coords points="283,2294 1143,2292 1143,2210 1105,2208 972,2250 583,2230 530,2254 464,2225 283,2256"/>
                <Baseline points="295,2286 337,2283 380,2283 422,2283 465,2281 507,2282 550,2281 592,2280 635,2280 677,2282 720,2282 763,2280 805,2281 848,2283 890,2282 933,2280 975,2279 1018,2277 1060,2280 1103,2277 1146,2274"/>
                <Word id="tr_1_tl_66_w1" custom="readingOrder {index:0;}">
                    <Coords points="287,2243 287,2303 454,2303 454,2243"/>
                    <TextEquiv>
                        <Unicode>geeigneten</Unicode>
                    </TextEquiv>
                </Word>
                <Word id="tr_1_tl_66_w2" custom="readingOrder {index:1;}">
                    <Coords points="490,2240 490,2300 715,2300 715,2240"/>
                    <TextEquiv>
                        <Unicode>Kunstbezirk!</Unicode>
                    </TextEquiv>
                </Word>
                <Word id="tr_1_tl_66_w3" custom="readingOrder {index:2;}">
                    <Coords points="737,2240 737,2300 834,2300 834,2240"/>
                    <TextEquiv>
                        <Unicode>Diese</Unicode>
                    </TextEquiv>
                </Word>
                <Word id="tr_1_tl_66_w4" custom="readingOrder {index:3;}">
                    <Coords points="856,2239 856,2299 1059,2299 1059,2239"/>
                    <TextEquiv>
                        <Unicode>„Liebelei",</Unicode>
                    </TextEquiv>
                </Word>
                <Word id="tr_1_tl_66_w5" custom="readingOrder {index:4;}">
                    <Coords points="1095,2235 1095,2295 1144,2295 1144,2235"/>
                    <TextEquiv>
                        <Unicode>die</Unicode>
                    </TextEquiv>
                </Word>
                <TextEquiv>
                    <Unicode>geeigneten Kunstbezirk! Diese „Liebelei", die</Unicode>
                </TextEquiv>
            </TextLine>
            <TextLine id="tr_1_tl_67" custom="readingOrder {index:66;}">
                <Coords points="1178,2294 2031,2303 2031,2263 1909,2248 1178,2254"/>
                <Baseline points="1191,2286 1233,2289 1275,2292 1317,2290 1360,2289 1402,2289 1444,2291 1486,2290 1529,2289 1571,2290 1613,2292 1655,2291 1698,2289 1740,2289 1782,2289 1824,2289 1867,2289 1909,2289 1951,2289 1993,2289 2036,2286"/>
                <Word id="tr_1_tl_67_w1" custom="readingOrder {index:0;}">
                    <Coords points="1178,2249 1178,2309 1304,2309 1304,2249"/>
                    <TextEquiv>
                        <Unicode>Volkes,</Unicode>
                    </TextEquiv>
                </Word>
                <Word id="tr_1_tl_67_w2" custom="readingOrder {index:1;}">
                    <Coords points="1326,2249 1326,2309 1376,2309 1376,2249"/>
                    <TextEquiv>
                        <Unicode>hat</Unicode>
                    </TextEquiv>
                </Word>
                <Word id="tr_1_tl_67_w3" custom="readingOrder {index:2;}">
                    <Coords points="1402,2250 1402,2310 1524,2310 1524,2250"/>
                    <TextEquiv>
                        <Unicode>einmal</Unicode>
                    </TextEquiv>
                </Word>
                <Word id="tr_1_tl_67_w4" custom="readingOrder {index:3;}">
                    <Coords points="1545,2251 1545,2311 1702,2311 1702,2251"/>
                    <TextEquiv>
                        <Unicode>gemeint:</Unicode>
                    </TextEquiv>
                </Word>
                <Word id="tr_1_tl_67_w5" custom="readingOrder {index:4;}">
                    <Coords points="1723,2249 1723,2309 1790,2309 1790,2249"/>
                    <TextEquiv>
                        <Unicode>Von</Unicode>
                    </TextEquiv>
                </Word>
                <Word id="tr_1_tl_67_w6" custom="readingOrder {index:5;}">
                    <Coords points="1821,2249 1821,2309 2024,2309 2024,2249"/>
                    <TextEquiv>
                        <Unicode>anständigen</Unicode>
                    </TextEquiv>
                </Word>
                <TextEquiv>
                    <Unicode>Volkes, hat einmal gemeint: Von anständigen</Unicode>
                </TextEquiv>
            </TextLine>
            <TextLine id="tr_1_tl_68" custom="readingOrder {index:67;}">
                <Coords points="2060,2312 2926,2327 2924,2283 2835,2265 2380,2267 2356,2290 2058,2267"/>
                <Baseline points="2071,2304 2114,2307 2157,2307 2200,2307 2243,2307 2286,2307 2329,2305 2372,2306 2415,2307 2458,2307 2501,2309 2544,2310 2587,2308 2630,2308 2673,2310 2716,2310 2759,2310 2802,2310 2845,2311 2888,2314 2931,2316"/>
                <Word id="tr_1_tl_68_w1" custom="readingOrder {index:0;}">
                    <Coords points="2058,2267 2058,2327 2238,2327 2238,2267"/>
                    <TextEquiv>
                        <Unicode>Memoiren</Unicode>
                    </TextEquiv>
                </Word>
                <Word id="tr_1_tl_68_w2" custom="readingOrder {index:1;}">
                    <Coords points="2277,2266 2277,2326 2332,2326 2332,2266"/>
                    <TextEquiv>
                        <Unicode>der</Unicode>
                    </TextEquiv>
                </Word>
                <Word id="tr_1_tl_68_w3" custom="readingOrder {index:2;}">
                    <Coords points="2365,2267 2365,2327 2485,2327 2485,2267"/>
                    <TextEquiv>
                        <Unicode>Gräfin</Unicode>
                    </TextEquiv>
                </Word>
                <Word id="tr_1_tl_68_w4" custom="readingOrder {index:3;}">
                    <Coords points="2518,2268 2518,2328 2666,2328 2666,2268"/>
                    <TextEquiv>
                        <Unicode>Türheim</Unicode>
                    </TextEquiv>
                </Word>
                <Word id="tr_1_tl_68_w5" custom="readingOrder {index:4;}">
                    <Coords points="2716,2270 2716,2330 2929,2330 2929,2270"/>
                    <TextEquiv>
                        <Unicode>hervorging,</Unicode>
                    </TextEquiv>
                </Word>
                <TextEquiv>
                    <Unicode>Memoiren der Gräfin Türheim hervorging,</Unicode>
                </TextEquiv>
            </TextLine>
            <TextLine id="tr_1_tl_69" custom="readingOrder {index:68;}">
                <Coords points="274,2332 1147,2327 1147,2292 1085,2279 886,2305 857,2283 274,2296"/>
                <Baseline points="286,2322 329,2322 372,2322 415,2324 459,2325 502,2324 545,2322 589,2322 632,2322 675,2322 719,2321 762,2320 805,2322 848,2322 892,2322 935,2322 978,2322 1022,2322 1065,2322 1108,2319 1152,2316"/>
                <Word id="tr_1_tl_69_w1" custom="readingOrder {index:0;}">
                    <Coords points="274,2282 274,2342 353,2342 353,2282"/>
                    <TextEquiv>
                        <Unicode>1893</Unicode>
                    </TextEquiv>
                </Word>
                <Word id="tr_1_tl_69_w2" custom="readingOrder {index:1;}">
                    <Coords points="386,2284 386,2344 539,2344 539,2284"/>
                    <TextEquiv>
                        <Unicode>Direktor</Unicode>
                    </TextEquiv>
                </Word>
                <Word id="tr_1_tl_69_w3" custom="readingOrder {index:2;}">
                    <Coords points="566,2282 566,2342 746,2342 746,2282"/>
                    <TextEquiv>
                        <Unicode>Burckhard</Unicode>
                    </TextEquiv>
                </Word>
                <Word id="tr_1_tl_69_w4" custom="readingOrder {index:3;}">
                    <Coords points="774,2282 774,2342 863,2342 863,2282"/>
                    <TextEquiv>
                        <Unicode>durch</Unicode>
                    </TextEquiv>
                </Word>
                <Word id="tr_1_tl_69_w5" custom="readingOrder {index:4;}">
                    <Coords points="896,2282 896,2342 964,2342 964,2282"/>
                    <TextEquiv>
                        <Unicode>eine</Unicode>
                    </TextEquiv>
                </Word>
                <Word id="tr_1_tl_69_w6" custom="readingOrder {index:5;}">
                    <Coords points="991,2282 991,2342 1070,2342 1070,2282"/>
                    <TextEquiv>
                        <Unicode>dicht</Unicode>
                    </TextEquiv>
                </Word>
                <Word id="tr_1_tl_69_w7" custom="readingOrder {index:6;}">
                    <Coords points="1097,2278 1097,2338 1145,2338 1145,2278"/>
                    <TextEquiv>
                        <Unicode>ge¬</Unicode>
                    </TextEquiv>
                </Word>
                <TextEquiv>
                    <Unicode>1893 Direktor Burckhard durch eine dicht ge¬</Unicode>
                </TextEquiv>
            </TextLine>
            <TextLine id="tr_1_tl_70" custom="readingOrder {index:69;}">
                <Coords points="1187,2336 2024,2343 2024,2303 1960,2294 1187,2296"/>
                <Baseline points="1200,2331 1241,2334 1282,2334 1324,2334 1365,2334 1406,2334 1448,2332 1489,2332 1530,2334 1572,2334 1613,2334 1654,2334 1696,2334 1737,2334 1778,2331 1820,2331 1861,2333 1902,2334 1944,2332 1985,2331 2027,2334"/>
                <Word id="tr_1_tl_70_w1" custom="readingOrder {index:0;}">
                    <Coords points="1181,2294 1181,2354 1304,2354 1304,2294"/>
                    <TextEquiv>
                        <Unicode>Frauen</Unicode>
                    </TextEquiv>
                </Word>
                <Word id="tr_1_tl_70_w2" custom="readingOrder {index:1;}">
                    <Coords points="1334,2294 1334,2354 1422,2354 1422,2294"/>
                    <TextEquiv>
                        <Unicode>allein</Unicode>
                    </TextEquiv>
                </Word>
                <Word id="tr_1_tl_70_w3" custom="readingOrder {index:2;}">
                    <Coords points="1457,2292 1457,2352 1555,2352 1555,2292"/>
                    <TextEquiv>
                        <Unicode>könne</Unicode>
                    </TextEquiv>
                </Word>
                <Word id="tr_1_tl_70_w4" custom="readingOrder {index:3;}">
                    <Coords points="1580,2294 1580,2354 1634,2354 1634,2294"/>
                    <TextEquiv>
                        <Unicode>das</Unicode>
                    </TextEquiv>
                </Word>
                <Word id="tr_1_tl_70_w5" custom="readingOrder {index:4;}">
                    <Coords points="1659,2294 1659,2354 1796,2354 1796,2294"/>
                    <TextEquiv>
                        <Unicode>Theater</Unicode>
                    </TextEquiv>
                </Word>
                <Word id="tr_1_tl_70_w6" custom="readingOrder {index:5;}">
                    <Coords points="1827,2293 1827,2353 1905,2353 1905,2293"/>
                    <TextEquiv>
                        <Unicode>nicht</Unicode>
                    </TextEquiv>
                </Word>
                <Word id="tr_1_tl_70_w7" custom="readingOrder {index:6;}">
                    <Coords points="1930,2291 1930,2351 2013,2351 2013,2291"/>
                    <TextEquiv>
                        <Unicode>leben</Unicode>
                    </TextEquiv>
                </Word>
                <TextEquiv>
                    <Unicode>Frauen allein könne das Theater nicht leben</Unicode>
                </TextEquiv>
            </TextLine>
            <TextLine id="tr_1_tl_71" custom="readingOrder {index:70;}">
                <Coords points="2055,2358 2928,2374 2913,2316 2793,2340 2703,2309 2301,2336 2055,2312"/>
                <Baseline points="2068,2349 2111,2352 2154,2349 2197,2349 2240,2349 2283,2350 2326,2352 2370,2352 2413,2351 2456,2350 2499,2352 2542,2352 2585,2352 2628,2352 2672,2352 2715,2352 2758,2355 2801,2355 2844,2358 2887,2358 2931,2361"/>
                <Word id="tr_1_tl_71_w1" custom="readingOrder {index:0;}">
                    <Coords points="2061,2310 2061,2370 2104,2370 2104,2310"/>
                    <TextEquiv>
                        <Unicode>die</Unicode>
                    </TextEquiv>
                </Word>
                <Word id="tr_1_tl_71_w2" custom="readingOrder {index:1;}">
                    <Coords points="2169,2309 2169,2369 2245,2369 2245,2309"/>
                    <TextEquiv>
                        <Unicode>aber</Unicode>
                    </TextEquiv>
                </Word>
                <Word id="tr_1_tl_71_w3" custom="readingOrder {index:2;}">
                    <Coords points="2305,2312 2305,2372 2354,2372 2354,2312"/>
                    <TextEquiv>
                        <Unicode>ein</Unicode>
                    </TextEquiv>
                </Word>
                <Word id="tr_1_tl_71_w4" custom="readingOrder {index:3;}">
                    <Coords points="2425,2312 2425,2372 2768,2372 2768,2312"/>
                    <TextEquiv>
                        <Unicode>Vierteljahrhundert</Unicode>
                    </TextEquiv>
                </Word>
                <Word id="tr_1_tl_71_w5" custom="readingOrder {index:4;}">
                    <Coords points="2850,2318 2850,2378 2920,2378 2920,2318"/>
                    <TextEquiv>
                        <Unicode>nach</Unicode>
                    </TextEquiv>
                </Word>
                <TextEquiv>
                    <Unicode>die aber ein Vierteljahrhundert nach</Unicode>
                </TextEquiv>
            </TextLine>
            <TextLine id="tr_1_tl_72" custom="readingOrder {index:71;}">
                <Coords points="272,2385 1143,2376 1143,2327 272,2334"/>
                <Baseline points="283,2370 326,2369 369,2368 412,2369 456,2368 499,2367 542,2366 586,2364 629,2365 672,2366 716,2365 759,2366 802,2365 845,2366 889,2364 932,2364 975,2364 1019,2364 1062,2364 1105,2364 1149,2361"/>
                <Word id="tr_1_tl_72_w1" custom="readingOrder {index:0;}">
                    <Coords points="272,2328 272,2388 411,2388 411,2328"/>
                    <TextEquiv>
                        <Unicode>drängte</Unicode>
                    </TextEquiv>
                </Word>
                <Word id="tr_1_tl_72_w2" custom="readingOrder {index:1;}">
                    <Coords points="443,2326 443,2386 566,2386 566,2326"/>
                    <TextEquiv>
                        <Unicode>Menge</Unicode>
                    </TextEquiv>
                </Word>
                <Word id="tr_1_tl_72_w3" custom="readingOrder {index:2;}">
                    <Coords points="598,2324 598,2384 654,2384 654,2324"/>
                    <TextEquiv>
                        <Unicode>von</Unicode>
                    </TextEquiv>
                </Word>
                <Word id="tr_1_tl_72_w4" custom="readingOrder {index:3;}">
                    <Coords points="712,2325 712,2385 898,2385 898,2325"/>
                    <TextEquiv>
                        <Unicode>ängstlichen</Unicode>
                    </TextEquiv>
                </Word>
                <Word id="tr_1_tl_72_w5" custom="readingOrder {index:4;}">
                    <Coords points="961,2324 961,2384 1028,2384 1028,2324"/>
                    <TextEquiv>
                        <Unicode>und</Unicode>
                    </TextEquiv>
                </Word>
                <Word id="tr_1_tl_72_w6" custom="readingOrder {index:5;}">
                    <Coords points="1080,2323 1080,2383 1146,2383 1146,2323"/>
                    <TextEquiv>
                        <Unicode>ent¬</Unicode>
                    </TextEquiv>
                </Word>
                <TextEquiv>
                    <Unicode>drängte Menge von ängstlichen und ent¬</Unicode>
                </TextEquiv>
            </TextLine>
            <TextLine id="tr_1_tl_73" custom="readingOrder {index:72;}">
                <Coords points="1176,2387 2031,2393 2031,2345 1980,2336 1176,2343"/>
                <Baseline points="1188,2376 1230,2376 1272,2373 1315,2376 1357,2376 1400,2374 1442,2375 1484,2376 1527,2376 1569,2376 1612,2376 1654,2376 1696,2376 1739,2376 1781,2376 1824,2376 1866,2376 1908,2376 1951,2376 1993,2376 2036,2373"/>
                <Word id="tr_1_tl_73_w1" custom="readingOrder {index:0;}">
                    <Coords points="1181,2336 1181,2396 1242,2396 1242,2336"/>
                    <TextEquiv>
                        <Unicode>Die</Unicode>
                    </TextEquiv>
                </Word>
                <Word id="tr_1_tl_73_w2" custom="readingOrder {index:1;}">
                    <Coords points="1274,2336 1274,2396 1387,2396 1387,2336"/>
                    <TextEquiv>
                        <Unicode>braven</Unicode>
                    </TextEquiv>
                </Word>
                <Word id="tr_1_tl_73_w3" custom="readingOrder {index:2;}">
                    <Coords points="1424,2335 1424,2395 1506,2395 1506,2335"/>
                    <TextEquiv>
                        <Unicode>Ehen</Unicode>
                    </TextEquiv>
                </Word>
                <Word id="tr_1_tl_73_w4" custom="readingOrder {index:3;}">
                    <Coords points="1548,2336 1548,2396 1677,2396 1677,2336"/>
                    <TextEquiv>
                        <Unicode>gehören</Unicode>
                    </TextEquiv>
                </Word>
                <Word id="tr_1_tl_73_w5" custom="readingOrder {index:4;}">
                    <Coords points="1719,2336 1719,2396 1771,2396 1771,2336"/>
                    <TextEquiv>
                        <Unicode>ins</Unicode>
                    </TextEquiv>
                </Word>
                <Word id="tr_1_tl_73_w6" custom="readingOrder {index:5;}">
                    <Coords points="1807,2336 1807,2396 1926,2396 1926,2336"/>
                    <TextEquiv>
                        <Unicode>Leben,</Unicode>
                    </TextEquiv>
                </Word>
                <Word id="tr_1_tl_73_w7" custom="readingOrder {index:6;}">
                    <Coords points="1957,2336 1957,2396 2029,2396 2029,2336"/>
                    <TextEquiv>
                        <Unicode>aber</Unicode>
                    </TextEquiv>
                </Word>
                <TextEquiv>
                    <Unicode>Die braven Ehen gehören ins Leben, aber</Unicode>
                </TextEquiv>
            </TextLine>
            <TextLine id="tr_1_tl_74" custom="readingOrder {index:73;}">
                <Coords points="2060,2402 2743,2407 2718,2358 2060,2358"/>
                <Baseline points="2071,2394 2104,2394 2138,2393 2172,2392 2206,2394 2239,2396 2273,2397 2307,2397 2341,2397 2374,2395 2408,2394 2442,2395 2476,2397 2509,2397 2543,2397 2577,2397 2611,2397 2644,2397 2678,2397 2712,2398 2746,2400"/>
                <Word id="tr_1_tl_74_w1" custom="readingOrder {index:0;}">
                    <Coords points="2055,2352 2055,2412 2241,2412 2241,2352"/>
                    <TextEquiv>
                        <Unicode>Schnitzlers</Unicode>
                    </TextEquiv>
                </Word>
                <Word id="tr_1_tl_74_w2" custom="readingOrder {index:1;}">
                    <Coords points="2274,2356 2274,2416 2433,2416 2433,2356"/>
                    <TextEquiv>
                        <Unicode>„Anatol“</Unicode>
                    </TextEquiv>
                </Word>
                <Word id="tr_1_tl_74_w3" custom="readingOrder {index:2;}">
                    <Coords points="2461,2357 2461,2417 2625,2417 2625,2357"/>
                    <TextEquiv>
                        <Unicode>erschienen</Unicode>
                    </TextEquiv>
                </Word>
                <Word id="tr_1_tl_74_w4" custom="readingOrder {index:3;}">
                    <Coords points="2659,2357 2659,2417 2740,2417 2740,2357"/>
                    <TextEquiv>
                        <Unicode>sind.</Unicode>
                    </TextEquiv>
                </Word>
                <TextEquiv>
                    <Unicode>Schnitzlers „Anatol“ erschienen sind.</Unicode>
                </TextEquiv>
            </TextLine>
            <TextLine id="tr_1_tl_75" custom="readingOrder {index:74;}">
                <Coords points="274,2420 1145,2416 1145,2376 1048,2362 274,2385"/>
                <Baseline points="286,2409 329,2412 372,2412 415,2412 458,2412 501,2412 544,2412 588,2411 631,2409 674,2409 717,2409 760,2408 803,2407 846,2409 890,2409 933,2408 976,2406 1019,2409 1062,2409 1105,2406 1149,2403"/>
                <Word id="tr_1_tl_75_w1" custom="readingOrder {index:0;}">
                    <Coords points="274,2372 274,2432 411,2432 411,2372"/>
                    <TextEquiv>
                        <Unicode>rüsteten</Unicode>
                    </TextEquiv>
                </Word>
                <Word id="tr_1_tl_75_w2" custom="readingOrder {index:1;}">
                    <Coords points="438,2372 438,2432 591,2432 591,2372"/>
                    <TextEquiv>
                        <Unicode>Hofraten</Unicode>
                    </TextEquiv>
                </Word>
                <Word id="tr_1_tl_75_w3" custom="readingOrder {index:2;}">
                    <Coords points="624,2369 624,2429 682,2429 682,2369"/>
                    <TextEquiv>
                        <Unicode>mit</Unicode>
                    </TextEquiv>
                </Word>
                <Word id="tr_1_tl_75_w4" custom="readingOrder {index:3;}">
                    <Coords points="703,2368 703,2428 787,2428 787,2368"/>
                    <TextEquiv>
                        <Unicode>Hilfe</Unicode>
                    </TextEquiv>
                </Word>
                <Word id="tr_1_tl_75_w5" custom="readingOrder {index:4;}">
                    <Coords points="810,2369 810,2429 952,2429 952,2369"/>
                    <TextEquiv>
                        <Unicode>kräftiger</Unicode>
                    </TextEquiv>
                </Word>
                <Word id="tr_1_tl_75_w6" custom="readingOrder {index:5;}">
                    <Coords points="979,2368 979,2428 1148,2428 1148,2368"/>
                    <TextEquiv>
                        <Unicode>Ellbogen¬</Unicode>
                    </TextEquiv>
                </Word>
                <TextEquiv>
                    <Unicode>rüsteten Hofraten mit Hilfe kräftiger Ellbogen¬</Unicode>
                </TextEquiv>
            </TextLine>
            <TextLine id="tr_1_tl_76" custom="readingOrder {index:75;}">
                <Coords points="1176,2427 2029,2440 2027,2389 1978,2380 1176,2389"/>
                <Baseline points="1188,2415 1230,2418 1272,2418 1314,2418 1357,2418 1399,2418 1441,2416 1483,2417 1526,2418 1568,2419 1610,2421 1652,2421 1695,2421 1737,2421 1779,2421 1821,2421 1864,2418 1906,2421 1948,2421 1990,2421 2033,2418"/>
                <Word id="tr_1_tl_76_w1" custom="readingOrder {index:0;}">
                    <Coords points="1181,2377 1181,2437 1260,2437 1260,2377"/>
                    <TextEquiv>
                        <Unicode>nicht</Unicode>
                    </TextEquiv>
                </Word>
                <Word id="tr_1_tl_76_w2" custom="readingOrder {index:1;}">
                    <Coords points="1298,2378 1298,2438 1362,2438 1362,2378"/>
                    <TextEquiv>
                        <Unicode>auf</Unicode>
                    </TextEquiv>
                </Word>
                <Word id="tr_1_tl_76_w3" custom="readingOrder {index:2;}">
                    <Coords points="1389,2377 1389,2437 1430,2437 1430,2377"/>
                    <TextEquiv>
                        <Unicode>die</Unicode>
                    </TextEquiv>
                </Word>
                <Word id="tr_1_tl_76_w4" custom="readingOrder {index:3;}">
                    <Coords points="1474,2378 1474,2438 1612,2438 1612,2378"/>
                    <TextEquiv>
                        <Unicode>Bühne!</Unicode>
                    </TextEquiv>
                </Word>
                <Word id="tr_1_tl_76_w5" custom="readingOrder {index:4;}">
                    <Coords points="1650,2381 1650,2441 1744,2441 1744,2381"/>
                    <TextEquiv>
                        <Unicode>Denn</Unicode>
                    </TextEquiv>
                </Word>
                <Word id="tr_1_tl_76_w6" custom="readingOrder {index:5;}">
                    <Coords points="1783,2381 1783,2441 1835,2441 1835,2381"/>
                    <TextEquiv>
                        <Unicode>für</Unicode>
                    </TextEquiv>
                </Word>
                <Word id="tr_1_tl_76_w7" custom="readingOrder {index:6;}">
                    <Coords points="1878,2380 1878,2440 1926,2440 1926,2380"/>
                    <TextEquiv>
                        <Unicode>die</Unicode>
                    </TextEquiv>
                </Word>
                <Word id="tr_1_tl_76_w8" custom="readingOrder {index:7;}">
                    <Coords points="1969,2380 1969,2440 2032,2440 2032,2380"/>
                    <TextEquiv>
                        <Unicode>Zu¬</Unicode>
                    </TextEquiv>
                </Word>
                <TextEquiv>
                    <Unicode>nicht auf die Bühne! Denn für die Zu¬</Unicode>
                </TextEquiv>
            </TextLine>
            <TextLine id="tr_1_tl_77" custom="readingOrder {index:76;}">
                <Coords points="2139,2444 2842,2464 2922,2453 2919,2389 2767,2387 2672,2424 2137,2404"/>
                <Baseline points="2152,2439 2190,2439 2229,2439 2268,2439 2307,2439 2346,2439 2384,2440 2423,2442 2462,2442 2501,2440 2540,2441 2578,2440 2617,2440 2656,2443 2695,2445 2734,2445 2772,2442 2811,2442 2850,2442 2889,2443 2928,2442"/>
                <Word id="tr_1_tl_77_w1" custom="readingOrder {index:0;}">
                    <Coords points="2138,2399 2138,2459 2221,2459 2221,2399"/>
                    <TextEquiv>
                        <Unicode>Doch</Unicode>
                    </TextEquiv>
                </Word>
                <Word id="tr_1_tl_77_w2" custom="readingOrder {index:1;}">
                    <Coords points="2271,2399 2271,2459 2310,2459 2310,2399"/>
                    <TextEquiv>
                        <Unicode>am</Unicode>
                    </TextEquiv>
                </Word>
                <Word id="tr_1_tl_77_w3" custom="readingOrder {index:2;}">
                    <Coords points="2361,2400 2361,2460 2623,2460 2623,2400"/>
                    <TextEquiv>
                        <Unicode>verblüffendsten</Unicode>
                    </TextEquiv>
                </Word>
                <Word id="tr_1_tl_77_w4" custom="readingOrder {index:3;}">
                    <Coords points="2679,2405 2679,2465 2763,2465 2763,2405"/>
                    <TextEquiv>
                        <Unicode>zeigt</Unicode>
                    </TextEquiv>
                </Word>
                <Word id="tr_1_tl_77_w5" custom="readingOrder {index:4;}">
                    <Coords points="2792,2402 2792,2462 2841,2462 2841,2402"/>
                    <TextEquiv>
                        <Unicode>sich</Unicode>
                    </TextEquiv>
                </Word>
                <Word id="tr_1_tl_77_w6" custom="readingOrder {index:5;}">
                    <Coords points="2875,2402 2875,2462 2919,2462 2919,2402"/>
                    <TextEquiv>
                        <Unicode>die</Unicode>
                    </TextEquiv>
                </Word>
                <TextEquiv>
                    <Unicode>Doch am verblüffendsten zeigt sich die</Unicode>
                </TextEquiv>
            </TextLine>
            <TextLine id="tr_1_tl_78" custom="readingOrder {index:77;}">
                <Coords points="285,2462 723,2453 818,2480 983,2455 1056,2480 1140,2458 1127,2413 1076,2440 977,2413 391,2440 285,2420"/>
                <Baseline points="298,2454 340,2454 382,2454 425,2454 467,2454 510,2454 552,2454 594,2454 637,2454 679,2452 722,2451 764,2452 806,2454 849,2454 891,2454 934,2453 976,2452 1018,2454 1061,2457 1103,2454 1146,2448"/>
                <Word id="tr_1_tl_78_w1" custom="readingOrder {index:0;}">
                    <Coords points="280,2414 280,2474 360,2474 360,2414"/>
                    <TextEquiv>
                        <Unicode>stöße</Unicode>
                    </TextEquiv>
                </Word>
                <Word id="tr_1_tl_78_w2" custom="readingOrder {index:1;}">
                    <Coords points="399,2414 399,2474 594,2474 594,2414"/>
                    <TextEquiv>
                        <Unicode>unversehrt</Unicode>
                    </TextEquiv>
                </Word>
                <Word id="tr_1_tl_78_w3" custom="readingOrder {index:2;}">
                    <Coords points="627,2413 627,2473 681,2473 681,2413"/>
                    <TextEquiv>
                        <Unicode>ins</Unicode>
                    </TextEquiv>
                </Word>
                <Word id="tr_1_tl_78_w4" custom="readingOrder {index:3;}">
                    <Coords points="726,2414 726,2474 942,2474 942,2414"/>
                    <TextEquiv>
                        <Unicode>Burgtheater</Unicode>
                    </TextEquiv>
                </Word>
                <Word id="tr_1_tl_78_w5" custom="readingOrder {index:4;}">
                    <Coords points="986,2414 986,2474 1072,2474 1072,2414"/>
                    <TextEquiv>
                        <Unicode>trug,</Unicode>
                    </TextEquiv>
                </Word>
                <Word id="tr_1_tl_78_w6" custom="readingOrder {index:5;}">
                    <Coords points="1111,2411 1111,2471 1132,2471 1132,2411"/>
                    <TextEquiv>
                        <Unicode>si</Unicode>
                    </TextEquiv>
                </Word>
                <TextEquiv>
                    <Unicode>stöße unversehrt ins Burgtheater trug, si</Unicode>
                </TextEquiv>
            </TextLine>
            <TextLine id="tr_1_tl_79" custom="readingOrder {index:78;}">
                <Coords points="1182,2484 1235,2497 1333,2464 1397,2482 1461,2462 1755,2471 1755,2427 1182,2427"/>
                <Baseline points="1194,2466 1222,2463 1250,2461 1278,2460 1306,2460 1335,2460 1363,2460 1391,2460 1419,2461 1447,2463 1476,2461 1504,2460 1532,2460 1560,2462 1588,2462 1617,2460 1645,2461 1673,2463 1701,2461 1729,2460 1758,2460"/>
                <Word id="tr_1_tl_79_w1" custom="readingOrder {index:0;}">
                    <Coords points="1182,2421 1182,2481 1300,2481 1300,2421"/>
                    <TextEquiv>
                        <Unicode>schauer</Unicode>
                    </TextEquiv>
                </Word>
                <Word id="tr_1_tl_79_w2" custom="readingOrder {index:1;}">
                    <Coords points="1338,2420 1338,2480 1441,2480 1441,2420"/>
                    <TextEquiv>
                        <Unicode>wären</Unicode>
                    </TextEquiv>
                </Word>
                <Word id="tr_1_tl_79_w3" custom="readingOrder {index:2;}">
                    <Coords points="1478,2420 1478,2480 1514,2480 1514,2420"/>
                    <TextEquiv>
                        <Unicode>sie</Unicode>
                    </TextEquiv>
                </Word>
                <Word id="tr_1_tl_79_w4" custom="readingOrder {index:3;}">
                    <Coords points="1546,2421 1546,2481 1753,2481 1753,2421"/>
                    <TextEquiv>
                        <Unicode>langweilig!</Unicode>
                    </TextEquiv>
                </Word>
                <TextEquiv>
                    <Unicode>schauer wären sie langweilig!</Unicode>
                </TextEquiv>
            </TextLine>
            <TextLine id="tr_1_tl_80" custom="readingOrder {index:79;}">
                <Coords points="2062,2504 2769,2484 2842,2506 2922,2497 2922,2458 2294,2464 2060,2433"/>
                <Baseline points="2071,2486 2113,2480 2156,2480 2199,2480 2242,2480 2285,2480 2328,2482 2370,2481 2413,2482 2456,2483 2499,2485 2542,2484 2585,2483 2628,2482 2670,2481 2713,2483 2756,2483 2799,2483 2842,2484 2885,2486 2928,2486"/>
                <Word id="tr_1_tl_80_w1" custom="readingOrder {index:0;}">
                    <Coords points="2060,2440 2060,2500 2261,2500 2261,2440"/>
                    <TextEquiv>
                        <Unicode>prophetische</Unicode>
                    </TextEquiv>
                </Word>
                <Word id="tr_1_tl_80_w2" custom="readingOrder {index:1;}">
                    <Coords points="2315,2441 2315,2501 2404,2501 2404,2441"/>
                    <TextEquiv>
                        <Unicode>Gabe</Unicode>
                    </TextEquiv>
                </Word>
                <Word id="tr_1_tl_80_w3" custom="readingOrder {index:2;}">
                    <Coords points="2453,2444 2453,2504 2506,2504 2506,2444"/>
                    <TextEquiv>
                        <Unicode>des</Unicode>
                    </TextEquiv>
                </Word>
                <Word id="tr_1_tl_80_w4" custom="readingOrder {index:3;}">
                    <Coords points="2559,2441 2559,2501 2702,2501 2702,2441"/>
                    <TextEquiv>
                        <Unicode>Dichters</Unicode>
                    </TextEquiv>
                </Word>
                <Word id="tr_1_tl_80_w5" custom="readingOrder {index:4;}">
                    <Coords points="2777,2443 2777,2503 2808,2503 2808,2443"/>
                    <TextEquiv>
                        <Unicode>in</Unicode>
                    </TextEquiv>
                </Word>
                <Word id="tr_1_tl_80_w6" custom="readingOrder {index:5;}">
                    <Coords points="2862,2446 2862,2506 2914,2506 2914,2446"/>
                    <TextEquiv>
                        <Unicode>der</Unicode>
                    </TextEquiv>
                </Word>
                <TextEquiv>
                    <Unicode>prophetische Gabe des Dichters in der</Unicode>
                </TextEquiv>
            </TextLine>
            <TextLine id="tr_1_tl_81" custom="readingOrder {index:80;}">
                <Coords points="272,2506 1149,2502 1149,2458 1098,2455 1059,2480 983,2455 272,2460"/>
                <Baseline points="283,2498 326,2498 370,2498 413,2498 457,2498 501,2497 544,2495 588,2495 631,2495 675,2495 719,2494 762,2493 806,2495 849,2495 893,2495 937,2495 980,2495 1024,2495 1067,2495 1111,2495 1155,2495"/>
                <Word id="tr_1_tl_81_w1" custom="readingOrder {index:0;}">
                    <Coords points="277,2458 277,2518 436,2518 436,2458"/>
                    <TextEquiv>
                        <Unicode>bedeutete</Unicode>
                    </TextEquiv>
                </Word>
                <Word id="tr_1_tl_81_w2" custom="readingOrder {index:1;}">
                    <Coords points="468,2456 468,2516 550,2516 550,2456"/>
                    <TextEquiv>
                        <Unicode>schon</Unicode>
                    </TextEquiv>
                </Word>
                <Word id="tr_1_tl_81_w3" custom="readingOrder {index:2;}">
                    <Coords points="586,2455 586,2515 715,2515 715,2455"/>
                    <TextEquiv>
                        <Unicode>deshalb</Unicode>
                    </TextEquiv>
                </Word>
                <Word id="tr_1_tl_81_w4" custom="readingOrder {index:3;}">
                    <Coords points="751,2453 751,2513 797,2513 797,2453"/>
                    <TextEquiv>
                        <Unicode>ein</Unicode>
                    </TextEquiv>
                </Word>
                <Word id="tr_1_tl_81_w5" custom="readingOrder {index:4;}">
                    <Coords points="834,2455 834,2515 1044,2515 1044,2455"/>
                    <TextEquiv>
                        <Unicode>Verbrechen,</Unicode>
                    </TextEquiv>
                </Word>
                <Word id="tr_1_tl_81_w6" custom="readingOrder {index:5;}">
                    <Coords points="1071,2455 1071,2515 1148,2515 1148,2455"/>
                    <TextEquiv>
                        <Unicode>weil</Unicode>
                    </TextEquiv>
                </Word>
                <TextEquiv>
                    <Unicode>bedeutete schon deshalb ein Verbrechen, weil</Unicode>
                </TextEquiv>
            </TextLine>
            <TextLine id="tr_1_tl_82" custom="readingOrder {index:81;}">
                <Coords points="1264,2511 2031,2511 2031,2466 1980,2458 1264,2471"/>
                <Baseline points="1277,2501 1316,2501 1356,2503 1396,2502 1436,2503 1476,2503 1516,2502 1556,2504 1596,2504 1636,2507 1676,2504 1716,2504 1756,2504 1796,2502 1836,2501 1876,2502 1916,2503 1956,2501 1996,2504 2036,2501"/>
                <Word id="tr_1_tl_82_w1" custom="readingOrder {index:0;}">
                    <Coords points="1259,2461 1259,2521 1360,2521 1360,2461"/>
                    <TextEquiv>
                        <Unicode>Artur</Unicode>
                    </TextEquiv>
                </Word>
                <Word id="tr_1_tl_82_w2" custom="readingOrder {index:1;}">
                    <Coords points="1393,2462 1393,2522 1565,2522 1565,2462"/>
                    <TextEquiv>
                        <Unicode>Schnitzler</Unicode>
                    </TextEquiv>
                </Word>
                <Word id="tr_1_tl_82_w3" custom="readingOrder {index:2;}">
                    <Coords points="1593,2464 1593,2524 1625,2524 1625,2464"/>
                    <TextEquiv>
                        <Unicode>zu</Unicode>
                    </TextEquiv>
                </Word>
                <Word id="tr_1_tl_82_w4" custom="readingOrder {index:3;}">
                    <Coords points="1657,2463 1657,2523 1867,2523 1867,2463"/>
                    <TextEquiv>
                        <Unicode>bezichtigen,</Unicode>
                    </TextEquiv>
                </Word>
                <Word id="tr_1_tl_82_w5" custom="readingOrder {index:4;}">
                    <Coords points="1889,2462 1889,2522 1921,2522 1921,2462"/>
                    <TextEquiv>
                        <Unicode>er</Unicode>
                    </TextEquiv>
                </Word>
                <Word id="tr_1_tl_82_w6" custom="readingOrder {index:5;}">
                    <Coords points="1949,2463 1949,2523 2034,2523 2034,2463"/>
                    <TextEquiv>
                        <Unicode>hätte</Unicode>
                    </TextEquiv>
                </Word>
                <TextEquiv>
                    <Unicode>Artur Schnitzler zu bezichtigen, er hätte</Unicode>
                </TextEquiv>
            </TextLine>
            <TextLine id="tr_1_tl_83" custom="readingOrder {index:82;}">
                <Coords points="2060,2535 2926,2537 2926,2493 2765,2484 2060,2506"/>
                <Baseline points="2071,2525 2114,2525 2157,2525 2200,2522 2243,2522 2286,2524 2329,2525 2372,2525 2415,2525 2458,2525 2501,2525 2544,2525 2587,2523 2630,2523 2673,2526 2716,2528 2759,2528 2802,2528 2845,2528 2888,2528 2931,2525"/>
                <Word id="tr_1_tl_83_w1" custom="readingOrder {index:0;}">
                    <Coords points="2060,2485 2060,2545 2236,2545 2236,2485"/>
                    <TextEquiv>
                        <Unicode>„Komödie</Unicode>
                    </TextEquiv>
                </Word>
                <Word id="tr_1_tl_83_w2" custom="readingOrder {index:1;}">
                    <Coords points="2263,2484 2263,2544 2315,2544 2315,2484"/>
                    <TextEquiv>
                        <Unicode>der</Unicode>
                    </TextEquiv>
                </Word>
                <Word id="tr_1_tl_83_w3" custom="readingOrder {index:2;}">
                    <Coords points="2341,2485 2341,2545 2596,2545 2596,2485"/>
                    <TextEquiv>
                        <Unicode>Verführung".</Unicode>
                    </TextEquiv>
                </Word>
                <Word id="tr_1_tl_83_w4" custom="readingOrder {index:3;}">
                    <Coords points="2633,2485 2633,2545 2700,2545 2700,2485"/>
                    <TextEquiv>
                        <Unicode>Sie</Unicode>
                    </TextEquiv>
                </Word>
                <Word id="tr_1_tl_83_w5" custom="readingOrder {index:4;}">
                    <Coords points="2727,2488 2727,2548 2820,2548 2820,2488"/>
                    <TextEquiv>
                        <Unicode>endet</Unicode>
                    </TextEquiv>
                </Word>
                <Word id="tr_1_tl_83_w6" custom="readingOrder {index:5;}">
                    <Coords points="2862,2487 2862,2547 2924,2547 2924,2487"/>
                    <TextEquiv>
                        <Unicode>mit</Unicode>
                    </TextEquiv>
                </Word>
                <TextEquiv>
                    <Unicode>„Komödie der Verführung". Sie endet mit</Unicode>
                </TextEquiv>
            </TextLine>
            <TextLine id="tr_1_tl_84" custom="readingOrder {index:83;}">
                <Coords points="283,2544 1143,2548 1143,2504 1103,2500 283,2506"/>
                <Baseline points="295,2543 337,2543 380,2541 423,2540 465,2540 508,2540 551,2540 593,2538 636,2537 679,2537 722,2538 764,2540 807,2540 850,2540 892,2540 935,2540 978,2539 1020,2537 1063,2537 1106,2537 1149,2537"/>
                <Word id="tr_1_tl_84_w1" custom="readingOrder {index:0;}">
                    <Coords points="278,2503 278,2563 314,2563 314,2503"/>
                    <TextEquiv>
                        <Unicode>sie</Unicode>
                    </TextEquiv>
                </Word>
                <Word id="tr_1_tl_84_w2" custom="readingOrder {index:1;}">
                    <Coords points="341,2502 341,2562 367,2562 367,2502"/>
                    <TextEquiv>
                        <Unicode>in</Unicode>
                    </TextEquiv>
                </Word>
                <Word id="tr_1_tl_84_w3" custom="readingOrder {index:2;}">
                    <Coords points="421,2500 421,2560 473,2560 473,2500"/>
                    <TextEquiv>
                        <Unicode>der</Unicode>
                    </TextEquiv>
                </Word>
                <Word id="tr_1_tl_84_w4" custom="readingOrder {index:3;}">
                    <Coords points="516,2497 516,2557 674,2557 674,2497"/>
                    <TextEquiv>
                        <Unicode>Vorstadt</Unicode>
                    </TextEquiv>
                </Word>
                <Word id="tr_1_tl_84_w5" custom="readingOrder {index:4;}">
                    <Coords points="718,2500 718,2560 844,2560 844,2500"/>
                    <TextEquiv>
                        <Unicode>spielte,</Unicode>
                    </TextEquiv>
                </Word>
                <Word id="tr_1_tl_84_w6" custom="readingOrder {index:5;}">
                    <Coords points="866,2500 866,2560 892,2560 892,2500"/>
                    <TextEquiv>
                        <Unicode>im</Unicode>
                    </TextEquiv>
                </Word>
                <Word id="tr_1_tl_84_w7" custom="readingOrder {index:6;}">
                    <Coords points="935,2498 935,2558 1045,2558 1045,2498"/>
                    <TextEquiv>
                        <Unicode>Reiche</Unicode>
                    </TextEquiv>
                </Word>
                <Word id="tr_1_tl_84_w8" custom="readingOrder {index:7;}">
                    <Coords points="1088,2497 1088,2557 1141,2557 1141,2497"/>
                    <TextEquiv>
                        <Unicode>des</Unicode>
                    </TextEquiv>
                </Word>
                <TextEquiv>
                    <Unicode>sie in der Vorstadt spielte, im Reiche des</Unicode>
                </TextEquiv>
            </TextLine>
            <TextLine id="tr_1_tl_85" custom="readingOrder {index:84;}">
                <Coords points="1191,2555 2029,2559 2029,2513 1943,2504 1324,2528 1191,2506"/>
                <Baseline points="1203,2549 1244,2549 1286,2548 1327,2547 1369,2549 1410,2549 1452,2549 1493,2546 1535,2546 1576,2548 1618,2549 1659,2547 1701,2546 1742,2546 1784,2546 1825,2546 1867,2546 1908,2546 1950,2546 1991,2546 2033,2546"/>
                <Word id="tr_1_tl_85_w1" custom="readingOrder {index:0;}">
                    <Coords points="1186,2509 1186,2569 1296,2569 1296,2509"/>
                    <TextEquiv>
                        <Unicode>jemals</Unicode>
                    </TextEquiv>
                </Word>
                <Word id="tr_1_tl_85_w2" custom="readingOrder {index:1;}">
                    <Coords points="1332,2508 1332,2568 1371,2568 1371,2508"/>
                    <TextEquiv>
                        <Unicode>ein</Unicode>
                    </TextEquiv>
                </Word>
                <Word id="tr_1_tl_85_w3" custom="readingOrder {index:2;}">
                    <Coords points="1412,2506 1412,2566 1624,2566 1624,2506"/>
                    <TextEquiv>
                        <Unicode>sogenanntes</Unicode>
                    </TextEquiv>
                </Word>
                <Word id="tr_1_tl_85_w4" custom="readingOrder {index:3;}">
                    <Coords points="1655,2506 1655,2566 1815,2566 1815,2506"/>
                    <TextEquiv>
                        <Unicode>erotisches</Unicode>
                    </TextEquiv>
                </Word>
                <Word id="tr_1_tl_85_w5" custom="readingOrder {index:4;}">
                    <Coords points="1851,2506 1851,2566 1947,2566 1947,2506"/>
                    <TextEquiv>
                        <Unicode>Stück</Unicode>
                    </TextEquiv>
                </Word>
                <Word id="tr_1_tl_85_w6" custom="readingOrder {index:5;}">
                    <Coords points="1982,2506 1982,2566 2027,2566 2027,2506"/>
                    <TextEquiv>
                        <Unicode>der</Unicode>
                    </TextEquiv>
                </Word>
                <TextEquiv>
                    <Unicode>jemals ein sogenanntes erotisches Stück der</Unicode>
                </TextEquiv>
            </TextLine>
            <TextLine id="tr_1_tl_86" custom="readingOrder {index:85;}">
                <Coords points="2060,2577 2926,2583 2926,2537 2831,2528 2736,2550 2614,2524 2060,2535"/>
                <Baseline points="2071,2567 2114,2570 2157,2567 2200,2567 2243,2567 2286,2569 2329,2570 2372,2570 2415,2570 2458,2570 2501,2570 2544,2570 2587,2570 2630,2570 2673,2571 2716,2572 2759,2571 2802,2573 2845,2573 2888,2573 2931,2573"/>
                <Word id="tr_1_tl_86_w1" custom="readingOrder {index:0;}">
                    <Coords points="2055,2527 2055,2587 2101,2587 2101,2527"/>
                    <TextEquiv>
                        <Unicode>dem</Unicode>
                    </TextEquiv>
                </Word>
                <Word id="tr_1_tl_86_w2" custom="readingOrder {index:1;}">
                    <Coords points="2149,2527 2149,2587 2316,2587 2316,2527"/>
                    <TextEquiv>
                        <Unicode>Ausbruch</Unicode>
                    </TextEquiv>
                </Word>
                <Word id="tr_1_tl_86_w3" custom="readingOrder {index:2;}">
                    <Coords points="2364,2530 2364,2590 2452,2590 2452,2530"/>
                    <TextEquiv>
                        <Unicode>eines</Unicode>
                    </TextEquiv>
                </Word>
                <Word id="tr_1_tl_86_w4" custom="readingOrder {index:3;}">
                    <Coords points="2484,2530 2484,2590 2704,2590 2704,2530"/>
                    <TextEquiv>
                        <Unicode>Weltkrieges.</Unicode>
                    </TextEquiv>
                </Word>
                <Word id="tr_1_tl_86_w5" custom="readingOrder {index:4;}">
                    <Coords points="2746,2533 2746,2593 2924,2593 2924,2533"/>
                    <TextEquiv>
                        <Unicode>Schnitzler</Unicode>
                    </TextEquiv>
                </Word>
                <TextEquiv>
                    <Unicode>dem Ausbruch eines Weltkrieges. Schnitzler</Unicode>
                </TextEquiv>
            </TextLine>
            <TextLine id="tr_1_tl_87" custom="readingOrder {index:86;}">
                <Coords points="272,2595 1143,2592 1143,2548 1083,2544 272,2542"/>
                <Baseline points="283,2576 326,2582 369,2585 412,2585 455,2585 498,2587 541,2586 585,2585 628,2585 671,2583 714,2582 757,2582 800,2584 843,2584 887,2582 930,2582 973,2582 1016,2582 1059,2582 1102,2582 1146,2582"/>
                <Word id="tr_1_tl_87_w1" custom="readingOrder {index:0;}">
                    <Coords points="272,2544 272,2604 438,2604 438,2544"/>
                    <TextEquiv>
                        <Unicode>Dialekts,</Unicode>
                    </TextEquiv>
                </Word>
                <Word id="tr_1_tl_87_w2" custom="readingOrder {index:1;}">
                    <Coords points="464,2546 464,2606 573,2606 573,2546"/>
                    <TextEquiv>
                        <Unicode>zuletzt</Unicode>
                    </TextEquiv>
                </Word>
                <Word id="tr_1_tl_87_w3" custom="readingOrder {index:2;}">
                    <Coords points="605,2544 605,2604 693,2604 693,2544"/>
                    <TextEquiv>
                        <Unicode>sogar</Unicode>
                    </TextEquiv>
                </Word>
                <Word id="tr_1_tl_87_w4" custom="readingOrder {index:3;}">
                    <Coords points="725,2542 725,2602 750,2602 750,2542"/>
                    <TextEquiv>
                        <Unicode>in</Unicode>
                    </TextEquiv>
                </Word>
                <Word id="tr_1_tl_87_w5" custom="readingOrder {index:4;}">
                    <Coords points="788,2544 788,2604 875,2604 875,2544"/>
                    <TextEquiv>
                        <Unicode>einer</Unicode>
                    </TextEquiv>
                </Word>
                <Word id="tr_1_tl_87_w6" custom="readingOrder {index:5;}">
                    <Coords points="902,2542 902,2602 1136,2602 1136,2542"/>
                    <TextEquiv>
                        <Unicode>Dachkammer</Unicode>
                    </TextEquiv>
                </Word>
                <TextEquiv>
                    <Unicode>Dialekts, zuletzt sogar in einer Dachkammer</Unicode>
                </TextEquiv>
            </TextLine>
            <TextLine id="tr_1_tl_88" custom="readingOrder {index:87;}">
                <Coords points="1182,2603 2020,2595 2020,2559 1969,2553 1182,2564"/>
                <Baseline points="1194,2591 1235,2591 1277,2591 1318,2591 1360,2591 1401,2591 1443,2591 1484,2588 1526,2588 1567,2588 1609,2590 1650,2589 1692,2590 1733,2589 1775,2588 1816,2589 1858,2591 1899,2590 1941,2588 1982,2588 2024,2588"/>
                <Word id="tr_1_tl_88_w1" custom="readingOrder {index:0;}">
                    <Coords points="1182,2551 1182,2611 1358,2611 1358,2551"/>
                    <TextEquiv>
                        <Unicode>Pikanterie</Unicode>
                    </TextEquiv>
                </Word>
                <Word id="tr_1_tl_88_w2" custom="readingOrder {index:1;}">
                    <Coords points="1384,2551 1384,2611 1490,2611 1490,2551"/>
                    <TextEquiv>
                        <Unicode>halber</Unicode>
                    </TextEquiv>
                </Word>
                <Word id="tr_1_tl_88_w3" custom="readingOrder {index:2;}">
                    <Coords points="1521,2548 1521,2608 1576,2608 1576,2548"/>
                    <TextEquiv>
                        <Unicode>auf</Unicode>
                    </TextEquiv>
                </Word>
                <Word id="tr_1_tl_88_w4" custom="readingOrder {index:3;}">
                    <Coords points="1603,2549 1603,2609 1648,2609 1648,2549"/>
                    <TextEquiv>
                        <Unicode>die</Unicode>
                    </TextEquiv>
                </Word>
                <Word id="tr_1_tl_88_w5" custom="readingOrder {index:4;}">
                    <Coords points="1674,2548 1674,2608 1795,2608 1795,2548"/>
                    <TextEquiv>
                        <Unicode>Bühne</Unicode>
                    </TextEquiv>
                </Word>
                <Word id="tr_1_tl_88_w6" custom="readingOrder {index:5;}">
                    <Coords points="1821,2550 1821,2610 1967,2610 1967,2550"/>
                    <TextEquiv>
                        <Unicode>gebracht</Unicode>
                    </TextEquiv>
                </Word>
                <Word id="tr_1_tl_88_w7" custom="readingOrder {index:6;}">
                    <Coords points="1988,2548 1988,2608 2003,2608 2003,2548"/>
                    <TextEquiv>
                        <Unicode>-</Unicode>
                    </TextEquiv>
                </Word>
                <TextEquiv>
                    <Unicode>Pikanterie halber auf die Bühne gebracht -</Unicode>
                </TextEquiv>
            </TextLine>
            <TextLine id="tr_1_tl_89" custom="readingOrder {index:88;}">
                <Coords points="2069,2628 2922,2628 2922,2586 2745,2570 2069,2577"/>
                <Baseline points="2080,2612 2122,2612 2164,2612 2207,2612 2249,2612 2292,2612 2334,2612 2376,2612 2419,2612 2461,2612 2504,2613 2546,2615 2588,2614 2631,2613 2673,2614 2716,2613 2758,2615 2800,2615 2843,2615 2885,2615 2928,2615"/>
                <Word id="tr_1_tl_89_w1" custom="readingOrder {index:0;}">
                    <Coords points="2064,2572 2064,2632 2150,2632 2150,2572"/>
                    <TextEquiv>
                        <Unicode>selbst</Unicode>
                    </TextEquiv>
                </Word>
                <Word id="tr_1_tl_89_w2" custom="readingOrder {index:1;}">
                    <Coords points="2178,2572 2178,2632 2258,2632 2258,2572"/>
                    <TextEquiv>
                        <Unicode>hatte</Unicode>
                    </TextEquiv>
                </Word>
                <Word id="tr_1_tl_89_w3" custom="readingOrder {index:2;}">
                    <Coords points="2286,2572 2286,2632 2356,2632 2356,2572"/>
                    <TextEquiv>
                        <Unicode>aber</Unicode>
                    </TextEquiv>
                </Word>
                <Word id="tr_1_tl_89_w4" custom="readingOrder {index:3;}">
                    <Coords points="2389,2572 2389,2632 2443,2632 2443,2572"/>
                    <TextEquiv>
                        <Unicode>das</Unicode>
                    </TextEquiv>
                </Word>
                <Word id="tr_1_tl_89_w5" custom="readingOrder {index:4;}">
                    <Coords points="2470,2573 2470,2633 2567,2633 2567,2573"/>
                    <TextEquiv>
                        <Unicode>Stück</Unicode>
                    </TextEquiv>
                </Word>
                <Word id="tr_1_tl_89_w6" custom="readingOrder {index:5;}">
                    <Coords points="2589,2573 2589,2633 2670,2633 2670,2573"/>
                    <TextEquiv>
                        <Unicode>schon</Unicode>
                    </TextEquiv>
                </Word>
                <Word id="tr_1_tl_89_w7" custom="readingOrder {index:6;}">
                    <Coords points="2709,2574 2709,2634 2779,2634 2779,2574"/>
                    <TextEquiv>
                        <Unicode>sechs</Unicode>
                    </TextEquiv>
                </Word>
                <Word id="tr_1_tl_89_w8" custom="readingOrder {index:7;}">
                    <Coords points="2812,2575 2812,2635 2919,2635 2919,2575"/>
                    <TextEquiv>
                        <Unicode>Jahre</Unicode>
                    </TextEquiv>
                </Word>
                <TextEquiv>
                    <Unicode>selbst hatte aber das Stück schon sechs Jahre</Unicode>
                </TextEquiv>
            </TextLine>
            <TextLine id="tr_1_tl_90" custom="readingOrder {index:89;}">
                <Coords points="276,2637 1143,2632 1143,2592 1101,2586 276,2595"/>
                <Baseline points="289,2630 332,2629 375,2628 418,2629 461,2628 504,2627 547,2627 590,2627 633,2627 676,2627 719,2627 762,2626 805,2625 848,2626 891,2625 934,2626 977,2624 1020,2624 1063,2627 1106,2624 1149,2624"/>
                <Word id="tr_1_tl_90_w1" custom="readingOrder {index:0;}">
                    <Coords points="281,2589 281,2649 347,2649 347,2589"/>
                    <TextEquiv>
                        <Unicode>Und</Unicode>
                    </TextEquiv>
                </Word>
                <Word id="tr_1_tl_90_w2" custom="readingOrder {index:1;}">
                    <Coords points="379,2588 379,2648 455,2648 455,2588"/>
                    <TextEquiv>
                        <Unicode>weil</Unicode>
                    </TextEquiv>
                </Word>
                <Word id="tr_1_tl_90_w3" custom="readingOrder {index:2;}">
                    <Coords points="477,2587 477,2647 507,2647 507,2587"/>
                    <TextEquiv>
                        <Unicode>es</Unicode>
                    </TextEquiv>
                </Word>
                <Word id="tr_1_tl_90_w4" custom="readingOrder {index:3;}">
                    <Coords points="533,2587 533,2647 584,2647 584,2587"/>
                    <TextEquiv>
                        <Unicode>sich</Unicode>
                    </TextEquiv>
                </Word>
                <Word id="tr_1_tl_90_w5" custom="readingOrder {index:4;}">
                    <Coords points="611,2587 611,2647 646,2647 646,2587"/>
                    <TextEquiv>
                        <Unicode>da</Unicode>
                    </TextEquiv>
                </Word>
                <Word id="tr_1_tl_90_w6" custom="readingOrder {index:5;}">
                    <Coords points="672,2587 672,2647 760,2647 760,2587"/>
                    <TextEquiv>
                        <Unicode>nicht</Unicode>
                    </TextEquiv>
                </Word>
                <Word id="tr_1_tl_90_w7" custom="readingOrder {index:6;}">
                    <Coords points="802,2585 802,2645 842,2645 842,2585"/>
                    <TextEquiv>
                        <Unicode>um</Unicode>
                    </TextEquiv>
                </Word>
                <Word id="tr_1_tl_90_w8" custom="readingOrder {index:7;}">
                    <Coords points="900,2585 900,2645 971,2645 971,2585"/>
                    <TextEquiv>
                        <Unicode>eine</Unicode>
                    </TextEquiv>
                </Word>
                <Word id="tr_1_tl_90_w9" custom="readingOrder {index:8;}">
                    <Coords points="1018,2586 1018,2646 1136,2646 1136,2586"/>
                    <TextEquiv>
                        <Unicode>Liaison</Unicode>
                    </TextEquiv>
                </Word>
                <TextEquiv>
                    <Unicode>Und weil es sich da nicht um eine Liaison</Unicode>
                </TextEquiv>
            </TextLine>
            <TextLine id="tr_1_tl_91" custom="readingOrder {index:90;}">
                <Coords points="1178,2645 2027,2645 2011,2595 1178,2599"/>
                <Baseline points="1191,2633 1235,2636 1279,2635 1323,2633 1367,2633 1411,2633 1455,2633 1500,2633 1544,2633 1588,2633 1632,2636 1676,2636 1720,2633 1765,2633 1809,2630 1853,2633 1897,2633 1941,2633 1985,2633 2030,2630"/>
                <Word id="tr_1_tl_91_w1" custom="readingOrder {index:0;}">
                    <Coords points="1173,2595 1173,2655 1276,2655 1276,2595"/>
                    <TextEquiv>
                        <Unicode>welche</Unicode>
                    </TextEquiv>
                </Word>
                <Word id="tr_1_tl_91_w2" custom="readingOrder {index:1;}">
                    <Coords points="1314,2593 1314,2653 1413,2653 1413,2593"/>
                    <TextEquiv>
                        <Unicode>Lüge!</Unicode>
                    </TextEquiv>
                </Word>
                <Word id="tr_1_tl_91_w3" custom="readingOrder {index:2;}">
                    <Coords points="1445,2593 1445,2653 1512,2653 1512,2593"/>
                    <TextEquiv>
                        <Unicode>Bei</Unicode>
                    </TextEquiv>
                </Word>
                <Word id="tr_1_tl_91_w4" custom="readingOrder {index:3;}">
                    <Coords points="1544,2593 1544,2653 1596,2653 1596,2593"/>
                    <TextEquiv>
                        <Unicode>ihm</Unicode>
                    </TextEquiv>
                </Word>
                <Word id="tr_1_tl_91_w5" custom="readingOrder {index:4;}">
                    <Coords points="1649,2593 1649,2653 1763,2653 1763,2593"/>
                    <TextEquiv>
                        <Unicode>spielen</Unicode>
                    </TextEquiv>
                </Word>
                <Word id="tr_1_tl_91_w6" custom="readingOrder {index:5;}">
                    <Coords points="1806,2592 1806,2652 1874,2652 1874,2592"/>
                    <TextEquiv>
                        <Unicode>doch</Unicode>
                    </TextEquiv>
                </Word>
                <Word id="tr_1_tl_91_w7" custom="readingOrder {index:6;}">
                    <Coords points="1911,2593 1911,2653 2030,2653 2030,2593"/>
                    <TextEquiv>
                        <Unicode>immer</Unicode>
                    </TextEquiv>
                </Word>
                <TextEquiv>
                    <Unicode>welche Lüge! Bei ihm spielen doch immer</Unicode>
                </TextEquiv>
            </TextLine>
            <TextLine id="tr_1_tl_92" custom="readingOrder {index:91;}">
                <Coords points="2053,2667 2928,2663 2893,2621 2053,2623"/>
                <Baseline points="2065,2654 2108,2654 2151,2657 2195,2657 2238,2657 2282,2657 2325,2657 2369,2657 2412,2657 2456,2657 2499,2657 2542,2657 2586,2657 2629,2657 2673,2657 2716,2659 2760,2660 2803,2659 2847,2658 2890,2659 2934,2657"/>
                <Word id="tr_1_tl_92_w1" custom="readingOrder {index:0;}">
                    <Coords points="2058,2614 2058,2674 2116,2674 2116,2614"/>
                    <TextEquiv>
                        <Unicode>vor</Unicode>
                    </TextEquiv>
                </Word>
                <Word id="tr_1_tl_92_w2" custom="readingOrder {index:1;}">
                    <Coords points="2148,2617 2148,2677 2195,2677 2195,2617"/>
                    <TextEquiv>
                        <Unicode>dem</Unicode>
                    </TextEquiv>
                </Word>
                <Word id="tr_1_tl_92_w3" custom="readingOrder {index:2;}">
                    <Coords points="2244,2617 2244,2677 2338,2677 2338,2617"/>
                    <TextEquiv>
                        <Unicode>Krieg</Unicode>
                    </TextEquiv>
                </Word>
                <Word id="tr_1_tl_92_w4" custom="readingOrder {index:3;}">
                    <Coords points="2365,2617 2365,2677 2566,2677 2566,2617"/>
                    <TextEquiv>
                        <Unicode>entworfen!</Unicode>
                    </TextEquiv>
                </Word>
                <Word id="tr_1_tl_92_w5" custom="readingOrder {index:4;}">
                    <Coords points="2609,2617 2609,2677 2672,2677 2672,2617"/>
                    <TextEquiv>
                        <Unicode>Die</Unicode>
                    </TextEquiv>
                </Word>
                <Word id="tr_1_tl_92_w6" custom="readingOrder {index:5;}">
                    <Coords points="2704,2619 2704,2679 2799,2679 2799,2619"/>
                    <TextEquiv>
                        <Unicode>Leute</Unicode>
                    </TextEquiv>
                </Word>
                <Word id="tr_1_tl_92_w7" custom="readingOrder {index:6;}">
                    <Coords points="2826,2618 2826,2678 2920,2678 2920,2618"/>
                    <TextEquiv>
                        <Unicode>flüch¬</Unicode>
                    </TextEquiv>
                </Word>
                <TextEquiv>
                    <Unicode>vor dem Krieg entworfen! Die Leute flüch¬</Unicode>
                </TextEquiv>
            </TextLine>
            <TextLine id="tr_1_tl_93" custom="readingOrder {index:92;}">
                <Coords points="267,2681 1143,2676 1127,2630 267,2634"/>
                <Baseline points="280,2674 323,2673 366,2672 410,2672 453,2672 497,2671 540,2669 584,2669 627,2669 671,2670 714,2671 757,2669 801,2669 844,2669 888,2669 931,2669 975,2669 1018,2669 1062,2672 1105,2669 1149,2669"/>
                <Word id="tr_1_tl_93_w1" custom="readingOrder {index:0;}">
                    <Coords points="267,2632 267,2692 433,2692 433,2632"/>
                    <TextEquiv>
                        <Unicode>handelte,</Unicode>
                    </TextEquiv>
                </Word>
                <Word id="tr_1_tl_93_w2" custom="readingOrder {index:1;}">
                    <Coords points="461,2629 461,2689 591,2689 591,2629"/>
                    <TextEquiv>
                        <Unicode>sondern</Unicode>
                    </TextEquiv>
                </Word>
                <Word id="tr_1_tl_93_w3" custom="readingOrder {index:2;}">
                    <Coords points="634,2629 634,2689 675,2689 675,2629"/>
                    <TextEquiv>
                        <Unicode>um</Unicode>
                    </TextEquiv>
                </Word>
                <Word id="tr_1_tl_93_w4" custom="readingOrder {index:3;}">
                    <Coords points="722,2630 722,2690 748,2690 748,2630"/>
                    <TextEquiv>
                        <Unicode>so</Unicode>
                    </TextEquiv>
                </Word>
                <Word id="tr_1_tl_93_w5" custom="readingOrder {index:4;}">
                    <Coords points="785,2629 785,2689 926,2689 926,2629"/>
                    <TextEquiv>
                        <Unicode>einfache</Unicode>
                    </TextEquiv>
                </Word>
                <Word id="tr_1_tl_93_w6" custom="readingOrder {index:5;}">
                    <Coords points="958,2629 958,2689 1073,2689 1073,2629"/>
                    <TextEquiv>
                        <Unicode>Leute,</Unicode>
                    </TextEquiv>
                </Word>
                <Word id="tr_1_tl_93_w7" custom="readingOrder {index:6;}">
                    <Coords points="1100,2629 1100,2689 1146,2689 1146,2629"/>
                    <TextEquiv>
                        <Unicode>die</Unicode>
                    </TextEquiv>
                </Word>
                <TextEquiv>
                    <Unicode>handelte, sondern um so einfache Leute, die</Unicode>
                </TextEquiv>
            </TextLine>
            <TextLine id="tr_1_tl_94" custom="readingOrder {index:93;}">
                <Coords points="1176,2696 1538,2679 1589,2703 1624,2674 1907,2696 1907,2643 1867,2639 1176,2645"/>
                <Baseline points="1188,2674 1224,2676 1260,2675 1296,2675 1333,2677 1369,2677 1405,2674 1441,2676 1478,2676 1514,2674 1550,2674 1586,2674 1623,2674 1659,2676 1695,2676 1731,2674 1768,2674 1804,2674 1840,2674 1876,2674 1913,2674"/>
                <Word id="tr_1_tl_94_w1" custom="readingOrder {index:0;}">
                    <Coords points="1181,2635 1181,2695 1241,2695 1241,2635"/>
                    <TextEquiv>
                        <Unicode>nur</Unicode>
                    </TextEquiv>
                </Word>
                <Word id="tr_1_tl_94_w2" custom="readingOrder {index:1;}">
                    <Coords points="1266,2636 1266,2696 1398,2696 1398,2636"/>
                    <TextEquiv>
                        <Unicode>seelische</Unicode>
                    </TextEquiv>
                </Word>
                <Word id="tr_1_tl_94_w3" custom="readingOrder {index:2;}">
                    <Coords points="1429,2634 1429,2694 1601,2694 1601,2634"/>
                    <TextEquiv>
                        <Unicode>Probleme</Unicode>
                    </TextEquiv>
                </Word>
                <Word id="tr_1_tl_94_w4" custom="readingOrder {index:3;}">
                    <Coords points="1627,2635 1627,2695 1677,2695 1677,2635"/>
                    <TextEquiv>
                        <Unicode>die</Unicode>
                    </TextEquiv>
                </Word>
                <Word id="tr_1_tl_94_w5" custom="readingOrder {index:4;}">
                    <Coords points="1703,2634 1703,2694 1910,2694 1910,2634"/>
                    <TextEquiv>
                        <Unicode>Hauptrolle.</Unicode>
                    </TextEquiv>
                </Word>
                <TextEquiv>
                    <Unicode>nur seelische Probleme die Hauptrolle.</Unicode>
                </TextEquiv>
            </TextLine>
            <TextLine id="tr_1_tl_95" custom="readingOrder {index:94;}">
                <Coords points="2060,2707 2858,2721 2930,2712 2928,2665 2058,2665"/>
                <Baseline points="2071,2698 2114,2701 2157,2698 2200,2698 2243,2698 2286,2698 2329,2698 2373,2698 2416,2698 2459,2700 2502,2701 2545,2701 2588,2699 2631,2698 2675,2699 2718,2702 2761,2703 2804,2701 2847,2701 2890,2702 2934,2704"/>
                <Word id="tr_1_tl_95_w1" custom="readingOrder {index:0;}">
                    <Coords points="2058,2659 2058,2719 2133,2719 2133,2659"/>
                    <TextEquiv>
                        <Unicode>teten</Unicode>
                    </TextEquiv>
                </Word>
                <Word id="tr_1_tl_95_w2" custom="readingOrder {index:1;}">
                    <Coords points="2169,2658 2169,2718 2219,2718 2219,2658"/>
                    <TextEquiv>
                        <Unicode>bei</Unicode>
                    </TextEquiv>
                </Word>
                <Word id="tr_1_tl_95_w3" custom="readingOrder {index:2;}">
                    <Coords points="2245,2658 2245,2718 2411,2718 2411,2658"/>
                    <TextEquiv>
                        <Unicode>Ausbruch</Unicode>
                    </TextEquiv>
                </Word>
                <Word id="tr_1_tl_95_w4" custom="readingOrder {index:3;}">
                    <Coords points="2442,2660 2442,2720 2503,2720 2503,2660"/>
                    <TextEquiv>
                        <Unicode>aus</Unicode>
                    </TextEquiv>
                </Word>
                <Word id="tr_1_tl_95_w5" custom="readingOrder {index:4;}">
                    <Coords points="2534,2660 2534,2720 2584,2720 2584,2660"/>
                    <TextEquiv>
                        <Unicode>dem</Unicode>
                    </TextEquiv>
                </Word>
                <Word id="tr_1_tl_95_w6" custom="readingOrder {index:5;}">
                    <Coords points="2635,2662 2635,2722 2923,2722 2923,2662"/>
                    <TextEquiv>
                        <Unicode>Badeaufenthalt.</Unicode>
                    </TextEquiv>
                </Word>
                <TextEquiv>
                    <Unicode>teten bei Ausbruch aus dem Badeaufenthalt.</Unicode>
                </TextEquiv>
            </TextLine>
            <TextLine id="tr_1_tl_96" custom="readingOrder {index:95;}">
                <Coords points="272,2734 1143,2723 1143,2674 1092,2667 972,2696 632,2667 272,2685"/>
                <Baseline points="283,2713 326,2715 369,2714 412,2713 455,2713 498,2713 541,2713 585,2713 628,2712 671,2711 714,2713 757,2713 800,2711 843,2708 887,2711 930,2712 973,2710 1016,2713 1059,2710 1102,2713 1146,2710"/>
                <Word id="tr_1_tl_96_w1" custom="readingOrder {index:0;}">
                    <Coords points="277,2674 277,2734 338,2734 338,2674"/>
                    <TextEquiv>
                        <Unicode>nur</Unicode>
                    </TextEquiv>
                </Word>
                <Word id="tr_1_tl_96_w2" custom="readingOrder {index:1;}">
                    <Coords points="365,2673 365,2733 411,2733 411,2673"/>
                    <TextEquiv>
                        <Unicode>ein</Unicode>
                    </TextEquiv>
                </Word>
                <Word id="tr_1_tl_96_w3" custom="readingOrder {index:2;}">
                    <Coords points="443,2673 443,2733 633,2733 633,2673"/>
                    <TextEquiv>
                        <Unicode>Verhältnis</Unicode>
                    </TextEquiv>
                </Word>
                <Word id="tr_1_tl_96_w4" custom="readingOrder {index:3;}">
                    <Coords points="686,2673 686,2733 784,2733 784,2673"/>
                    <TextEquiv>
                        <Unicode>haben</Unicode>
                    </TextEquiv>
                </Word>
                <Word id="tr_1_tl_96_w5" custom="readingOrder {index:4;}">
                    <Coords points="816,2669 816,2729 825,2729 825,2669"/>
                    <TextEquiv>
                        <Unicode>—</Unicode>
                    </TextEquiv>
                </Word>
                <Word id="tr_1_tl_96_w6" custom="readingOrder {index:5;}">
                    <Coords points="883,2671 883,2731 939,2731 939,2671"/>
                    <TextEquiv>
                        <Unicode>und</Unicode>
                    </TextEquiv>
                </Word>
                <Word id="tr_1_tl_96_w7" custom="readingOrder {index:6;}">
                    <Coords points="991,2672 991,2732 1037,2732 1037,2672"/>
                    <TextEquiv>
                        <Unicode>die</Unicode>
                    </TextEquiv>
                </Word>
                <Word id="tr_1_tl_96_w8" custom="readingOrder {index:7;}">
                    <Coords points="1064,2672 1064,2732 1125,2732 1125,2672"/>
                    <TextEquiv>
                        <Unicode>nich</Unicode>
                    </TextEquiv>
                </Word>
                <TextEquiv>
                    <Unicode>nur ein Verhältnis haben — und die nich</Unicode>
                </TextEquiv>
            </TextLine>
            <TextLine id="tr_1_tl_97" custom="readingOrder {index:96;}">
                <Coords points="1934,2736 1960,2738 1980,2723 1998,2723 2007,2729 2033,2725 2033,2672 2016,2672 2009,2679 1985,2656 1971,2663 1954,2661 1949,2656 1934,2659"/>
                <Baseline points="1946,2713 1977,2713 2008,2714 2039,2713"/>
                <Word id="tr_1_tl_97_w1" custom="readingOrder {index:0;}">
                    <Coords points="1938,2673 1938,2733 2022,2733 2022,2673"/>
                    <TextEquiv>
                        <Unicode>man</Unicode>
                    </TextEquiv>
                </Word>
                <TextEquiv>
                    <Unicode>man</Unicode>
                </TextEquiv>
            </TextLine>
            <TextLine id="tr_1_tl_98" custom="readingOrder {index:97;}">
                <Coords points="1255,2732 1819,2727 1819,2687 1797,2683 1622,2681 1589,2703 1556,2681 1370,2683 1348,2701 1255,2679"/>
                <Baseline points="1268,2719 1295,2716 1323,2716 1351,2716 1379,2716 1407,2718 1434,2718 1462,2716 1490,2716 1518,2717 1546,2718 1573,2719 1601,2719 1629,2719 1657,2719 1685,2719 1712,2719 1740,2719 1768,2717 1796,2716 1824,2716"/>
                <Word id="tr_1_tl_98_w1" custom="readingOrder {index:0;}">
                    <Coords points="1261,2676 1261,2736 1324,2736 1324,2676"/>
                    <TextEquiv>
                        <Unicode>Und</Unicode>
                    </TextEquiv>
                </Word>
                <Word id="tr_1_tl_98_w2" custom="readingOrder {index:1;}">
                    <Coords points="1362,2677 1362,2737 1442,2737 1442,2677"/>
                    <TextEquiv>
                        <Unicode>jeder</Unicode>
                    </TextEquiv>
                </Word>
                <Word id="tr_1_tl_98_w3" custom="readingOrder {index:2;}">
                    <Coords points="1475,2676 1475,2736 1554,2736 1554,2676"/>
                    <TextEquiv>
                        <Unicode>Fall</Unicode>
                    </TextEquiv>
                </Word>
                <Word id="tr_1_tl_98_w4" custom="readingOrder {index:3;}">
                    <Coords points="1603,2679 1603,2739 1688,2739 1688,2679"/>
                    <TextEquiv>
                        <Unicode>einer</Unicode>
                    </TextEquiv>
                </Word>
                <Word id="tr_1_tl_98_w5" custom="readingOrder {index:4;}">
                    <Coords points="1726,2677 1726,2737 1806,2737 1806,2677"/>
                    <TextEquiv>
                        <Unicode>Frau</Unicode>
                    </TextEquiv>
                </Word>
                <TextEquiv>
                    <Unicode>Und jeder Fall einer Frau</Unicode>
                </TextEquiv>
            </TextLine>
            <TextLine id="tr_1_tl_99" custom="readingOrder {index:98;}">
                <Coords points="2062,2751 2933,2756 2913,2709 2062,2709"/>
                <Baseline points="2074,2740 2117,2743 2160,2743 2203,2743 2246,2741 2289,2742 2332,2743 2376,2743 2419,2743 2462,2743 2505,2743 2548,2743 2591,2743 2634,2743 2678,2744 2721,2746 2764,2746 2807,2746 2850,2746 2893,2746 2937,2746"/>
                <Word id="tr_1_tl_99_w1" custom="readingOrder {index:0;}">
                    <Coords points="2062,2701 2062,2761 2121,2761 2121,2701"/>
                    <TextEquiv>
                        <Unicode>Und</Unicode>
                    </TextEquiv>
                </Word>
                <Word id="tr_1_tl_99_w2" custom="readingOrder {index:1;}">
                    <Coords points="2153,2703 2153,2763 2206,2763 2206,2703"/>
                    <TextEquiv>
                        <Unicode>das</Unicode>
                    </TextEquiv>
                </Word>
                <Word id="tr_1_tl_99_w3" custom="readingOrder {index:2;}">
                    <Coords points="2239,2703 2239,2763 2491,2763 2491,2703"/>
                    <TextEquiv>
                        <Unicode>Unglaubliche:</Unicode>
                    </TextEquiv>
                </Word>
                <Word id="tr_1_tl_99_w4" custom="readingOrder {index:3;}">
                    <Coords points="2513,2703 2513,2763 2641,2763 2641,2703"/>
                    <TextEquiv>
                        <Unicode>Gerade</Unicode>
                    </TextEquiv>
                </Word>
                <Word id="tr_1_tl_99_w5" custom="readingOrder {index:4;}">
                    <Coords points="2668,2704 2668,2764 2721,2764 2721,2704"/>
                    <TextEquiv>
                        <Unicode>der</Unicode>
                    </TextEquiv>
                </Word>
                <Word id="tr_1_tl_99_w6" custom="readingOrder {index:5;}">
                    <Coords points="2749,2706 2749,2766 2780,2766 2780,2706"/>
                    <TextEquiv>
                        <Unicode>1.</Unicode>
                    </TextEquiv>
                </Word>
                <Word id="tr_1_tl_99_w7" custom="readingOrder {index:6;}">
                    <Coords points="2808,2706 2808,2766 2930,2766 2930,2706"/>
                    <TextEquiv>
                        <Unicode>August</Unicode>
                    </TextEquiv>
                </Word>
                <TextEquiv>
                    <Unicode>Und das Unglaubliche: Gerade der 1. August</Unicode>
                </TextEquiv>
            </TextLine>
            <TextLine id="tr_1_tl_100" custom="readingOrder {index:99;}">
                <Coords points="267,2780 1140,2769 1140,2725 1054,2709 267,2734"/>
                <Baseline points="280,2758 323,2758 366,2758 409,2758 453,2758 496,2758 539,2758 583,2758 626,2758 669,2758 713,2758 756,2758 799,2758 842,2757 886,2755 929,2755 972,2758 1016,2755 1059,2758 1102,2755 1146,2749"/>
                <Word id="tr_1_tl_100_w1" custom="readingOrder {index:0;}">
                    <Coords points="277,2718 277,2778 498,2778 498,2718"/>
                    <TextEquiv>
                        <Unicode>miteinander</Unicode>
                    </TextEquiv>
                </Word>
                <Word id="tr_1_tl_100_w2" custom="readingOrder {index:1;}">
                    <Coords points="525,2718 525,2778 710,2778 710,2718"/>
                    <TextEquiv>
                        <Unicode>soupieren,</Unicode>
                    </TextEquiv>
                </Word>
                <Word id="tr_1_tl_100_w3" custom="readingOrder {index:2;}">
                    <Coords points="731,2718 731,2778 860,2778 860,2718"/>
                    <TextEquiv>
                        <Unicode>sondern</Unicode>
                    </TextEquiv>
                </Word>
                <Word id="tr_1_tl_100_w4" custom="readingOrder {index:3;}">
                    <Coords points="917,2716 917,2776 988,2776 988,2716"/>
                    <TextEquiv>
                        <Unicode>bloß</Unicode>
                    </TextEquiv>
                </Word>
                <Word id="tr_1_tl_100_w5" custom="readingOrder {index:4;}">
                    <Coords points="1041,2716 1041,2776 1133,2776 1133,2716"/>
                    <TextEquiv>
                        <Unicode>nacht</Unicode>
                    </TextEquiv>
                </Word>
                <TextEquiv>
                    <Unicode>miteinander soupieren, sondern bloß nacht</Unicode>
                </TextEquiv>
            </TextLine>
            <TextLine id="tr_1_tl_101" custom="readingOrder {index:100;}">
                <Coords points="1176,2769 2007,2774 2038,2729 1299,2736 1178,2712"/>
                <Baseline points="1188,2761 1230,2764 1273,2764 1315,2764 1358,2762 1400,2761 1443,2761 1485,2761 1528,2761 1570,2761 1613,2760 1656,2759 1698,2761 1741,2761 1783,2761 1826,2760 1868,2757 1911,2755 1953,2758 1996,2758 2039,2758"/>
                <Word id="tr_1_tl_101_w1" custom="readingOrder {index:0;}">
                    <Coords points="1170,2722 1170,2782 1240,2782 1240,2722"/>
                    <TextEquiv>
                        <Unicode>kann</Unicode>
                    </TextEquiv>
                </Word>
                <Word id="tr_1_tl_101_w2" custom="readingOrder {index:1;}">
                    <Coords points="1274,2724 1274,2784 1325,2784 1325,2724"/>
                    <TextEquiv>
                        <Unicode>das</Unicode>
                    </TextEquiv>
                </Word>
                <Word id="tr_1_tl_101_w3" custom="readingOrder {index:2;}">
                    <Coords points="1354,2721 1354,2781 1448,2781 1448,2721"/>
                    <TextEquiv>
                        <Unicode>Wort</Unicode>
                    </TextEquiv>
                </Word>
                <Word id="tr_1_tl_101_w4" custom="readingOrder {index:3;}">
                    <Coords points="1472,2721 1472,2781 1622,2781 1622,2721"/>
                    <TextEquiv>
                        <Unicode>nehmen,</Unicode>
                    </TextEquiv>
                </Word>
                <Word id="tr_1_tl_101_w5" custom="readingOrder {index:4;}">
                    <Coords points="1646,2719 1646,2779 1703,2779 1703,2719"/>
                    <TextEquiv>
                        <Unicode>wie</Unicode>
                    </TextEquiv>
                </Word>
                <Word id="tr_1_tl_101_w6" custom="readingOrder {index:5;}">
                    <Coords points="1727,2721 1727,2781 1797,2781 1797,2721"/>
                    <TextEquiv>
                        <Unicode>man</Unicode>
                    </TextEquiv>
                </Word>
                <Word id="tr_1_tl_101_w7" custom="readingOrder {index:6;}">
                    <Coords points="1825,2717 1825,2777 1896,2777 1896,2717"/>
                    <TextEquiv>
                        <Unicode>will</Unicode>
                    </TextEquiv>
                </Word>
                <Word id="tr_1_tl_101_w8" custom="readingOrder {index:7;}">
                    <Coords points="1915,2717 1915,2777 1971,2777 1971,2717"/>
                    <TextEquiv>
                        <Unicode>—,</Unicode>
                    </TextEquiv>
                </Word>
                <Word id="tr_1_tl_101_w9" custom="readingOrder {index:8;}">
                    <Coords points="1991,2718 1991,2778 2037,2778 2037,2718"/>
                    <TextEquiv>
                        <Unicode>be¬</Unicode>
                    </TextEquiv>
                </Word>
                <TextEquiv>
                    <Unicode>kann das Wort nehmen, wie man will —, be¬</Unicode>
                </TextEquiv>
            </TextLine>
            <TextLine id="tr_1_tl_102" custom="readingOrder {index:101;}">
                <Coords points="2062,2796 2926,2809 2926,2754 2062,2751"/>
                <Baseline points="2074,2788 2116,2788 2159,2785 2202,2785 2245,2785 2288,2787 2331,2786 2373,2787 2416,2788 2459,2788 2502,2790 2545,2789 2588,2788 2631,2788 2673,2789 2716,2791 2759,2791 2802,2791 2845,2791 2888,2791 2931,2791"/>
                <Word id="tr_1_tl_102_w1" custom="readingOrder {index:0;}">
                    <Coords points="2062,2748 2062,2808 2136,2808 2136,2748"/>
                    <TextEquiv>
                        <Unicode>wird</Unicode>
                    </TextEquiv>
                </Word>
                <Word id="tr_1_tl_102_w2" custom="readingOrder {index:1;}">
                    <Coords points="2168,2745 2168,2805 2194,2805 2194,2745"/>
                    <TextEquiv>
                        <Unicode>in</Unicode>
                    </TextEquiv>
                </Word>
                <Word id="tr_1_tl_102_w3" custom="readingOrder {index:2;}">
                    <Coords points="2248,2746 2248,2806 2306,2806 2306,2746"/>
                    <TextEquiv>
                        <Unicode>dem</Unicode>
                    </TextEquiv>
                </Word>
                <Word id="tr_1_tl_102_w4" custom="readingOrder {index:3;}">
                    <Coords points="2350,2747 2350,2807 2444,2807 2444,2747"/>
                    <TextEquiv>
                        <Unicode>Stück</Unicode>
                    </TextEquiv>
                </Word>
                <Word id="tr_1_tl_102_w5" custom="readingOrder {index:4;}">
                    <Coords points="2494,2749 2494,2809 2541,2809 2541,2749"/>
                    <TextEquiv>
                        <Unicode>als</Unicode>
                    </TextEquiv>
                </Word>
                <Word id="tr_1_tl_102_w6" custom="readingOrder {index:5;}">
                    <Coords points="2594,2748 2594,2808 2647,2808 2647,2748"/>
                    <TextEquiv>
                        <Unicode>der</Unicode>
                    </TextEquiv>
                </Word>
                <Word id="tr_1_tl_102_w7" custom="readingOrder {index:6;}">
                    <Coords points="2674,2751 2674,2811 2839,2811 2839,2751"/>
                    <TextEquiv>
                        <Unicode>Ausbruch</Unicode>
                    </TextEquiv>
                </Word>
                <Word id="tr_1_tl_102_w8" custom="readingOrder {index:7;}">
                    <Coords points="2871,2751 2871,2811 2918,2811 2918,2751"/>
                    <TextEquiv>
                        <Unicode>des</Unicode>
                    </TextEquiv>
                </Word>
                <TextEquiv>
                    <Unicode>wird in dem Stück als der Ausbruch des</Unicode>
                </TextEquiv>
            </TextLine>
            <TextLine id="tr_1_tl_103" custom="readingOrder {index:102;}">
                <Coords points="274,2818 285,2818 305,2833 329,2820 343,2820 351,2827 378,2809 429,2809 429,2769 349,2765 320,2776 274,2776"/>
                <Baseline points="286,2806 315,2804 345,2802 375,2800 405,2802 435,2806"/>
                <Word id="tr_1_tl_103_w1" custom="readingOrder {index:0;}">
                    <Coords points="280,2761 280,2821 432,2821 432,2761"/>
                    <TextEquiv>
                        <Unicode>mahlen.</Unicode>
                    </TextEquiv>
                </Word>
                <TextEquiv>
                    <Unicode>mahlen.</Unicode>
                </TextEquiv>
            </TextLine>
            <TextLine id="tr_1_tl_104" custom="readingOrder {index:103;}">
                <Coords points="1174,2816 1565,2804 1730,2842 1819,2807 2033,2816 2033,2767 1976,2760 1174,2771"/>
                <Baseline points="1185,2806 1227,2806 1270,2809 1312,2804 1355,2805 1397,2806 1440,2806 1482,2804 1525,2803 1567,2803 1610,2803 1653,2803 1695,2803 1738,2803 1780,2804 1823,2806 1865,2805 1908,2803 1950,2803 1993,2803 2036,2797"/>
                <Word id="tr_1_tl_104_w1" custom="readingOrder {index:0;}">
                    <Coords points="1169,2766 1169,2826 1272,2826 1272,2766"/>
                    <TextEquiv>
                        <Unicode>deutet</Unicode>
                    </TextEquiv>
                </Word>
                <Word id="tr_1_tl_104_w2" custom="readingOrder {index:1;}">
                    <Coords points="1319,2764 1319,2824 1376,2824 1376,2764"/>
                    <TextEquiv>
                        <Unicode>für</Unicode>
                    </TextEquiv>
                </Word>
                <Word id="tr_1_tl_104_w3" custom="readingOrder {index:2;}">
                    <Coords points="1403,2766 1403,2826 1449,2826 1449,2766"/>
                    <TextEquiv>
                        <Unicode>ihn</Unicode>
                    </TextEquiv>
                </Word>
                <Word id="tr_1_tl_104_w4" custom="readingOrder {index:3;}">
                    <Coords points="1486,2763 1486,2823 1532,2823 1532,2763"/>
                    <TextEquiv>
                        <Unicode>die</Unicode>
                    </TextEquiv>
                </Word>
                <Word id="tr_1_tl_104_w5" custom="readingOrder {index:4;}">
                    <Coords points="1564,2763 1564,2823 1683,2823 1683,2763"/>
                    <TextEquiv>
                        <Unicode>Lösung</Unicode>
                    </TextEquiv>
                </Word>
                <Word id="tr_1_tl_104_w6" custom="readingOrder {index:5;}">
                    <Coords points="1714,2763 1714,2823 1802,2823 1802,2763"/>
                    <TextEquiv>
                        <Unicode>eines</Unicode>
                    </TextEquiv>
                </Word>
                <Word id="tr_1_tl_104_w7" custom="readingOrder {index:6;}">
                    <Coords points="1834,2763 1834,2823 2031,2823 2031,2763"/>
                    <TextEquiv>
                        <Unicode>ungewöhn¬</Unicode>
                    </TextEquiv>
                </Word>
                <TextEquiv>
                    <Unicode>deutet für ihn die Lösung eines ungewöhn¬</Unicode>
                </TextEquiv>
            </TextLine>
            <TextLine id="tr_1_tl_105" custom="readingOrder {index:104;}">
                <Coords points="2062,2851 2137,2864 2230,2853 2259,2864 2336,2849 2371,2864 2416,2838 2416,2796 2374,2800 2349,2787 2327,2800 2267,2800 2248,2787 2219,2802 2168,2789 2157,2800 2062,2798"/>
                <Baseline points="2074,2833 2100,2833 2127,2832 2154,2830 2180,2832 2207,2832 2234,2831 2260,2830 2287,2830 2314,2832 2340,2833 2367,2833 2394,2832 2421,2830"/>
                <Word id="tr_1_tl_105_w1" custom="readingOrder {index:0;}">
                    <Coords points="2063,2791 2063,2851 2195,2851 2195,2791"/>
                    <TextEquiv>
                        <Unicode>Krieges</Unicode>
                    </TextEquiv>
                </Word>
                <Word id="tr_1_tl_105_w2" custom="readingOrder {index:1;}">
                    <Coords points="2230,2792 2230,2852 2419,2852 2419,2792"/>
                    <TextEquiv>
                        <Unicode>betrachtet.</Unicode>
                    </TextEquiv>
                </Word>
                <TextEquiv>
                    <Unicode>Krieges betrachtet.</Unicode>
                </TextEquiv>
            </TextLine>
            <TextLine id="tr_1_tl_106" custom="readingOrder {index:105;}">
                <Coords points="358,2862 1140,2855 1140,2796 1116,2793 358,2811"/>
                <Baseline points="370,2848 408,2847 447,2848 486,2847 525,2845 564,2842 602,2845 641,2845 680,2843 719,2842 758,2842 796,2843 835,2845 874,2842 913,2842 952,2842 990,2842 1029,2842 1068,2843 1107,2845 1146,2842"/>
                <Word id="tr_1_tl_106_w1" custom="readingOrder {index:0;}">
                    <Coords points="364,2807 364,2867 424,2867 424,2807"/>
                    <TextEquiv>
                        <Unicode>Die</Unicode>
                    </TextEquiv>
                </Word>
                <Word id="tr_1_tl_106_w2" custom="readingOrder {index:1;}">
                    <Coords points="453,2805 453,2865 563,2865 563,2805"/>
                    <TextEquiv>
                        <Unicode>größte</Unicode>
                    </TextEquiv>
                </Word>
                <Word id="tr_1_tl_106_w3" custom="readingOrder {index:2;}">
                    <Coords points="587,2802 587,2862 792,2862 792,2802"/>
                    <TextEquiv>
                        <Unicode>Entrüstung</Unicode>
                    </TextEquiv>
                </Word>
                <Word id="tr_1_tl_106_w4" custom="readingOrder {index:3;}">
                    <Coords points="821,2803 821,2863 892,2863 892,2803"/>
                    <TextEquiv>
                        <Unicode>aber</Unicode>
                    </TextEquiv>
                </Word>
                <Word id="tr_1_tl_106_w5" custom="readingOrder {index:4;}">
                    <Coords points="921,2802 921,2862 1043,2862 1043,2802"/>
                    <TextEquiv>
                        <Unicode>erregte</Unicode>
                    </TextEquiv>
                </Word>
                <Word id="tr_1_tl_106_w6" custom="readingOrder {index:5;}">
                    <Coords points="1071,2804 1071,2864 1132,2864 1132,2804"/>
                    <TextEquiv>
                        <Unicode>nich</Unicode>
                    </TextEquiv>
                </Word>
                <TextEquiv>
                    <Unicode>Die größte Entrüstung aber erregte nich</Unicode>
                </TextEquiv>
            </TextLine>
            <TextLine id="tr_1_tl_107" custom="readingOrder {index:106;}">
                <Coords points="1176,2869 1224,2875 1286,2853 1313,2866 1330,2853 1666,2858 1666,2813 1562,2804 1507,2829 1401,2804 1291,2824 1176,2813"/>
                <Baseline points="1188,2848 1213,2850 1238,2851 1264,2851 1289,2850 1315,2848 1340,2848 1365,2848 1391,2848 1416,2848 1442,2848 1467,2848 1493,2848 1518,2848 1543,2848 1569,2848 1594,2848 1620,2848 1645,2848 1671,2848"/>
                <Word id="tr_1_tl_107_w1" custom="readingOrder {index:0;}">
                    <Coords points="1171,2810 1171,2870 1262,2870 1262,2810"/>
                    <TextEquiv>
                        <Unicode>lichen</Unicode>
                    </TextEquiv>
                </Word>
                <Word id="tr_1_tl_107_w2" custom="readingOrder {index:1;}">
                    <Coords points="1303,2808 1303,2868 1480,2868 1480,2808"/>
                    <TextEquiv>
                        <Unicode>psychischen</Unicode>
                    </TextEquiv>
                </Word>
                <Word id="tr_1_tl_107_w3" custom="readingOrder {index:2;}">
                    <Coords points="1520,2808 1520,2868 1668,2868 1668,2808"/>
                    <TextEquiv>
                        <Unicode>Rätsels.</Unicode>
                    </TextEquiv>
                </Word>
                <TextEquiv>
                    <Unicode>lichen psychischen Rätsels.</Unicode>
                </TextEquiv>
            </TextLine>
            <TextLine id="tr_1_tl_108" custom="readingOrder {index:107;}">
                <Coords points="972,2904 999,2908 1028,2891 1067,2893 1078,2904 1103,2893 1138,2895 1138,2860 1127,2860 1118,2851 1081,2846 1067,2851 1054,2842 1045,2849 1001,2855 992,2849 972,2851"/>
                <Baseline points="985,2886 1011,2886 1037,2885 1064,2884 1090,2884 1116,2886 1143,2886"/>
                <Word id="tr_1_tl_108_w1" custom="readingOrder {index:0;}">
                    <Coords points="980,2844 980,2904 1140,2904 1140,2844"/>
                    <TextEquiv>
                        <Unicode>schließlich</Unicode>
                    </TextEquiv>
                </Word>
                <TextEquiv>
                    <Unicode>schließlich</Unicode>
                </TextEquiv>
            </TextLine>
            <TextLine id="tr_1_tl_109" custom="readingOrder {index:108;}">
                <Coords points="267,2897 895,2893 897,2851 864,2846 813,2844 785,2871 592,2844 378,2869 334,2838 309,2853 270,2835"/>
                <Baseline points="280,2889 311,2889 342,2889 373,2890 404,2892 435,2892 466,2891 497,2889 528,2887 559,2887 590,2889 621,2887 652,2886 683,2886 714,2886 745,2886 776,2885 807,2883 838,2885 869,2884 901,2880"/>
                <Word id="tr_1_tl_109_w1" custom="readingOrder {index:0;}">
                    <Coords points="273,2849 273,2909 352,2909 352,2849"/>
                    <TextEquiv>
                        <Unicode>diese</Unicode>
                    </TextEquiv>
                </Word>
                <Word id="tr_1_tl_109_w2" custom="readingOrder {index:1;}">
                    <Coords points="401,2847 401,2907 653,2907 653,2847"/>
                    <TextEquiv>
                        <Unicode>Immoralität</Unicode>
                    </TextEquiv>
                </Word>
                <Word id="tr_1_tl_109_w3" custom="readingOrder {index:2;}">
                    <Coords points="702,2846 702,2906 734,2906 734,2846"/>
                    <TextEquiv>
                        <Unicode>im</Unicode>
                    </TextEquiv>
                </Word>
                <Word id="tr_1_tl_109_w4" custom="readingOrder {index:3;}">
                    <Coords points="799,2844 799,2904 884,2904 884,2844"/>
                    <TextEquiv>
                        <Unicode>Volk</Unicode>
                    </TextEquiv>
                </Word>
                <TextEquiv>
                    <Unicode>diese Immoralität im Volk</Unicode>
                </TextEquiv>
            </TextLine>
            <TextLine id="tr_1_tl_110" custom="readingOrder {index:109;}">
                <Coords points="1240,2906 2033,2902 2033,2860 1974,2833 1912,2860 1825,2838 1766,2862 1240,2858"/>
                <Baseline points="1253,2892 1292,2892 1331,2893 1370,2895 1409,2895 1448,2892 1487,2892 1527,2892 1566,2892 1605,2892 1644,2892 1683,2892 1722,2892 1761,2889 1801,2889 1840,2889 1879,2891 1918,2891 1957,2889 1996,2889 2036,2889"/>
                <Word id="tr_1_tl_110_w1" custom="readingOrder {index:0;}">
                    <Coords points="1240,2852 1240,2912 1301,2912 1301,2852"/>
                    <TextEquiv>
                        <Unicode>Die</Unicode>
                    </TextEquiv>
                </Word>
                <Word id="tr_1_tl_110_w2" custom="readingOrder {index:1;}">
                    <Coords points="1322,2854 1322,2914 1405,2914 1405,2854"/>
                    <TextEquiv>
                        <Unicode>Alten</Unicode>
                    </TextEquiv>
                </Word>
                <Word id="tr_1_tl_110_w3" custom="readingOrder {index:2;}">
                    <Coords points="1431,2852 1431,2912 1523,2912 1523,2852"/>
                    <TextEquiv>
                        <Unicode>haben</Unicode>
                    </TextEquiv>
                </Word>
                <Word id="tr_1_tl_110_w4" custom="readingOrder {index:3;}">
                    <Coords points="1550,2852 1550,2912 1596,2912 1596,2852"/>
                    <TextEquiv>
                        <Unicode>den</Unicode>
                    </TextEquiv>
                </Word>
                <Word id="tr_1_tl_110_w5" custom="readingOrder {index:4;}">
                    <Coords points="1623,2852 1623,2912 1747,2912 1747,2852"/>
                    <TextEquiv>
                        <Unicode>Dichter</Unicode>
                    </TextEquiv>
                </Word>
                <Word id="tr_1_tl_110_w6" custom="readingOrder {index:5;}">
                    <Coords points="1763,2849 1763,2909 1829,2909 1829,2849"/>
                    <TextEquiv>
                        <Unicode>auch</Unicode>
                    </TextEquiv>
                </Word>
                <Word id="tr_1_tl_110_w7" custom="readingOrder {index:6;}">
                    <Coords points="1856,2850 1856,2910 1897,2910 1897,2850"/>
                    <TextEquiv>
                        <Unicode>als</Unicode>
                    </TextEquiv>
                </Word>
                <Word id="tr_1_tl_110_w8" custom="readingOrder {index:7;}">
                    <Coords points="1928,2849 1928,2909 2031,2909 2031,2849"/>
                    <TextEquiv>
                        <Unicode>Seher</Unicode>
                    </TextEquiv>
                </Word>
                <TextEquiv>
                    <Unicode>Die Alten haben den Dichter auch als Seher</Unicode>
                </TextEquiv>
            </TextLine>
            <TextLine id="tr_1_tl_111" custom="readingOrder {index:110;}">
                <Coords points="2146,2939 2928,2944 2928,2884 2796,2860 2526,2900 2146,2871"/>
                <Baseline points="2158,2925 2196,2925 2235,2925 2273,2927 2312,2927 2351,2925 2389,2925 2428,2925 2467,2925 2505,2925 2544,2925 2583,2926 2621,2928 2660,2928 2699,2928 2737,2928 2776,2928 2815,2930 2853,2929 2892,2928 2931,2925"/>
                <Word id="tr_1_tl_111_w1" custom="readingOrder {index:0;}">
                    <Coords points="2146,2885 2146,2945 2206,2945 2206,2885"/>
                    <TextEquiv>
                        <Unicode>Der</Unicode>
                    </TextEquiv>
                </Word>
                <Word id="tr_1_tl_111_w2" custom="readingOrder {index:1;}">
                    <Coords points="2233,2886 2233,2946 2408,2946 2408,2886"/>
                    <TextEquiv>
                        <Unicode>vornehme</Unicode>
                    </TextEquiv>
                </Word>
                <Word id="tr_1_tl_111_w3" custom="readingOrder {index:2;}">
                    <Coords points="2435,2885 2435,2945 2565,2945 2565,2885"/>
                    <TextEquiv>
                        <Unicode>Wiener</Unicode>
                    </TextEquiv>
                </Word>
                <Word id="tr_1_tl_111_w4" custom="readingOrder {index:3;}">
                    <Coords points="2593,2888 2593,2948 2675,2948 2675,2888"/>
                    <TextEquiv>
                        <Unicode>Park</Unicode>
                    </TextEquiv>
                </Word>
                <Word id="tr_1_tl_111_w5" custom="readingOrder {index:4;}">
                    <Coords points="2697,2888 2697,2948 2751,2948 2751,2888"/>
                    <TextEquiv>
                        <Unicode>des</Unicode>
                    </TextEquiv>
                </Word>
                <Word id="tr_1_tl_111_w6" custom="readingOrder {index:5;}">
                    <Coords points="2779,2889 2779,2949 2914,2949 2914,2889"/>
                    <TextEquiv>
                        <Unicode>Prinzen</Unicode>
                    </TextEquiv>
                </Word>
                <TextEquiv>
                    <Unicode>Der vornehme Wiener Park des Prinzen</Unicode>
                </TextEquiv>
            </TextLine>
            <TextLine id="tr_1_tl_112" custom="readingOrder {index:111;}">
                <Coords points="276,2944 2031,2942 2031,2902 1962,2893 276,2900"/>
                <Baseline points="289,2934 376,2934 463,2932 551,2931 638,2931 725,2931 813,2929 900,2928 987,2928 1075,2930 1162,2931 1249,2937 1337,2934 1424,2936 1511,2933 1599,2934 1686,2934 1773,2933 1861,2932 1948,2931 2036,2934"/>
                <Word id="tr_1_tl_112_w1" custom="readingOrder {index:0;}">
                    <Coords points="277,2894 277,2954 412,2954 412,2894"/>
                    <TextEquiv>
                        <Unicode>kommen</Unicode>
                    </TextEquiv>
                </Word>
                <Word id="tr_1_tl_112_w2" custom="readingOrder {index:1;}">
                    <Coords points="446,2892 446,2952 474,2952 474,2892"/>
                    <TextEquiv>
                        <Unicode>ja</Unicode>
                    </TextEquiv>
                </Word>
                <Word id="tr_1_tl_112_w3" custom="readingOrder {index:2;}">
                    <Coords points="503,2891 503,2951 576,2951 576,2891"/>
                    <TextEquiv>
                        <Unicode>auch</Unicode>
                    </TextEquiv>
                </Word>
                <Word id="tr_1_tl_112_w4" custom="readingOrder {index:3;}">
                    <Coords points="627,2891 627,2951 655,2951 655,2891"/>
                    <TextEquiv>
                        <Unicode>in</Unicode>
                    </TextEquiv>
                </Word>
                <Word id="tr_1_tl_112_w5" custom="readingOrder {index:4;}">
                    <Coords points="712,2888 712,2948 949,2948 949,2888"/>
                    <TextEquiv>
                        <Unicode>hochklassischen</Unicode>
                    </TextEquiv>
                </Word>
                <Word id="tr_1_tl_112_w6" custom="readingOrder {index:5;}">
                    <Coords points="1006,2889 1006,2949 1135,2949 1135,2889"/>
                    <TextEquiv>
                        <Unicode>Stücken</Unicode>
                    </TextEquiv>
                </Word>
                <Word id="tr_1_tl_112_w7" custom="readingOrder {index:6;}">
                    <Coords points="1170,2896 1170,2956 1344,2956 1344,2896"/>
                    <TextEquiv>
                        <Unicode>betrachtet</Unicode>
                    </TextEquiv>
                </Word>
                <Word id="tr_1_tl_112_w8" custom="readingOrder {index:7;}">
                    <Coords points="1373,2895 1373,2955 1434,2955 1434,2895"/>
                    <TextEquiv>
                        <Unicode>und</Unicode>
                    </TextEquiv>
                </Word>
                <Word id="tr_1_tl_112_w9" custom="readingOrder {index:8;}">
                    <Coords points="1469,2893 1469,2953 1519,2953 1519,2893"/>
                    <TextEquiv>
                        <Unicode>für</Unicode>
                    </TextEquiv>
                </Word>
                <Word id="tr_1_tl_112_w10" custom="readingOrder {index:9;}">
                    <Coords points="1554,2893 1554,2953 1638,2953 1638,2893"/>
                    <TextEquiv>
                        <Unicode>beide</Unicode>
                    </TextEquiv>
                </Word>
                <Word id="tr_1_tl_112_w11" custom="readingOrder {index:10;}">
                    <Coords points="1673,2893 1673,2953 1819,2953 1819,2893"/>
                    <TextEquiv>
                        <Unicode>Begriffe</Unicode>
                    </TextEquiv>
                </Word>
                <Word id="tr_1_tl_112_w12" custom="readingOrder {index:11;}">
                    <Coords points="1848,2891 1848,2951 1903,2951 1903,2891"/>
                    <TextEquiv>
                        <Unicode>das</Unicode>
                    </TextEquiv>
                </Word>
                <Word id="tr_1_tl_112_w13" custom="readingOrder {index:12;}">
                    <Coords points="1938,2892 1938,2952 2033,2952 2033,2892"/>
                    <TextEquiv>
                        <Unicode>Wort</Unicode>
                    </TextEquiv>
                </Word>
                <TextEquiv>
                    <Unicode>kommen ja auch in hochklassischen Stücken betrachtet und für beide Begriffe das Wort</Unicode>
                </TextEquiv>
            </TextLine>
            <TextLine id="tr_1_tl_113" custom="readingOrder {index:112;}">
                <Coords points="2064,2979 2873,2990 2928,2986 2928,2944 2424,2928 2301,2955 2062,2928"/>
                <Baseline points="2077,2970 2119,2970 2162,2970 2205,2970 2248,2970 2291,2970 2334,2972 2376,2969 2419,2967 2462,2967 2505,2969 2548,2970 2591,2970 2634,2970 2676,2971 2719,2972 2762,2971 2805,2972 2848,2971 2891,2973 2934,2973"/>
                <Word id="tr_1_tl_113_w1" custom="readingOrder {index:0;}">
                    <Coords points="2062,2930 2062,2990 2112,2990 2112,2930"/>
                    <TextEquiv>
                        <Unicode>von</Unicode>
                    </TextEquiv>
                </Word>
                <Word id="tr_1_tl_113_w2" custom="readingOrder {index:1;}">
                    <Coords points="2153,2930 2153,2990 2268,2990 2268,2930"/>
                    <TextEquiv>
                        <Unicode>Perosa</Unicode>
                    </TextEquiv>
                </Word>
                <Word id="tr_1_tl_113_w3" custom="readingOrder {index:2;}">
                    <Coords points="2320,2930 2320,2990 2385,2990 2385,2930"/>
                    <TextEquiv>
                        <Unicode>und</Unicode>
                    </TextEquiv>
                </Word>
                <Word id="tr_1_tl_113_w4" custom="readingOrder {index:3;}">
                    <Coords points="2421,2927 2421,2987 2471,2987 2471,2927"/>
                    <TextEquiv>
                        <Unicode>der</Unicode>
                    </TextEquiv>
                </Word>
                <Word id="tr_1_tl_113_w5" custom="readingOrder {index:4;}">
                    <Coords points="2497,2930 2497,2990 2688,2990 2688,2930"/>
                    <TextEquiv>
                        <Unicode>prachtvolle</Unicode>
                    </TextEquiv>
                </Word>
                <Word id="tr_1_tl_113_w6" custom="readingOrder {index:5;}">
                    <Coords points="2740,2931 2740,2991 2830,2991 2830,2931"/>
                    <TextEquiv>
                        <Unicode>Saal</Unicode>
                    </TextEquiv>
                </Word>
                <Word id="tr_1_tl_113_w7" custom="readingOrder {index:6;}">
                    <Coords points="2876,2933 2876,2993 2906,2993 2906,2933"/>
                    <TextEquiv>
                        <Unicode>im</Unicode>
                    </TextEquiv>
                </Word>
                <TextEquiv>
                    <Unicode>von Perosa und der prachtvolle Saal im</Unicode>
                </TextEquiv>
            </TextLine>
            <TextLine id="tr_1_tl_114" custom="readingOrder {index:113;}">
                <Coords points="267,2988 1149,2984 1149,2944 994,2930 846,2959 685,2933 267,2948"/>
                <Baseline points="280,2979 323,2976 367,2976 411,2976 455,2976 498,2976 542,2976 586,2975 630,2973 673,2973 717,2972 761,2971 805,2973 848,2973 892,2970 936,2973 980,2973 1023,2973 1067,2973 1111,2970 1155,2973"/>
                <Word id="tr_1_tl_114_w1" custom="readingOrder {index:0;}">
                    <Coords points="272,2936 272,2996 475,2996 475,2936"/>
                    <TextEquiv>
                        <Unicode>Liebschaften</Unicode>
                    </TextEquiv>
                </Word>
                <Word id="tr_1_tl_114_w2" custom="readingOrder {index:1;}">
                    <Coords points="516,2935 516,2995 592,2995 592,2935"/>
                    <TextEquiv>
                        <Unicode>ohne</Unicode>
                    </TextEquiv>
                </Word>
                <Word id="tr_1_tl_114_w3" custom="readingOrder {index:2;}">
                    <Coords points="623,2932 623,2992 740,2992 740,2932"/>
                    <TextEquiv>
                        <Unicode>Heirat</Unicode>
                    </TextEquiv>
                </Word>
                <Word id="tr_1_tl_114_w4" custom="readingOrder {index:3;}">
                    <Coords points="766,2932 766,2992 821,2992 821,2932"/>
                    <TextEquiv>
                        <Unicode>vor</Unicode>
                    </TextEquiv>
                </Word>
                <Word id="tr_1_tl_114_w5" custom="readingOrder {index:4;}">
                    <Coords points="847,2930 847,2990 908,2990 908,2930"/>
                    <TextEquiv>
                        <Unicode>—,</Unicode>
                    </TextEquiv>
                </Word>
                <Word id="tr_1_tl_114_w6" custom="readingOrder {index:5;}">
                    <Coords points="929,2933 929,2993 1061,2993 1061,2933"/>
                    <TextEquiv>
                        <Unicode>sondern</Unicode>
                    </TextEquiv>
                </Word>
                <Word id="tr_1_tl_114_w7" custom="readingOrder {index:6;}">
                    <Coords points="1092,2930 1092,2990 1147,2990 1147,2930"/>
                    <TextEquiv>
                        <Unicode>der</Unicode>
                    </TextEquiv>
                </Word>
                <TextEquiv>
                    <Unicode>Liebschaften ohne Heirat vor —, sondern der</Unicode>
                </TextEquiv>
            </TextLine>
            <TextLine id="tr_1_tl_115" custom="readingOrder {index:114;}">
                <Coords points="1178,2984 2027,2986 2027,2942 1987,2935 1178,2942"/>
                <Baseline points="1191,2976 1233,2979 1275,2979 1317,2976 1359,2976 1401,2979 1443,2979 1485,2977 1527,2976 1569,2976 1612,2976 1654,2976 1696,2976 1738,2975 1780,2974 1822,2976 1864,2976 1906,2976 1948,2976 1990,2973 2033,2973"/>
                <Word id="tr_1_tl_115_w1" custom="readingOrder {index:0;}">
                    <Coords points="1178,2938 1178,2998 1265,2998 1265,2938"/>
                    <TextEquiv>
                        <Unicode>Vates</Unicode>
                    </TextEquiv>
                </Word>
                <Word id="tr_1_tl_115_w2" custom="readingOrder {index:1;}">
                    <Coords points="1297,2938 1297,2998 1484,2998 1484,2938"/>
                    <TextEquiv>
                        <Unicode>gebraucht.</Unicode>
                    </TextEquiv>
                </Word>
                <Word id="tr_1_tl_115_w3" custom="readingOrder {index:2;}">
                    <Coords points="1506,2936 1506,2996 1551,2996 1551,2936"/>
                    <TextEquiv>
                        <Unicode>Es</Unicode>
                    </TextEquiv>
                </Word>
                <Word id="tr_1_tl_115_w4" custom="readingOrder {index:3;}">
                    <Coords points="1583,2936 1583,2996 1619,2996 1619,2936"/>
                    <TextEquiv>
                        <Unicode>ist</Unicode>
                    </TextEquiv>
                </Word>
                <Word id="tr_1_tl_115_w5" custom="readingOrder {index:4;}">
                    <Coords points="1651,2936 1651,2996 1733,2996 1733,2936"/>
                    <TextEquiv>
                        <Unicode>wohl</Unicode>
                    </TextEquiv>
                </Word>
                <Word id="tr_1_tl_115_w6" custom="readingOrder {index:5;}">
                    <Coords points="1766,2935 1766,2995 1853,2995 1853,2935"/>
                    <TextEquiv>
                        <Unicode>mehr</Unicode>
                    </TextEquiv>
                </Word>
                <Word id="tr_1_tl_115_w7" custom="readingOrder {index:6;}">
                    <Coords points="1885,2936 1885,2996 1932,2996 1932,2936"/>
                    <TextEquiv>
                        <Unicode>als</Unicode>
                    </TextEquiv>
                </Word>
                <Word id="tr_1_tl_115_w8" custom="readingOrder {index:7;}">
                    <Coords points="1969,2933 1969,2993 2030,2993 2030,2933"/>
                    <TextEquiv>
                        <Unicode>Zu¬</Unicode>
                    </TextEquiv>
                </Word>
                <TextEquiv>
                    <Unicode>Vates gebraucht. Es ist wohl mehr als Zu¬</Unicode>
                </TextEquiv>
            </TextLine>
            <TextLine id="tr_1_tl_116" custom="readingOrder {index:115;}">
                <Coords points="2060,3019 2864,3028 2849,2970 2623,2999 2493,2970 2060,2977"/>
                <Baseline points="2071,3012 2110,3015 2150,3015 2190,3015 2230,3015 2270,3014 2310,3012 2350,3011 2390,3009 2430,3012 2470,3012 2509,3014 2549,3015 2589,3013 2629,3013 2669,3015 2709,3015 2749,3015 2789,3015 2829,3015 2869,3015"/>
                <Word id="tr_1_tl_116_w1" custom="readingOrder {index:0;}">
                    <Coords points="2060,2975 2060,3035 2257,3035 2257,2975"/>
                    <TextEquiv>
                        <Unicode>Bankpalais</Unicode>
                    </TextEquiv>
                </Word>
                <Word id="tr_1_tl_116_w2" custom="readingOrder {index:1;}">
                    <Coords points="2295,2971 2295,3031 2343,3031 2343,2971"/>
                    <TextEquiv>
                        <Unicode>des</Unicode>
                    </TextEquiv>
                </Word>
                <Word id="tr_1_tl_116_w3" custom="readingOrder {index:2;}">
                    <Coords points="2386,2973 2386,3033 2594,3033 2594,2973"/>
                    <TextEquiv>
                        <Unicode>Präsidenten</Unicode>
                    </TextEquiv>
                </Word>
                <Word id="tr_1_tl_116_w4" custom="readingOrder {index:3;}">
                    <Coords points="2638,2975 2638,3035 2862,3035 2862,2975"/>
                    <TextEquiv>
                        <Unicode>Westerhaus,</Unicode>
                    </TextEquiv>
                </Word>
                <TextEquiv>
                    <Unicode>Bankpalais des Präsidenten Westerhaus,</Unicode>
                </TextEquiv>
            </TextLine>
            <TextLine id="tr_1_tl_117" custom="readingOrder {index:116;}">
                <Coords points="267,3030 1056,3032 1034,2981 267,2988"/>
                <Baseline points="280,3021 319,3024 358,3024 397,3024 436,3021 475,3018 514,3018 553,3018 592,3018 631,3018 671,3017 710,3015 749,3015 788,3012 827,3014 866,3015 905,3016 944,3018 983,3018 1022,3018 1062,3018"/>
                <Word id="tr_1_tl_117_w1" custom="readingOrder {index:0;}">
                    <Coords points="272,2984 272,3044 381,3044 381,2984"/>
                    <TextEquiv>
                        <Unicode>arme,</Unicode>
                    </TextEquiv>
                </Word>
                <Word id="tr_1_tl_117_w2" custom="readingOrder {index:1;}">
                    <Coords points="409,2980 409,3040 487,3040 487,2980"/>
                    <TextEquiv>
                        <Unicode>alte,</Unicode>
                    </TextEquiv>
                </Word>
                <Word id="tr_1_tl_117_w3" custom="readingOrder {index:2;}">
                    <Coords points="513,2978 513,3038 723,3038 723,2978"/>
                    <TextEquiv>
                        <Unicode>unglückliche</Unicode>
                    </TextEquiv>
                </Word>
                <Word id="tr_1_tl_117_w4" custom="readingOrder {index:3;}">
                    <Coords points="750,2972 750,3032 854,3032 854,2972"/>
                    <TextEquiv>
                        <Unicode>Vater</Unicode>
                    </TextEquiv>
                </Word>
                <Word id="tr_1_tl_117_w5" custom="readingOrder {index:4;}">
                    <Coords points="881,2978 881,3038 1059,3038 1059,2978"/>
                    <TextEquiv>
                        <Unicode>Weyring.</Unicode>
                    </TextEquiv>
                </Word>
                <TextEquiv>
                    <Unicode>arme, alte, unglückliche Vater Weyring.</Unicode>
                </TextEquiv>
            </TextLine>
            <TextLine id="tr_1_tl_118" custom="readingOrder {index:117;}">
                <Coords points="1176,3032 2027,3025 2027,2988 1960,2975 1176,2984"/>
                <Baseline points="1188,3018 1230,3024 1272,3021 1314,3021 1357,3021 1399,3021 1441,3021 1483,3019 1526,3018 1568,3018 1610,3018 1652,3020 1695,3020 1737,3018 1779,3018 1821,3017 1864,3016 1906,3018 1948,3018 1990,3015 2033,3015"/>
                <Word id="tr_1_tl_118_w1" custom="readingOrder {index:0;}">
                    <Coords points="1171,2980 1171,3040 1241,3040 1241,2980"/>
                    <TextEquiv>
                        <Unicode>fall,</Unicode>
                    </TextEquiv>
                </Word>
                <Word id="tr_1_tl_118_w2" custom="readingOrder {index:1;}">
                    <Coords points="1264,2981 1264,3041 1318,3041 1318,2981"/>
                    <TextEquiv>
                        <Unicode>daß</Unicode>
                    </TextEquiv>
                </Word>
                <Word id="tr_1_tl_118_w3" custom="readingOrder {index:2;}">
                    <Coords points="1351,2981 1351,3041 1493,3041 1493,2981"/>
                    <TextEquiv>
                        <Unicode>Fabeln,</Unicode>
                    </TextEquiv>
                </Word>
                <Word id="tr_1_tl_118_w4" custom="readingOrder {index:3;}">
                    <Coords points="1521,2978 1521,3038 1565,3038 1565,2978"/>
                    <TextEquiv>
                        <Unicode>die</Unicode>
                    </TextEquiv>
                </Word>
                <Word id="tr_1_tl_118_w5" custom="readingOrder {index:4;}">
                    <Coords points="1592,2980 1592,3040 1767,3040 1767,2980"/>
                    <TextEquiv>
                        <Unicode>Schnitzler</Unicode>
                    </TextEquiv>
                </Word>
                <Word id="tr_1_tl_118_w6" custom="readingOrder {index:5;}">
                    <Coords points="1801,2977 1801,3037 1827,3037 1827,2977"/>
                    <TextEquiv>
                        <Unicode>in</Unicode>
                    </TextEquiv>
                </Word>
                <Word id="tr_1_tl_118_w7" custom="readingOrder {index:6;}">
                    <Coords points="1861,2978 1861,3038 2030,3038 2030,2978"/>
                    <TextEquiv>
                        <Unicode>Märchen¬</Unicode>
                    </TextEquiv>
                </Word>
                <TextEquiv>
                    <Unicode>fall, daß Fabeln, die Schnitzler in Märchen¬</Unicode>
                </TextEquiv>
            </TextLine>
            <TextLine id="tr_1_tl_119" custom="readingOrder {index:118;}">
                <Coords points="2060,3065 2926,3067 2926,3023 2877,3012 2701,3034 2290,3010 2234,3041 2060,3021"/>
                <Baseline points="2071,3057 2114,3060 2157,3057 2200,3057 2243,3057 2286,3057 2329,3057 2372,3057 2415,3057 2458,3055 2501,3056 2544,3057 2587,3057 2630,3057 2673,3058 2716,3060 2759,3060 2802,3060 2845,3060 2888,3060 2931,3060"/>
                <Word id="tr_1_tl_119_w1" custom="readingOrder {index:0;}">
                    <Coords points="2060,3017 2060,3077 2109,3077 2109,3017"/>
                    <TextEquiv>
                        <Unicode>dem</Unicode>
                    </TextEquiv>
                </Word>
                <Word id="tr_1_tl_119_w2" custom="readingOrder {index:1;}">
                    <Coords points="2153,3017 2153,3077 2195,3077 2195,3017"/>
                    <TextEquiv>
                        <Unicode>die</Unicode>
                    </TextEquiv>
                </Word>
                <Word id="tr_1_tl_119_w3" custom="readingOrder {index:2;}">
                    <Coords points="2223,3017 2223,3077 2396,3077 2396,3017"/>
                    <TextEquiv>
                        <Unicode>„Komödie</Unicode>
                    </TextEquiv>
                </Word>
                <Word id="tr_1_tl_119_w4" custom="readingOrder {index:3;}">
                    <Coords points="2424,3015 2424,3075 2472,3075 2472,3015"/>
                    <TextEquiv>
                        <Unicode>der</Unicode>
                    </TextEquiv>
                </Word>
                <Word id="tr_1_tl_119_w5" custom="readingOrder {index:4;}">
                    <Coords points="2501,3017 2501,3077 2728,3077 2728,3017"/>
                    <TextEquiv>
                        <Unicode>Verführung"</Unicode>
                    </TextEquiv>
                </Word>
                <Word id="tr_1_tl_119_w6" custom="readingOrder {index:5;}">
                    <Coords points="2761,3020 2761,3080 2864,3080 2864,3020"/>
                    <TextEquiv>
                        <Unicode>spielt,</Unicode>
                    </TextEquiv>
                </Word>
                <Word id="tr_1_tl_119_w7" custom="readingOrder {index:6;}">
                    <Coords points="2886,3020 2886,3080 2918,3080 2918,3020"/>
                    <TextEquiv>
                        <Unicode>sie</Unicode>
                    </TextEquiv>
                </Word>
                <TextEquiv>
                    <Unicode>dem die „Komödie der Verführung" spielt, sie</Unicode>
                </TextEquiv>
            </TextLine>
            <TextLine id="tr_1_tl_120" custom="readingOrder {index:119;}">
                <Coords points="276,3076 2027,3070 2027,3025 1854,3017 276,3034"/>
                <Baseline points="289,3066 376,3064 463,3063 550,3063 637,3060 725,3060 812,3061 899,3063 986,3060 1073,3060 1161,3063 1248,3066 1335,3066 1422,3065 1509,3063 1597,3063 1684,3063 1771,3060 1858,3060 1945,3060 2033,3057"/>
                <Word id="tr_1_tl_120_w1" custom="readingOrder {index:0;}">
                    <Coords points="271,3025 271,3085 368,3085 368,3025"/>
                    <TextEquiv>
                        <Unicode>weiß,</Unicode>
                    </TextEquiv>
                </Word>
                <Word id="tr_1_tl_120_w2" custom="readingOrder {index:1;}">
                    <Coords points="396,3023 396,3083 492,3083 492,3023"/>
                    <TextEquiv>
                        <Unicode>dieser</Unicode>
                    </TextEquiv>
                </Word>
                <Word id="tr_1_tl_120_w3" custom="readingOrder {index:2;}">
                    <Coords points="526,3020 526,3080 710,3080 710,3020"/>
                    <TextEquiv>
                        <Unicode>hellsichtige</Unicode>
                    </TextEquiv>
                </Word>
                <Word id="tr_1_tl_120_w4" custom="readingOrder {index:3;}">
                    <Coords points="743,3020 743,3080 857,3080 857,3020"/>
                    <TextEquiv>
                        <Unicode>Greis,</Unicode>
                    </TextEquiv>
                </Word>
                <Word id="tr_1_tl_120_w5" custom="readingOrder {index:4;}">
                    <Coords points="885,3022 885,3082 965,3082 965,3022"/>
                    <TextEquiv>
                        <Unicode>seine</Unicode>
                    </TextEquiv>
                </Word>
                <Word id="tr_1_tl_120_w6" custom="readingOrder {index:5;}">
                    <Coords points="999,3020 999,3080 1144,3080 1144,3020"/>
                    <TextEquiv>
                        <Unicode>Tochter,</Unicode>
                    </TextEquiv>
                </Word>
                <Word id="tr_1_tl_120_w7" custom="readingOrder {index:6;}">
                    <Coords points="1167,3025 1167,3085 1297,3085 1297,3025"/>
                    <TextEquiv>
                        <Unicode>dramen</Unicode>
                    </TextEquiv>
                </Word>
                <Word id="tr_1_tl_120_w8" custom="readingOrder {index:7;}">
                    <Coords points="1341,3025 1341,3085 1405,3085 1405,3025"/>
                    <TextEquiv>
                        <Unicode>oder</Unicode>
                    </TextEquiv>
                </Word>
                <Word id="tr_1_tl_120_w9" custom="readingOrder {index:8;}">
                    <Coords points="1438,3023 1438,3083 1764,3083 1764,3023"/>
                    <TextEquiv>
                        <Unicode>Gesellschaftsstücken</Unicode>
                    </TextEquiv>
                </Word>
                <Word id="tr_1_tl_120_w10" custom="readingOrder {index:9;}">
                    <Coords points="1797,3020 1797,3080 1932,3080 1932,3020"/>
                    <TextEquiv>
                        <Unicode>plastisch</Unicode>
                    </TextEquiv>
                </Word>
                <Word id="tr_1_tl_120_w11" custom="readingOrder {index:10;}">
                    <Coords points="1965,3018 1965,3078 2030,3078 2030,3018"/>
                    <TextEquiv>
                        <Unicode>ent¬</Unicode>
                    </TextEquiv>
                </Word>
                <TextEquiv>
                    <Unicode>weiß, dieser hellsichtige Greis, seine Tochter, dramen oder Gesellschaftsstücken plastisch ent¬</Unicode>
                </TextEquiv>
            </TextLine>
            <TextLine id="tr_1_tl_121" custom="readingOrder {index:120;}">
                <Coords points="2064,3109 2928,3114 2928,3070 2877,3061 2840,3087 2749,3061 2064,3065"/>
                <Baseline points="2077,3098 2119,3098 2162,3098 2205,3098 2248,3100 2291,3101 2334,3101 2376,3101 2419,3099 2462,3098 2505,3098 2548,3098 2591,3099 2634,3101 2676,3101 2719,3101 2762,3101 2805,3102 2848,3103 2891,3101 2934,3104"/>
                <Word id="tr_1_tl_121_w1" custom="readingOrder {index:0;}">
                    <Coords points="2063,3058 2063,3118 2122,3118 2122,3058"/>
                    <TextEquiv>
                        <Unicode>sind</Unicode>
                    </TextEquiv>
                </Word>
                <Word id="tr_1_tl_121_w2" custom="readingOrder {index:1;}">
                    <Coords points="2152,3060 2152,3120 2411,3120 2411,3060"/>
                    <TextEquiv>
                        <Unicode>verschwunden,</Unicode>
                    </TextEquiv>
                </Word>
                <Word id="tr_1_tl_121_w3" custom="readingOrder {index:2;}">
                    <Coords points="2436,3058 2436,3118 2460,3118 2460,3058"/>
                    <TextEquiv>
                        <Unicode>zu</Unicode>
                    </TextEquiv>
                </Word>
                <Word id="tr_1_tl_121_w4" custom="readingOrder {index:3;}">
                    <Coords points="2495,3058 2495,3118 2612,3118 2612,3058"/>
                    <TextEquiv>
                        <Unicode>Schutt</Unicode>
                    </TextEquiv>
                </Word>
                <Word id="tr_1_tl_121_w5" custom="readingOrder {index:4;}">
                    <Coords points="2633,3061 2633,3121 2818,3121 2818,3061"/>
                    <TextEquiv>
                        <Unicode>geworden.</Unicode>
                    </TextEquiv>
                </Word>
                <Word id="tr_1_tl_121_w6" custom="readingOrder {index:5;}">
                    <Coords points="2858,3061 2858,3121 2917,3121 2917,3061"/>
                    <TextEquiv>
                        <Unicode>Ein</Unicode>
                    </TextEquiv>
                </Word>
                <TextEquiv>
                    <Unicode>sind verschwunden, zu Schutt geworden. Ein</Unicode>
                </TextEquiv>
            </TextLine>
            <TextLine id="tr_1_tl_122" custom="readingOrder {index:121;}">
                <Coords points="1808,3116 1863,3118 1881,3109 1898,3118 1912,3109 1978,3105 2033,3114 2033,3074 2009,3065 1978,3072 1943,3067 1934,3076 1896,3065 1867,3076 1808,3067"/>
                <Baseline points="1821,3101 1848,3103 1875,3104 1902,3104 1930,3104 1957,3104 1984,3104 2011,3103 2039,3101"/>
                <Word id="tr_1_tl_122_w1" custom="readingOrder {index:0;}">
                    <Coords points="1813,3064 1813,3124 1963,3124 1963,3064"/>
                    <TextEquiv>
                        <Unicode>meistens</Unicode>
                    </TextEquiv>
                </Word>
                <Word id="tr_1_tl_122_w2" custom="readingOrder {index:1;}">
                    <Coords points="2000,3062 2000,3122 2026,3122 2026,3062"/>
                    <TextEquiv>
                        <Unicode>in</Unicode>
                    </TextEquiv>
                </Word>
                <TextEquiv>
                    <Unicode>meistens in</Unicode>
                </TextEquiv>
            </TextLine>
            <TextLine id="tr_1_tl_123" custom="readingOrder {index:122;}">
                <Coords points="276,3118 1699,3116 1699,3072 1640,3070 276,3076"/>
                <Baseline points="289,3113 359,3110 430,3110 501,3107 572,3107 642,3105 713,3107 784,3107 855,3109 925,3104 996,3104 1067,3107 1138,3105 1208,3110 1279,3110 1350,3110 1421,3107 1491,3106 1562,3106 1633,3106 1704,3104"/>
                <Word id="tr_1_tl_123_w1" custom="readingOrder {index:0;}">
                    <Coords points="276,3071 276,3131 368,3131 368,3071"/>
                    <TextEquiv>
                        <Unicode>dieses</Unicode>
                    </TextEquiv>
                </Word>
                <Word id="tr_1_tl_123_w2" custom="readingOrder {index:1;}">
                    <Coords points="390,3070 390,3130 417,3130 417,3070"/>
                    <TextEquiv>
                        <Unicode>so</Unicode>
                    </TextEquiv>
                </Word>
                <Word id="tr_1_tl_123_w3" custom="readingOrder {index:2;}">
                    <Coords points="439,3067 439,3127 553,3127 553,3067"/>
                    <TextEquiv>
                        <Unicode>ernste,</Unicode>
                    </TextEquiv>
                </Word>
                <Word id="tr_1_tl_123_w4" custom="readingOrder {index:3;}">
                    <Coords points="570,3066 570,3126 629,3126 629,3066"/>
                    <TextEquiv>
                        <Unicode>edle</Unicode>
                    </TextEquiv>
                </Word>
                <Word id="tr_1_tl_123_w5" custom="readingOrder {index:4;}">
                    <Coords points="652,3067 652,3127 825,3127 825,3067"/>
                    <TextEquiv>
                        <Unicode>Mädchen,</Unicode>
                    </TextEquiv>
                </Word>
                <Word id="tr_1_tl_123_w6" custom="readingOrder {index:5;}">
                    <Coords points="843,3066 843,3126 951,3126 951,3066"/>
                    <TextEquiv>
                        <Unicode>„gehe"</Unicode>
                    </TextEquiv>
                </Word>
                <Word id="tr_1_tl_123_w7" custom="readingOrder {index:6;}">
                    <Coords points="979,3064 979,3124 1038,3124 1038,3064"/>
                    <TextEquiv>
                        <Unicode>mit</Unicode>
                    </TextEquiv>
                </Word>
                <Word id="tr_1_tl_123_w8" custom="readingOrder {index:7;}">
                    <Coords points="1049,3066 1049,3126 1136,3126 1136,3066"/>
                    <TextEquiv>
                        <Unicode>ihren</Unicode>
                    </TextEquiv>
                </Word>
                <Word id="tr_1_tl_123_w9" custom="readingOrder {index:8;}">
                    <Coords points="1169,3070 1169,3130 1321,3130 1321,3070"/>
                    <TextEquiv>
                        <Unicode>wickelte,</Unicode>
                    </TextEquiv>
                </Word>
                <Word id="tr_1_tl_123_w10" custom="readingOrder {index:9;}">
                    <Coords points="1365,3067 1365,3127 1468,3127 1468,3067"/>
                    <TextEquiv>
                        <Unicode>später</Unicode>
                    </TextEquiv>
                </Word>
                <Word id="tr_1_tl_123_w11" custom="readingOrder {index:10;}">
                    <Coords points="1518,3066 1518,3126 1680,3126 1680,3066"/>
                    <TextEquiv>
                        <Unicode>irgendwo</Unicode>
                    </TextEquiv>
                </Word>
                <TextEquiv>
                    <Unicode>dieses so ernste, edle Mädchen, „gehe" mit ihren wickelte, später irgendwo</Unicode>
                </TextEquiv>
            </TextLine>
            <TextLine id="tr_1_tl_124" custom="readingOrder {index:123;}">
                <Coords points="2073,3151 2928,3156 2928,3114 2858,3103 2073,3112"/>
                <Baseline points="2086,3140 2128,3143 2170,3143 2213,3145 2255,3144 2298,3145 2340,3144 2382,3143 2425,3145 2467,3144 2510,3144 2552,3145 2594,3143 2637,3144 2679,3146 2722,3146 2764,3146 2806,3146 2849,3146 2891,3146 2934,3146"/>
                <Word id="tr_1_tl_124_w1" custom="readingOrder {index:0;}">
                    <Coords points="2068,3103 2068,3163 2230,3163 2230,3103"/>
                    <TextEquiv>
                        <Unicode>schwarzer</Unicode>
                    </TextEquiv>
                </Word>
                <Word id="tr_1_tl_124_w2" custom="readingOrder {index:1;}">
                    <Coords points="2253,3103 2253,3163 2480,3163 2480,3103"/>
                    <TextEquiv>
                        <Unicode>Florvorhang</Unicode>
                    </TextEquiv>
                </Word>
                <Word id="tr_1_tl_124_w3" custom="readingOrder {index:2;}">
                    <Coords points="2508,3104 2508,3164 2621,3164 2621,3104"/>
                    <TextEquiv>
                        <Unicode>breitet</Unicode>
                    </TextEquiv>
                </Word>
                <Word id="tr_1_tl_124_w4" custom="readingOrder {index:3;}">
                    <Coords points="2643,3105 2643,3165 2687,3165 2687,3105"/>
                    <TextEquiv>
                        <Unicode>sich</Unicode>
                    </TextEquiv>
                </Word>
                <Word id="tr_1_tl_124_w5" custom="readingOrder {index:4;}">
                    <Coords points="2720,3106 2720,3166 2795,3166 2795,3106"/>
                    <TextEquiv>
                        <Unicode>über</Unicode>
                    </TextEquiv>
                </Word>
                <Word id="tr_1_tl_124_w6" custom="readingOrder {index:5;}">
                    <Coords points="2818,3106 2818,3166 2860,3166 2860,3106"/>
                    <TextEquiv>
                        <Unicode>all</Unicode>
                    </TextEquiv>
                </Word>
                <Word id="tr_1_tl_124_w7" custom="readingOrder {index:6;}">
                    <Coords points="2883,3106 2883,3166 2925,3166 2925,3106"/>
                    <TextEquiv>
                        <Unicode>die</Unicode>
                    </TextEquiv>
                </Word>
                <TextEquiv>
                    <Unicode>schwarzer Florvorhang breitet sich über all die</Unicode>
                </TextEquiv>
            </TextLine>
            <TextLine id="tr_1_tl_125" custom="readingOrder {index:124;}">
                <Coords points="1182,3160 2033,3151 2033,3116 1978,3105 1182,3114"/>
                <Baseline points="1194,3149 1236,3152 1278,3149 1320,3149 1363,3152 1405,3149 1447,3149 1489,3147 1532,3146 1574,3148 1616,3151 1658,3150 1701,3148 1743,3146 1785,3146 1827,3146 1870,3146 1912,3146 1954,3146 1996,3146 2039,3143"/>
                <Word id="tr_1_tl_125_w1" custom="readingOrder {index:0;}">
                    <Coords points="1182,3110 1182,3170 1255,3170 1255,3110"/>
                    <TextEquiv>
                        <Unicode>Wien</Unicode>
                    </TextEquiv>
                </Word>
                <Word id="tr_1_tl_125_w2" custom="readingOrder {index:1;}">
                    <Coords points="1277,3109 1277,3169 1287,3169 1287,3109"/>
                    <TextEquiv>
                        <Unicode>—</Unicode>
                    </TextEquiv>
                </Word>
                <Word id="tr_1_tl_125_w3" custom="readingOrder {index:2;}">
                    <Coords points="1325,3110 1325,3170 1351,3170 1351,3110"/>
                    <TextEquiv>
                        <Unicode>in</Unicode>
                    </TextEquiv>
                </Word>
                <Word id="tr_1_tl_125_w4" custom="readingOrder {index:3;}">
                    <Coords points="1368,3109 1368,3169 1415,3169 1415,3109"/>
                    <TextEquiv>
                        <Unicode>der</Unicode>
                    </TextEquiv>
                </Word>
                <Word id="tr_1_tl_125_w5" custom="readingOrder {index:4;}">
                    <Coords points="1431,3106 1431,3166 1627,3166 1627,3106"/>
                    <TextEquiv>
                        <Unicode>Ge,ellschaft</Unicode>
                    </TextEquiv>
                </Word>
                <Word id="tr_1_tl_125_w6" custom="readingOrder {index:5;}">
                    <Coords points="1654,3109 1654,3169 1702,3169 1702,3109"/>
                    <TextEquiv>
                        <Unicode>sich</Unicode>
                    </TextEquiv>
                </Word>
                <Word id="tr_1_tl_125_w7" custom="readingOrder {index:6;}">
                    <Coords points="1734,3106 1734,3166 1802,3166 1802,3106"/>
                    <TextEquiv>
                        <Unicode>auch</Unicode>
                    </TextEquiv>
                </Word>
                <Word id="tr_1_tl_125_w8" custom="readingOrder {index:7;}">
                    <Coords points="1840,3106 1840,3166 1967,3166 1967,3106"/>
                    <TextEquiv>
                        <Unicode>wirklich</Unicode>
                    </TextEquiv>
                </Word>
                <Word id="tr_1_tl_125_w9" custom="readingOrder {index:8;}">
                    <Coords points="1989,3104 1989,3164 2036,3164 2036,3104"/>
                    <TextEquiv>
                        <Unicode>er¬</Unicode>
                    </TextEquiv>
                </Word>
                <TextEquiv>
                    <Unicode>Wien — in der Ge,ellschaft sich auch wirklich er¬</Unicode>
                </TextEquiv>
            </TextLine>
            <TextLine id="tr_1_tl_126" custom="readingOrder {index:125;}">
                <Coords points="283,3171 1143,3154 1143,3116 1092,3109 283,3127"/>
                <Baseline points="295,3155 337,3152 380,3152 423,3150 465,3149 508,3149 551,3147 593,3146 636,3146 679,3148 722,3148 764,3146 807,3147 850,3149 892,3148 935,3146 978,3147 1020,3149 1063,3149 1106,3146 1149,3146"/>
                <Word id="tr_1_tl_126_w1" custom="readingOrder {index:0;}">
                    <Coords points="278,3112 278,3172 428,3172 428,3112"/>
                    <TextEquiv>
                        <Unicode>Freund,</Unicode>
                    </TextEquiv>
                </Word>
                <Word id="tr_1_tl_126_w2" custom="readingOrder {index:1;}">
                    <Coords points="449,3109 449,3169 527,3169 527,3109"/>
                    <TextEquiv>
                        <Unicode>ohne</Unicode>
                    </TextEquiv>
                </Word>
                <Word id="tr_1_tl_126_w3" custom="readingOrder {index:2;}">
                    <Coords points="554,3106 554,3166 704,3166 704,3106"/>
                    <TextEquiv>
                        <Unicode>Aussicht</Unicode>
                    </TextEquiv>
                </Word>
                <Word id="tr_1_tl_126_w4" custom="readingOrder {index:3;}">
                    <Coords points="746,3106 746,3166 777,3166 777,3106"/>
                    <TextEquiv>
                        <Unicode>zu</Unicode>
                    </TextEquiv>
                </Word>
                <Word id="tr_1_tl_126_w5" custom="readingOrder {index:4;}">
                    <Coords points="829,3108 829,3168 949,3168 949,3108"/>
                    <TextEquiv>
                        <Unicode>haben,</Unicode>
                    </TextEquiv>
                </Word>
                <Word id="tr_1_tl_126_w6" custom="readingOrder {index:5;}">
                    <Coords points="970,3107 970,3167 1027,3167 1027,3107"/>
                    <TextEquiv>
                        <Unicode>von</Unicode>
                    </TextEquiv>
                </Word>
                <Word id="tr_1_tl_126_w7" custom="readingOrder {index:6;}">
                    <Coords points="1079,3106 1079,3166 1130,3166 1130,3106"/>
                    <TextEquiv>
                        <Unicode>ihn</Unicode>
                    </TextEquiv>
                </Word>
                <TextEquiv>
                    <Unicode>Freund, ohne Aussicht zu haben, von ihn</Unicode>
                </TextEquiv>
            </TextLine>
            <TextLine id="tr_1_tl_127" custom="readingOrder {index:126;}">
                <Coords points="1178,3200 2926,3198 2926,3160 2809,3149 1178,3158"/>
                <Baseline points="1191,3194 1278,3194 1365,3197 1452,3197 1539,3194 1626,3196 1713,3194 1800,3194 1887,3194 1974,3191 2061,3190 2148,3188 2235,3188 2322,3189 2409,3186 2496,3188 2583,3185 2670,3189 2757,3190 2844,3190 2931,3188"/>
                <Word id="tr_1_tl_127_w1" custom="readingOrder {index:0;}">
                    <Coords points="1173,3154 1173,3214 1327,3214 1327,3154"/>
                    <TextEquiv>
                        <Unicode>eigneten.</Unicode>
                    </TextEquiv>
                </Word>
                <Word id="tr_1_tl_127_w2" custom="readingOrder {index:1;}">
                    <Coords points="1379,3157 1379,3217 1466,3217 1466,3157"/>
                    <TextEquiv>
                        <Unicode>Oder</Unicode>
                    </TextEquiv>
                </Word>
                <Word id="tr_1_tl_127_w3" custom="readingOrder {index:2;}">
                    <Coords points="1503,3154 1503,3214 1647,3214 1647,3154"/>
                    <TextEquiv>
                        <Unicode>ereignet</Unicode>
                    </TextEquiv>
                </Word>
                <Word id="tr_1_tl_127_w4" custom="readingOrder {index:3;}">
                    <Coords points="1679,3154 1679,3214 1802,3214 1802,3154"/>
                    <TextEquiv>
                        <Unicode>hatten,</Unicode>
                    </TextEquiv>
                </Word>
                <Word id="tr_1_tl_127_w5" custom="readingOrder {index:4;}">
                    <Coords points="1855,3153 1855,3213 1931,3213 1931,3153"/>
                    <TextEquiv>
                        <Unicode>ohne</Unicode>
                    </TextEquiv>
                </Word>
                <Word id="tr_1_tl_127_w6" custom="readingOrder {index:5;}">
                    <Coords points="1968,3150 1968,3210 2019,3210 2019,3150"/>
                    <TextEquiv>
                        <Unicode>daß</Unicode>
                    </TextEquiv>
                </Word>
                <Word id="tr_1_tl_127_w7" custom="readingOrder {index:6;}">
                    <Coords points="2057,3148 2057,3208 2206,3208 2206,3148"/>
                    <TextEquiv>
                        <Unicode>Szenen,</Unicode>
                    </TextEquiv>
                </Word>
                <Word id="tr_1_tl_127_w8" custom="readingOrder {index:7;}">
                    <Coords points="2227,3148 2227,3208 2278,3208 2278,3148"/>
                    <TextEquiv>
                        <Unicode>die</Unicode>
                    </TextEquiv>
                </Word>
                <Word id="tr_1_tl_127_w9" custom="readingOrder {index:8;}">
                    <Coords points="2325,3148 2325,3208 2371,3208 2371,3148"/>
                    <TextEquiv>
                        <Unicode>ein</Unicode>
                    </TextEquiv>
                </Word>
                <Word id="tr_1_tl_127_w10" custom="readingOrder {index:9;}">
                    <Coords points="2423,3147 2423,3207 2557,3207 2557,3147"/>
                    <TextEquiv>
                        <Unicode>Dichter</Unicode>
                    </TextEquiv>
                </Word>
                <Word id="tr_1_tl_127_w11" custom="readingOrder {index:10;}">
                    <Coords points="2604,3147 2604,3207 2666,3207 2666,3147"/>
                    <TextEquiv>
                        <Unicode>mit</Unicode>
                    </TextEquiv>
                </Word>
                <Word id="tr_1_tl_127_w12" custom="readingOrder {index:11;}">
                    <Coords points="2713,3150 2713,3210 2924,3210 2924,3150"/>
                    <TextEquiv>
                        <Unicode>zauberischer</Unicode>
                    </TextEquiv>
                </Word>
                <TextEquiv>
                    <Unicode>eigneten. Oder ereignet hatten, ohne daß Szenen, die ein Dichter mit zauberischer</Unicode>
                </TextEquiv>
            </TextLine>
            <TextLine id="tr_1_tl_128" custom="readingOrder {index:127;}">
                <Coords points="274,3211 1145,3200 1145,3151 274,3169"/>
                <Baseline points="286,3200 329,3197 372,3195 415,3194 458,3192 501,3191 544,3191 588,3192 631,3194 674,3193 717,3191 760,3191 803,3191 846,3191 890,3190 933,3189 976,3191 1019,3191 1062,3188 1105,3188 1149,3188"/>
                <Word id="tr_1_tl_128_w1" custom="readingOrder {index:0;}">
                    <Coords points="279,3155 279,3215 455,3215 455,3155"/>
                    <TextEquiv>
                        <Unicode>geheiratet</Unicode>
                    </TextEquiv>
                </Word>
                <Word id="tr_1_tl_128_w2" custom="readingOrder {index:1;}">
                    <Coords points="481,3151 481,3211 511,3211 511,3151"/>
                    <TextEquiv>
                        <Unicode>zu</Unicode>
                    </TextEquiv>
                </Word>
                <Word id="tr_1_tl_128_w3" custom="readingOrder {index:2;}">
                    <Coords points="546,3153 546,3213 688,3213 688,3153"/>
                    <TextEquiv>
                        <Unicode>werden,</Unicode>
                    </TextEquiv>
                </Word>
                <Word id="tr_1_tl_128_w4" custom="readingOrder {index:3;}">
                    <Coords points="714,3151 714,3211 774,3211 774,3151"/>
                    <TextEquiv>
                        <Unicode>und</Unicode>
                    </TextEquiv>
                </Word>
                <Word id="tr_1_tl_128_w5" custom="readingOrder {index:4;}">
                    <Coords points="805,3151 805,3211 839,3211 839,3151"/>
                    <TextEquiv>
                        <Unicode>er</Unicode>
                    </TextEquiv>
                </Word>
                <Word id="tr_1_tl_128_w6" custom="readingOrder {index:5;}">
                    <Coords points="866,3149 866,3209 986,3209 986,3149"/>
                    <TextEquiv>
                        <Unicode>ersticht</Unicode>
                    </TextEquiv>
                </Word>
                <Word id="tr_1_tl_128_w7" custom="readingOrder {index:6;}">
                    <Coords points="1013,3150 1013,3210 1052,3210 1052,3150"/>
                    <TextEquiv>
                        <Unicode>sie</Unicode>
                    </TextEquiv>
                </Word>
                <Word id="tr_1_tl_128_w8" custom="readingOrder {index:7;}">
                    <Coords points="1078,3148 1078,3208 1143,3208 1143,3148"/>
                    <TextEquiv>
                        <Unicode>doch</Unicode>
                    </TextEquiv>
                </Word>
                <TextEquiv>
                    <Unicode>geheiratet zu werden, und er ersticht sie doch</Unicode>
                </TextEquiv>
            </TextLine>
            <TextLine id="tr_1_tl_129" custom="readingOrder {index:128;}">
                <Coords points="2060,3242 2926,3244 2924,3198 2058,3196"/>
                <Baseline points="2071,3230 2114,3233 2157,3230 2200,3230 2243,3230 2286,3230 2329,3230 2372,3230 2415,3230 2458,3230 2501,3230 2544,3230 2587,3230 2630,3230 2673,3231 2716,3233 2759,3233 2802,3233 2845,3233 2888,3232 2931,3230"/>
                <Word id="tr_1_tl_129_w1" custom="readingOrder {index:0;}">
                    <Coords points="2063,3190 2063,3250 2300,3250 2300,3190"/>
                    <TextEquiv>
                        <Unicode>Schöpferkraft</Unicode>
                    </TextEquiv>
                </Word>
                <Word id="tr_1_tl_129_w2" custom="readingOrder {index:1;}">
                    <Coords points="2342,3190 2342,3250 2403,3250 2403,3190"/>
                    <TextEquiv>
                        <Unicode>auf</Unicode>
                    </TextEquiv>
                </Word>
                <Word id="tr_1_tl_129_w3" custom="readingOrder {index:2;}">
                    <Coords points="2430,3190 2430,3250 2481,3250 2481,3190"/>
                    <TextEquiv>
                        <Unicode>den</Unicode>
                    </TextEquiv>
                </Word>
                <Word id="tr_1_tl_129_w4" custom="readingOrder {index:3;}">
                    <Coords points="2533,3190 2533,3250 2682,3250 2682,3190"/>
                    <TextEquiv>
                        <Unicode>Brettern</Unicode>
                    </TextEquiv>
                </Word>
                <Word id="tr_1_tl_129_w5" custom="readingOrder {index:4;}">
                    <Coords points="2714,3193 2714,3253 2826,3253 2826,3193"/>
                    <TextEquiv>
                        <Unicode>unsrer</Unicode>
                    </TextEquiv>
                </Word>
                <Word id="tr_1_tl_129_w6" custom="readingOrder {index:5;}">
                    <Coords points="2853,3191 2853,3251 2925,3251 2925,3191"/>
                    <TextEquiv>
                        <Unicode>vor¬</Unicode>
                    </TextEquiv>
                </Word>
                <TextEquiv>
                    <Unicode>Schöpferkraft auf den Brettern unsrer vor¬</Unicode>
                </TextEquiv>
            </TextLine>
            <TextLine id="tr_1_tl_130" custom="readingOrder {index:129;}">
                <Coords points="276,3253 1143,3240 1143,3200 1098,3193 276,3213"/>
                <Baseline points="289,3239 332,3239 375,3239 418,3237 461,3234 504,3235 547,3236 590,3236 633,3235 676,3234 719,3236 762,3235 805,3233 848,3234 891,3235 934,3233 977,3233 1020,3233 1063,3233 1106,3233 1149,3233"/>
                <Word id="tr_1_tl_130_w1" custom="readingOrder {index:0;}">
                    <Coords points="281,3199 281,3259 379,3259 379,3199"/>
                    <TextEquiv>
                        <Unicode>nicht!</Unicode>
                    </TextEquiv>
                </Word>
                <Word id="tr_1_tl_130_w2" custom="readingOrder {index:1;}">
                    <Coords points="421,3195 421,3255 467,3255 467,3195"/>
                    <TextEquiv>
                        <Unicode>Er</Unicode>
                    </TextEquiv>
                </Word>
                <Word id="tr_1_tl_130_w3" custom="readingOrder {index:2;}">
                    <Coords points="494,3195 494,3255 576,3255 576,3195"/>
                    <TextEquiv>
                        <Unicode>hätte</Unicode>
                    </TextEquiv>
                </Word>
                <Word id="tr_1_tl_130_w4" custom="readingOrder {index:3;}">
                    <Coords points="602,3195 602,3255 638,3255 638,3195"/>
                    <TextEquiv>
                        <Unicode>sie</Unicode>
                    </TextEquiv>
                </Word>
                <Word id="tr_1_tl_130_w5" custom="readingOrder {index:4;}">
                    <Coords points="685,3195 685,3255 809,3255 809,3195"/>
                    <TextEquiv>
                        <Unicode>morden</Unicode>
                    </TextEquiv>
                </Word>
                <Word id="tr_1_tl_130_w6" custom="readingOrder {index:5;}">
                    <Coords points="846,3194 846,3254 959,3254 959,3194"/>
                    <TextEquiv>
                        <Unicode>müssen</Unicode>
                    </TextEquiv>
                </Word>
                <Word id="tr_1_tl_130_w7" custom="readingOrder {index:6;}">
                    <Coords points="1012,3193 1012,3253 1069,3253 1069,3193"/>
                    <TextEquiv>
                        <Unicode>wie</Unicode>
                    </TextEquiv>
                </Word>
                <Word id="tr_1_tl_130_w8" custom="readingOrder {index:7;}">
                    <Coords points="1095,3193 1095,3253 1146,3253 1146,3193"/>
                    <TextEquiv>
                        <Unicode>der</Unicode>
                    </TextEquiv>
                </Word>
                <TextEquiv>
                    <Unicode>nicht! Er hätte sie morden müssen wie der</Unicode>
                </TextEquiv>
            </TextLine>
            <TextLine id="tr_1_tl_131" custom="readingOrder {index:130;}">
                <Coords points="1174,3246 1240,3260 1269,3244 1297,3258 1319,3244 1350,3255 1569,3244 1569,3200 1554,3198 1498,3193 1417,3211 1381,3198 1257,3211 1174,3200"/>
                <Baseline points="1185,3239 1210,3239 1236,3239 1262,3239 1288,3239 1314,3238 1340,3237 1366,3236 1391,3236 1417,3236 1443,3236 1469,3236 1495,3236 1521,3236 1547,3236 1573,3236"/>
                <Word id="tr_1_tl_131_w1" custom="readingOrder {index:0;}">
                    <Coords points="1174,3199 1174,3259 1343,3259 1343,3199"/>
                    <TextEquiv>
                        <Unicode>Schnitzler</Unicode>
                    </TextEquiv>
                </Word>
                <Word id="tr_1_tl_131_w2" custom="readingOrder {index:1;}">
                    <Coords points="1371,3196 1371,3256 1402,3256 1402,3196"/>
                    <TextEquiv>
                        <Unicode>es</Unicode>
                    </TextEquiv>
                </Word>
                <Word id="tr_1_tl_131_w3" custom="readingOrder {index:2;}">
                    <Coords points="1431,3196 1431,3256 1561,3256 1561,3196"/>
                    <TextEquiv>
                        <Unicode>wußte!</Unicode>
                    </TextEquiv>
                </Word>
                <TextEquiv>
                    <Unicode>Schnitzler es wußte!</Unicode>
                </TextEquiv>
            </TextLine>
            <TextLine id="tr_1_tl_132" custom="readingOrder {index:131;}">
                <Coords points="2062,3282 2917,3280 2917,3244 2851,3233 2062,3244"/>
                <Baseline points="2074,3272 2116,3275 2158,3275 2201,3275 2243,3275 2286,3275 2328,3275 2370,3273 2413,3274 2455,3275 2498,3275 2540,3274 2582,3273 2625,3275 2667,3275 2710,3276 2752,3278 2794,3275 2837,3278 2879,3275 2922,3272"/>
                <Word id="tr_1_tl_132_w1" custom="readingOrder {index:0;}">
                    <Coords points="2057,3235 2057,3295 2206,3295 2206,3235"/>
                    <TextEquiv>
                        <Unicode>nehmsten</Unicode>
                    </TextEquiv>
                </Word>
                <Word id="tr_1_tl_132_w2" custom="readingOrder {index:1;}">
                    <Coords points="2244,3233 2244,3293 2545,3293 2545,3233"/>
                    <TextEquiv>
                        <Unicode>Schauspielbühne</Unicode>
                    </TextEquiv>
                </Word>
                <Word id="tr_1_tl_132_w3" custom="readingOrder {index:2;}">
                    <Coords points="2572,3233 2572,3293 2625,3293 2625,3233"/>
                    <TextEquiv>
                        <Unicode>hat</Unicode>
                    </TextEquiv>
                </Word>
                <Word id="tr_1_tl_132_w4" custom="readingOrder {index:3;}">
                    <Coords points="2652,3236 2652,3296 2780,3296 2780,3236"/>
                    <TextEquiv>
                        <Unicode>erstehen</Unicode>
                    </TextEquiv>
                </Word>
                <Word id="tr_1_tl_132_w5" custom="readingOrder {index:4;}">
                    <Coords points="2819,3236 2819,3296 2904,3296 2904,3236"/>
                    <TextEquiv>
                        <Unicode>lassen</Unicode>
                    </TextEquiv>
                </Word>
                <TextEquiv>
                    <Unicode>nehmsten Schauspielbühne hat erstehen lassen</Unicode>
                </TextEquiv>
            </TextLine>
            <TextLine id="tr_1_tl_133" custom="readingOrder {index:132;}">
                <Coords points="972,3282 1008,3288 1045,3280 1065,3295 1087,3282 1107,3291 1114,3286 1140,3291 1140,3242 1103,3244 1092,3238 1085,3244 1059,3242 1045,3253 1039,3246 994,3242 990,3235 972,3240"/>
                <Baseline points="985,3278 1011,3278 1038,3278 1065,3278 1092,3278 1119,3277 1146,3275"/>
                <Word id="tr_1_tl_133_w1" custom="readingOrder {index:0;}">
                    <Coords points="983,3238 983,3298 1016,3298 1016,3238"/>
                    <TextEquiv>
                        <Unicode>in</Unicode>
                    </TextEquiv>
                </Word>
                <Word id="tr_1_tl_133_w2" custom="readingOrder {index:1;}">
                    <Coords points="1055,3237 1055,3297 1132,3297 1132,3237"/>
                    <TextEquiv>
                        <Unicode>feier</Unicode>
                    </TextEquiv>
                </Word>
                <TextEquiv>
                    <Unicode>in feier</Unicode>
                </TextEquiv>
            </TextLine>
            <TextLine id="tr_1_tl_134" custom="readingOrder {index:133;}">
                <Coords points="283,3293 911,3295 897,3242 491,3238 466,3255 409,3235 283,3253"/>
                <Baseline points="295,3287 325,3284 356,3282 387,3280 418,3278 449,3278 480,3279 511,3281 542,3279 573,3278 604,3278 634,3278 665,3278 696,3278 727,3278 758,3278 789,3278 820,3278 851,3278 882,3278 913,3278"/>
                <Word id="tr_1_tl_134_w1" custom="readingOrder {index:0;}">
                    <Coords points="278,3241 278,3301 450,3301 450,3241"/>
                    <TextEquiv>
                        <Unicode>ritterliche</Unicode>
                    </TextEquiv>
                </Word>
                <Word id="tr_1_tl_134_w2" custom="readingOrder {index:1;}">
                    <Coords points="482,3239 482,3299 580,3299 580,3239"/>
                    <TextEquiv>
                        <Unicode>Vater</Unicode>
                    </TextEquiv>
                </Word>
                <Word id="tr_1_tl_134_w3" custom="readingOrder {index:2;}">
                    <Coords points="612,3238 612,3298 732,3298 732,3238"/>
                    <TextEquiv>
                        <Unicode>Emilia</Unicode>
                    </TextEquiv>
                </Word>
                <Word id="tr_1_tl_134_w4" custom="readingOrder {index:3;}">
                    <Coords points="769,3238 769,3298 899,3298 899,3238"/>
                    <TextEquiv>
                        <Unicode>Galotti</Unicode>
                    </TextEquiv>
                </Word>
                <TextEquiv>
                    <Unicode>ritterliche Vater Emilia Galotti</Unicode>
                </TextEquiv>
            </TextLine>
            <TextLine id="tr_1_tl_135" custom="readingOrder {index:134;}">
                <Coords points="1260,3291 1996,3291 2024,3284 2027,3224 1775,3255 1646,3231 1260,3244"/>
                <Baseline points="1271,3281 1310,3281 1350,3283 1390,3284 1430,3284 1470,3282 1510,3282 1550,3283 1590,3281 1630,3281 1670,3278 1710,3278 1750,3280 1790,3279 1830,3278 1870,3278 1910,3277 1950,3275 1990,3275 2030,3275"/>
                <Word id="tr_1_tl_135_w1" custom="readingOrder {index:0;}">
                    <Coords points="1261,3241 1261,3301 1332,3301 1332,3241"/>
                    <TextEquiv>
                        <Unicode>Fast</Unicode>
                    </TextEquiv>
                </Word>
                <Word id="tr_1_tl_135_w2" custom="readingOrder {index:1;}">
                    <Coords points="1361,3242 1361,3302 1561,3302 1561,3242"/>
                    <TextEquiv>
                        <Unicode>gleichzeitig,</Unicode>
                    </TextEquiv>
                </Word>
                <Word id="tr_1_tl_135_w3" custom="readingOrder {index:2;}">
                    <Coords points="1590,3239 1590,3299 1717,3299 1717,3239"/>
                    <TextEquiv>
                        <Unicode>nachdem</Unicode>
                    </TextEquiv>
                </Word>
                <Word id="tr_1_tl_135_w4" custom="readingOrder {index:3;}">
                    <Coords points="1774,3238 1774,3298 1857,3298 1857,3238"/>
                    <TextEquiv>
                        <Unicode>„Der</Unicode>
                    </TextEquiv>
                </Word>
                <Word id="tr_1_tl_135_w5" custom="readingOrder {index:4;}">
                    <Coords points="1891,3235 1891,3295 2013,3295 2013,3235"/>
                    <TextEquiv>
                        <Unicode>Schleie</Unicode>
                    </TextEquiv>
                </Word>
                <TextEquiv>
                    <Unicode>Fast gleichzeitig, nachdem „Der Schleie</Unicode>
                </TextEquiv>
            </TextLine>
            <TextLine id="tr_1_tl_136" custom="readingOrder {index:135;}">
                <Coords points="2064,3333 2919,3335 2906,3282 2064,3280"/>
                <Baseline points="2077,3319 2119,3319 2161,3319 2204,3317 2246,3318 2289,3319 2331,3319 2373,3317 2416,3316 2458,3316 2501,3317 2543,3318 2585,3316 2628,3316 2670,3317 2713,3319 2755,3319 2797,3319 2840,3316 2882,3319 2925,3319"/>
                <Word id="tr_1_tl_136_w1" custom="readingOrder {index:0;}">
                    <Coords points="2064,3279 2064,3339 2216,3339 2216,3279"/>
                    <TextEquiv>
                        <Unicode>Diesmal</Unicode>
                    </TextEquiv>
                </Word>
                <Word id="tr_1_tl_136_w2" custom="readingOrder {index:1;}">
                    <Coords points="2249,3278 2249,3338 2319,3338 2319,3278"/>
                    <TextEquiv>
                        <Unicode>aber</Unicode>
                    </TextEquiv>
                </Word>
                <Word id="tr_1_tl_136_w3" custom="readingOrder {index:2;}">
                    <Coords points="2357,3276 2357,3336 2395,3336 2395,3276"/>
                    <TextEquiv>
                        <Unicode>ist</Unicode>
                    </TextEquiv>
                </Word>
                <Word id="tr_1_tl_136_w4" custom="readingOrder {index:3;}">
                    <Coords points="2428,3276 2428,3336 2476,3336 2476,3276"/>
                    <TextEquiv>
                        <Unicode>der</Unicode>
                    </TextEquiv>
                </Word>
                <Word id="tr_1_tl_136_w5" custom="readingOrder {index:4;}">
                    <Coords points="2510,3277 2510,3337 2591,3337 2591,3277"/>
                    <TextEquiv>
                        <Unicode>Flor</Unicode>
                    </TextEquiv>
                </Word>
                <Word id="tr_1_tl_136_w6" custom="readingOrder {index:5;}">
                    <Coords points="2619,3279 2619,3339 2905,3339 2905,3279"/>
                    <TextEquiv>
                        <Unicode>undurchdringlich</Unicode>
                    </TextEquiv>
                </Word>
                <TextEquiv>
                    <Unicode>Diesmal aber ist der Flor undurchdringlich</Unicode>
                </TextEquiv>
            </TextLine>
            <TextLine id="tr_1_tl_137" custom="readingOrder {index:136;}">
                <Coords points="283,3335 2033,3328 2033,3286 1761,3277 283,3291"/>
                <Baseline points="295,3328 382,3325 469,3325 556,3322 643,3320 731,3321 818,3322 905,3322 992,3322 1079,3321 1167,3320 1254,3324 1341,3325 1428,3322 1515,3322 1603,3322 1690,3322 1777,3322 1864,3322 1951,3319 2039,3319"/>
                <Word id="tr_1_tl_137_w1" custom="readingOrder {index:0;}">
                    <Coords points="278,3287 278,3347 365,3347 365,3287"/>
                    <TextEquiv>
                        <Unicode>licher</Unicode>
                    </TextEquiv>
                </Word>
                <Word id="tr_1_tl_137_w2" custom="readingOrder {index:1;}">
                    <Coords points="402,3283 402,3343 624,3343 624,3283"/>
                    <TextEquiv>
                        <Unicode>Entrüstung,</Unicode>
                    </TextEquiv>
                </Word>
                <Word id="tr_1_tl_137_w3" custom="readingOrder {index:2;}">
                    <Coords points="671,3280 671,3340 732,3340 732,3280"/>
                    <TextEquiv>
                        <Unicode>mit</Unicode>
                    </TextEquiv>
                </Word>
                <Word id="tr_1_tl_137_w4" custom="readingOrder {index:3;}">
                    <Coords points="764,3281 764,3341 867,3341 867,3281"/>
                    <TextEquiv>
                        <Unicode>Degen</Unicode>
                    </TextEquiv>
                </Word>
                <Word id="tr_1_tl_137_w5" custom="readingOrder {index:4;}">
                    <Coords points="904,3282 904,3342 965,3342 965,3282"/>
                    <TextEquiv>
                        <Unicode>und</Unicode>
                    </TextEquiv>
                </Word>
                <Word id="tr_1_tl_137_w6" custom="readingOrder {index:5;}">
                    <Coords points="1002,3281 1002,3341 1141,3341 1141,3281"/>
                    <TextEquiv>
                        <Unicode>Pluder=</Unicode>
                    </TextEquiv>
                </Word>
                <Word id="tr_1_tl_137_w7" custom="readingOrder {index:6;}">
                    <Coords points="1168,3281 1168,3341 1224,3341 1224,3281"/>
                    <TextEquiv>
                        <Unicode>der</Unicode>
                    </TextEquiv>
                </Word>
                <Word id="tr_1_tl_137_w8" custom="readingOrder {index:7;}">
                    <Coords points="1256,3284 1256,3344 1420,3344 1420,3284"/>
                    <TextEquiv>
                        <Unicode>Beatrice“</Unicode>
                    </TextEquiv>
                </Word>
                <Word id="tr_1_tl_137_w9" custom="readingOrder {index:8;}">
                    <Coords points="1478,3282 1478,3342 1519,3342 1519,3282"/>
                    <TextEquiv>
                        <Unicode>an</Unicode>
                    </TextEquiv>
                </Word>
                <Word id="tr_1_tl_137_w10" custom="readingOrder {index:9;}">
                    <Coords points="1576,3282 1576,3342 1829,3342 1829,3282"/>
                    <TextEquiv>
                        <Unicode>reichsdeutschen</Unicode>
                    </TextEquiv>
                </Word>
                <Word id="tr_1_tl_137_w11" custom="readingOrder {index:10;}">
                    <Coords points="1892,3279 1892,3339 2026,3339 2026,3279"/>
                    <TextEquiv>
                        <Unicode>Bühnen</Unicode>
                    </TextEquiv>
                </Word>
                <TextEquiv>
                    <Unicode>licher Entrüstung, mit Degen und Pluder= der Beatrice“ an reichsdeutschen Bühnen</Unicode>
                </TextEquiv>
            </TextLine>
            <TextLine id="tr_1_tl_138" custom="readingOrder {index:137;}">
                <Coords points="2060,3372 2922,3366 2922,3333 2884,3326 2060,3333"/>
                <Baseline points="2071,3361 2113,3361 2156,3361 2199,3361 2242,3361 2285,3361 2328,3361 2370,3361 2413,3361 2456,3361 2499,3360 2542,3359 2585,3361 2628,3361 2670,3362 2713,3364 2756,3364 2799,3361 2842,3364 2885,3364 2928,3358"/>
                <Word id="tr_1_tl_138_w1" custom="readingOrder {index:0;}">
                    <Coords points="2060,3321 2060,3381 2123,3381 2123,3321"/>
                    <TextEquiv>
                        <Unicode>nur</Unicode>
                    </TextEquiv>
                </Word>
                <Word id="tr_1_tl_138_w2" custom="readingOrder {index:1;}">
                    <Coords points="2150,3321 2150,3381 2197,3381 2197,3321"/>
                    <TextEquiv>
                        <Unicode>die</Unicode>
                    </TextEquiv>
                </Word>
                <Word id="tr_1_tl_138_w3" custom="readingOrder {index:2;}">
                    <Coords points="2246,3321 2246,3381 2495,3381 2495,3321"/>
                    <TextEquiv>
                        <Unicode>Persönlichkeit</Unicode>
                    </TextEquiv>
                </Word>
                <Word id="tr_1_tl_138_w4" custom="readingOrder {index:3;}">
                    <Coords points="2538,3320 2538,3380 2590,3380 2590,3320"/>
                    <TextEquiv>
                        <Unicode>des</Unicode>
                    </TextEquiv>
                </Word>
                <Word id="tr_1_tl_138_w5" custom="readingOrder {index:4;}">
                    <Coords points="2644,3324 2644,3384 2792,3384 2792,3324"/>
                    <TextEquiv>
                        <Unicode>Dichters</Unicode>
                    </TextEquiv>
                </Word>
                <Word id="tr_1_tl_138_w6" custom="readingOrder {index:5;}">
                    <Coords points="2825,3324 2825,3384 2920,3384 2920,3324"/>
                    <TextEquiv>
                        <Unicode>Artur</Unicode>
                    </TextEquiv>
                </Word>
                <TextEquiv>
                    <Unicode>nur die Persönlichkeit des Dichters Artur</Unicode>
                </TextEquiv>
            </TextLine>
            <TextLine id="tr_1_tl_139" custom="readingOrder {index:138;}">
                <Coords points="283,3386 1845,3372 1825,3328 283,3335"/>
                <Baseline points="295,3376 372,3370 450,3370 528,3367 606,3364 684,3364 761,3364 839,3367 917,3367 995,3364 1073,3362 1150,3367 1228,3367 1306,3367 1384,3367 1462,3366 1539,3367 1617,3366 1695,3367 1773,3364 1851,3361"/>
                <Word id="tr_1_tl_139_w1" custom="readingOrder {index:0;}">
                    <Coords points="283,3330 283,3390 456,3390 456,3330"/>
                    <TextEquiv>
                        <Unicode>hosen....</Unicode>
                    </TextEquiv>
                </Word>
                <Word id="tr_1_tl_139_w2" custom="readingOrder {index:1;}">
                    <Coords points="506,3326 506,3386 576,3386 576,3326"/>
                    <TextEquiv>
                        <Unicode>Und</Unicode>
                    </TextEquiv>
                </Word>
                <Word id="tr_1_tl_139_w3" custom="readingOrder {index:2;}">
                    <Coords points="609,3324 609,3384 712,3384 712,3324"/>
                    <TextEquiv>
                        <Unicode>Vater</Unicode>
                    </TextEquiv>
                </Word>
                <Word id="tr_1_tl_139_w4" custom="readingOrder {index:3;}">
                    <Coords points="740,3326 740,3386 891,3386 891,3326"/>
                    <TextEquiv>
                        <Unicode>Weyring</Unicode>
                    </TextEquiv>
                </Word>
                <Word id="tr_1_tl_139_w5" custom="readingOrder {index:4;}">
                    <Coords points="941,3324 941,3384 1032,3384 1032,3324"/>
                    <TextEquiv>
                        <Unicode>hatte</Unicode>
                    </TextEquiv>
                </Word>
                <Word id="tr_1_tl_139_w6" custom="readingOrder {index:5;}">
                    <Coords points="1077,3324 1077,3384 1147,3384 1147,3324"/>
                    <TextEquiv>
                        <Unicode>doch</Unicode>
                    </TextEquiv>
                </Word>
                <Word id="tr_1_tl_139_w7" custom="readingOrder {index:6;}">
                    <Coords points="1186,3327 1186,3387 1337,3387 1337,3327"/>
                    <TextEquiv>
                        <Unicode>neuerlich</Unicode>
                    </TextEquiv>
                </Word>
                <Word id="tr_1_tl_139_w8" custom="readingOrder {index:7;}">
                    <Coords points="1376,3326 1376,3386 1570,3386 1570,3326"/>
                    <TextEquiv>
                        <Unicode>auftauchte,</Unicode>
                    </TextEquiv>
                </Word>
                <Word id="tr_1_tl_139_w9" custom="readingOrder {index:8;}">
                    <Coords points="1599,3326 1599,3386 1756,3386 1756,3326"/>
                    <TextEquiv>
                        <Unicode>ereignete</Unicode>
                    </TextEquiv>
                </Word>
                <Word id="tr_1_tl_139_w10" custom="readingOrder {index:9;}">
                    <Coords points="1789,3322 1789,3382 1837,3382 1837,3322"/>
                    <TextEquiv>
                        <Unicode>sich</Unicode>
                    </TextEquiv>
                </Word>
                <TextEquiv>
                    <Unicode>hosen.... Und Vater Weyring hatte doch neuerlich auftauchte, ereignete sich</Unicode>
                </TextEquiv>
            </TextLine>
            <TextLine id="tr_1_tl_140" custom="readingOrder {index:139;}">
                <Coords points="2069,3419 2612,3408 2930,3439 2915,3368 2069,3370"/>
                <Baseline points="2080,3406 2122,3405 2165,3404 2208,3405 2251,3406 2294,3406 2337,3406 2379,3404 2422,3404 2465,3406 2508,3406 2551,3406 2594,3406 2637,3406 2679,3406 2722,3407 2765,3409 2808,3409 2851,3406 2894,3406 2937,3403"/>
                <Word id="tr_1_tl_140_w1" custom="readingOrder {index:0;}">
                    <Coords points="2069,3364 2069,3424 2245,3424 2245,3364"/>
                    <TextEquiv>
                        <Unicode>Schnitzler,</Unicode>
                    </TextEquiv>
                </Word>
                <Word id="tr_1_tl_140_w2" custom="readingOrder {index:1;}">
                    <Coords points="2267,3366 2267,3426 2309,3426 2309,3366"/>
                    <TextEquiv>
                        <Unicode>die</Unicode>
                    </TextEquiv>
                </Word>
                <Word id="tr_1_tl_140_w3" custom="readingOrder {index:2;}">
                    <Coords points="2331,3365 2331,3425 2357,3425 2357,3365"/>
                    <TextEquiv>
                        <Unicode>in</Unicode>
                    </TextEquiv>
                </Word>
                <Word id="tr_1_tl_140_w4" custom="readingOrder {index:3;}">
                    <Coords points="2389,3364 2389,3424 2442,3424 2442,3364"/>
                    <TextEquiv>
                        <Unicode>das</Unicode>
                    </TextEquiv>
                </Word>
                <Word id="tr_1_tl_140_w5" custom="readingOrder {index:4;}">
                    <Coords points="2469,3366 2469,3426 2597,3426 2597,3366"/>
                    <TextEquiv>
                        <Unicode>Dunkel</Unicode>
                    </TextEquiv>
                </Word>
                <Word id="tr_1_tl_140_w6" custom="readingOrder {index:5;}">
                    <Coords points="2613,3366 2613,3426 2746,3426 2746,3366"/>
                    <TextEquiv>
                        <Unicode>getreten</Unicode>
                    </TextEquiv>
                </Word>
                <Word id="tr_1_tl_140_w7" custom="readingOrder {index:6;}">
                    <Coords points="2779,3369 2779,3429 2826,3429 2826,3369"/>
                    <TextEquiv>
                        <Unicode>ist,</Unicode>
                    </TextEquiv>
                </Word>
                <Word id="tr_1_tl_140_w8" custom="readingOrder {index:7;}">
                    <Coords points="2843,3366 2843,3426 2917,3426 2917,3366"/>
                    <TextEquiv>
                        <Unicode>wird</Unicode>
                    </TextEquiv>
                </Word>
                <TextEquiv>
                    <Unicode>Schnitzler, die in das Dunkel getreten ist, wird</Unicode>
                </TextEquiv>
            </TextLine>
            <TextLine id="tr_1_tl_141" custom="readingOrder {index:140;}">
                <Coords points="281,3430 1856,3426 2035,3414 2038,3372 283,3386"/>
                <Baseline points="292,3421 379,3413 466,3412 554,3409 641,3409 728,3409 816,3409 903,3409 990,3407 1078,3409 1165,3408 1252,3409 1340,3412 1427,3411 1514,3409 1602,3409 1689,3408 1776,3406 1864,3406 1951,3406 2039,3403"/>
                <Word id="tr_1_tl_141_w1" custom="readingOrder {index:0;}">
                    <Coords points="281,3375 281,3435 416,3435 416,3375"/>
                    <TextEquiv>
                        <Unicode>geahnt,</Unicode>
                    </TextEquiv>
                </Word>
                <Word id="tr_1_tl_141_w2" custom="readingOrder {index:1;}">
                    <Coords points="437,3372 437,3432 481,3432 481,3372"/>
                    <TextEquiv>
                        <Unicode>die</Unicode>
                    </TextEquiv>
                </Word>
                <Word id="tr_1_tl_141_w3" custom="readingOrder {index:2;}">
                    <Coords points="512,3369 512,3429 597,3429 597,3369"/>
                    <TextEquiv>
                        <Unicode>arme</Unicode>
                    </TextEquiv>
                </Word>
                <Word id="tr_1_tl_141_w4" custom="readingOrder {index:3;}">
                    <Coords points="628,3369 628,3429 783,3429 783,3369"/>
                    <TextEquiv>
                        <Unicode>Christine</Unicode>
                    </TextEquiv>
                </Word>
                <Word id="tr_1_tl_141_w5" custom="readingOrder {index:4;}">
                    <Coords points="814,3369 814,3429 909,3429 909,3369"/>
                    <TextEquiv>
                        <Unicode>werde</Unicode>
                    </TextEquiv>
                </Word>
                <Word id="tr_1_tl_141_w6" custom="readingOrder {index:5;}">
                    <Coords points="960,3367 960,3427 1009,3427 1009,3367"/>
                    <TextEquiv>
                        <Unicode>nie</Unicode>
                    </TextEquiv>
                </Word>
                <Word id="tr_1_tl_141_w7" custom="readingOrder {index:6;}">
                    <Coords points="1055,3368 1055,3428 1145,3428 1145,3368"/>
                    <TextEquiv>
                        <Unicode>mehr</Unicode>
                    </TextEquiv>
                </Word>
                <Word id="tr_1_tl_141_w8" custom="readingOrder {index:7;}">
                    <Coords points="1172,3368 1172,3428 1241,3428 1241,3368"/>
                    <TextEquiv>
                        <Unicode>nur</Unicode>
                    </TextEquiv>
                </Word>
                <Word id="tr_1_tl_141_w9" custom="readingOrder {index:8;}">
                    <Coords points="1267,3370 1267,3430 1352,3430 1352,3370"/>
                    <TextEquiv>
                        <Unicode>einen</Unicode>
                    </TextEquiv>
                </Word>
                <Word id="tr_1_tl_141_w10" custom="readingOrder {index:9;}">
                    <Coords points="1383,3371 1383,3431 1458,3431 1458,3371"/>
                    <TextEquiv>
                        <Unicode>Fall</Unicode>
                    </TextEquiv>
                </Word>
                <Word id="tr_1_tl_141_w11" custom="readingOrder {index:10;}">
                    <Coords points="1478,3369 1478,3429 1674,3429 1674,3369"/>
                    <TextEquiv>
                        <Unicode>anzuführen</Unicode>
                    </TextEquiv>
                </Word>
                <Word id="tr_1_tl_141_w12" custom="readingOrder {index:11;}">
                    <Coords points="1705,3367 1705,3427 1719,3427 1719,3367"/>
                    <TextEquiv>
                        <Unicode>—</Unicode>
                    </TextEquiv>
                </Word>
                <Word id="tr_1_tl_141_w13" custom="readingOrder {index:12;}">
                    <Coords points="1770,3366 1770,3426 1795,3426 1795,3366"/>
                    <TextEquiv>
                        <Unicode>in</Unicode>
                    </TextEquiv>
                </Word>
                <Word id="tr_1_tl_141_w14" custom="readingOrder {index:13;}">
                    <Coords points="1831,3366 1831,3426 1880,3426 1880,3366"/>
                    <TextEquiv>
                        <Unicode>der</Unicode>
                    </TextEquiv>
                </Word>
                <Word id="tr_1_tl_141_w15" custom="readingOrder {index:14;}">
                    <Coords points="1906,3365 1906,3425 2031,3425 2031,3365"/>
                    <TextEquiv>
                        <Unicode>Wiener</Unicode>
                    </TextEquiv>
                </Word>
                <TextEquiv>
                    <Unicode>geahnt, die arme Christine werde nie mehr nur einen Fall anzuführen — in der Wiener</Unicode>
                </TextEquiv>
            </TextLine>
            <TextLine id="tr_1_tl_142" custom="readingOrder {index:141;}">
                <Coords points="1182,3463 2756,3454 2756,3419 2654,3410 1182,3414"/>
                <Baseline points="1194,3451 1272,3454 1350,3454 1429,3453 1507,3454 1585,3454 1664,3453 1742,3453 1820,3451 1899,3448 1977,3448 2055,3448 2134,3451 2212,3451 2290,3451 2369,3451 2447,3448 2525,3448 2604,3448 2682,3448 2761,3448"/>
                <Word id="tr_1_tl_142_w1" custom="readingOrder {index:0;}">
                    <Coords points="1177,3414 1177,3474 1372,3474 1372,3414"/>
                    <TextEquiv>
                        <Unicode>Gesellschaft</Unicode>
                    </TextEquiv>
                </Word>
                <Word id="tr_1_tl_142_w2" custom="readingOrder {index:1;}">
                    <Coords points="1403,3413 1403,3473 1444,3473 1444,3413"/>
                    <TextEquiv>
                        <Unicode>ein</Unicode>
                    </TextEquiv>
                </Word>
                <Word id="tr_1_tl_142_w3" custom="readingOrder {index:2;}">
                    <Coords points="1480,3414 1480,3474 1625,3474 1625,3414"/>
                    <TextEquiv>
                        <Unicode>Drama,</Unicode>
                    </TextEquiv>
                </Word>
                <Word id="tr_1_tl_142_w4" custom="readingOrder {index:3;}">
                    <Coords points="1672,3413 1672,3473 1728,3473 1728,3413"/>
                    <TextEquiv>
                        <Unicode>das</Unicode>
                    </TextEquiv>
                </Word>
                <Word id="tr_1_tl_142_w5" custom="readingOrder {index:4;}">
                    <Coords points="1764,3411 1764,3471 1816,3471 1816,3411"/>
                    <TextEquiv>
                        <Unicode>dem</Unicode>
                    </TextEquiv>
                </Word>
                <Word id="tr_1_tl_142_w6" custom="readingOrder {index:5;}">
                    <Coords points="1863,3408 1863,3468 2027,3468 2027,3408"/>
                    <TextEquiv>
                        <Unicode>Beatrices</Unicode>
                    </TextEquiv>
                </Word>
                <Word id="tr_1_tl_142_w7" custom="readingOrder {index:6;}">
                    <Coords points="2069,3409 2069,3469 2125,3469 2125,3409"/>
                    <TextEquiv>
                        <Unicode>mit</Unicode>
                    </TextEquiv>
                </Word>
                <Word id="tr_1_tl_142_w8" custom="readingOrder {index:7;}">
                    <Coords points="2152,3411 2152,3471 2233,3471 2233,3411"/>
                    <TextEquiv>
                        <Unicode>ihrer</Unicode>
                    </TextEquiv>
                </Word>
                <Word id="tr_1_tl_142_w9" custom="readingOrder {index:8;}">
                    <Coords points="2260,3411 2260,3471 2347,3471 2347,3411"/>
                    <TextEquiv>
                        <Unicode>Helle</Unicode>
                    </TextEquiv>
                </Word>
                <Word id="tr_1_tl_142_w10" custom="readingOrder {index:9;}">
                    <Coords points="2373,3408 2373,3468 2486,3468 2486,3408"/>
                    <TextEquiv>
                        <Unicode>immer</Unicode>
                    </TextEquiv>
                </Word>
                <Word id="tr_1_tl_142_w11" custom="readingOrder {index:10;}">
                    <Coords points="2513,3408 2513,3468 2759,3468 2759,3408"/>
                    <TextEquiv>
                        <Unicode>durchdringen.</Unicode>
                    </TextEquiv>
                </Word>
                <TextEquiv>
                    <Unicode>Gesellschaft ein Drama, das dem Beatrices mit ihrer Helle immer durchdringen.</Unicode>
                </TextEquiv>
            </TextLine>
            <TextLine id="tr_1_tl_143" custom="readingOrder {index:142;}">
                <Coords points="281,3470 1147,3456 1147,3421 1083,3414 281,3430"/>
                <Baseline points="292,3457 335,3457 378,3457 421,3457 464,3455 507,3454 550,3454 593,3454 636,3454 679,3454 722,3453 765,3452 808,3454 851,3454 894,3453 937,3451 980,3451 1023,3454 1066,3451 1109,3451 1152,3451"/>
                <Word id="tr_1_tl_143_w1" custom="readingOrder {index:0;}">
                    <Coords points="281,3417 281,3477 321,3477 321,3417"/>
                    <TextEquiv>
                        <Unicode>ein</Unicode>
                    </TextEquiv>
                </Word>
                <Word id="tr_1_tl_143_w2" custom="readingOrder {index:1;}">
                    <Coords points="362,3417 362,3477 478,3477 478,3417"/>
                    <TextEquiv>
                        <Unicode>andres</Unicode>
                    </TextEquiv>
                </Word>
                <Word id="tr_1_tl_143_w3" custom="readingOrder {index:2;}">
                    <Coords points="520,3414 520,3474 718,3474 718,3414"/>
                    <TextEquiv>
                        <Unicode>Liebesglück</Unicode>
                    </TextEquiv>
                </Word>
                <Word id="tr_1_tl_143_w4" custom="readingOrder {index:3;}">
                    <Coords points="769,3414 769,3474 911,3474 911,3414"/>
                    <TextEquiv>
                        <Unicode>erleben,</Unicode>
                    </TextEquiv>
                </Word>
                <Word id="tr_1_tl_143_w5" custom="readingOrder {index:4;}">
                    <Coords points="963,3412 963,3472 1039,3472 1039,3412"/>
                    <TextEquiv>
                        <Unicode>denn</Unicode>
                    </TextEquiv>
                </Word>
                <Word id="tr_1_tl_143_w6" custom="readingOrder {index:5;}">
                    <Coords points="1080,3411 1080,3471 1150,3471 1150,3411"/>
                    <TextEquiv>
                        <Unicode>ihre</Unicode>
                    </TextEquiv>
                </Word>
                <TextEquiv>
                    <Unicode>ein andres Liebesglück erleben, denn ihre</Unicode>
                </TextEquiv>
            </TextLine>
            <TextLine id="tr_1_tl_144" custom="readingOrder {index:143;}">
                <Coords points="2495,3525 2561,3512 2614,3523 2641,3507 2672,3527 2718,3529 2765,3501 2895,3505 2895,3437 2849,3461 2734,3454 2707,3474 2683,3456 2495,3452"/>
                <Baseline points="2507,3498 2533,3494 2559,3494 2585,3496 2612,3494 2638,3493 2664,3495 2690,3495 2717,3493 2743,3494 2769,3496 2795,3496 2822,3496 2848,3496 2874,3496 2901,3496"/>
                <Word id="tr_1_tl_144_w1" custom="readingOrder {index:0;}">
                    <Coords points="2502,3455 2502,3515 2679,3515 2679,3455"/>
                    <TextEquiv>
                        <Unicode>Julius</Unicode>
                    </TextEquiv>
                </Word>
                <Word id="tr_1_tl_144_w2" custom="readingOrder {index:1;}">
                    <Coords points="2715,3456 2715,3516 2886,3516 2886,3456"/>
                    <TextEquiv>
                        <Unicode>Stern.</Unicode>
                    </TextEquiv>
                </Word>
                <TextEquiv>
                    <Unicode>Julius Stern.</Unicode>
                </TextEquiv>
            </TextLine>
            <TextLine id="tr_1_tl_145" custom="readingOrder {index:144;}">
                <Coords points="283,3532 2060,3509 1985,3454 283,3467"/>
                <Baseline points="295,3504 383,3501 471,3501 560,3497 648,3498 736,3498 825,3497 913,3498 1001,3497 1090,3498 1178,3501 1266,3498 1355,3498 1443,3498 1531,3498 1620,3496 1708,3496 1796,3496 1885,3496 1973,3496 2062,3498"/>
                <Word id="tr_1_tl_145_w1" custom="readingOrder {index:0;}">
                    <Coords points="283,3462 283,3522 399,3522 399,3462"/>
                    <TextEquiv>
                        <Unicode>Sonne</Unicode>
                    </TextEquiv>
                </Word>
                <Word id="tr_1_tl_145_w2" custom="readingOrder {index:1;}">
                    <Coords points="431,3460 431,3520 531,3520 531,3460"/>
                    <TextEquiv>
                        <Unicode>werde</Unicode>
                    </TextEquiv>
                </Word>
                <Word id="tr_1_tl_145_w3" custom="readingOrder {index:2;}">
                    <Coords points="558,3457 558,3517 626,3517 626,3457"/>
                    <TextEquiv>
                        <Unicode>bald</Unicode>
                    </TextEquiv>
                </Word>
                <Word id="tr_1_tl_145_w4" custom="readingOrder {index:3;}">
                    <Coords points="658,3458 658,3518 806,3518 806,3458"/>
                    <TextEquiv>
                        <Unicode>erlöschen</Unicode>
                    </TextEquiv>
                </Word>
                <Word id="tr_1_tl_145_w5" custom="readingOrder {index:4;}">
                    <Coords points="843,3457 843,3517 853,3517 853,3457"/>
                    <TextEquiv>
                        <Unicode>—</Unicode>
                    </TextEquiv>
                </Word>
                <Word id="tr_1_tl_145_w6" custom="readingOrder {index:5;}">
                    <Coords points="912,3457 912,3517 975,3517 975,3457"/>
                    <TextEquiv>
                        <Unicode>was</Unicode>
                    </TextEquiv>
                </Word>
                <Word id="tr_1_tl_145_w7" custom="readingOrder {index:6;}">
                    <Coords points="1007,3457 1007,3517 1033,3517 1033,3457"/>
                    <TextEquiv>
                        <Unicode>ja</Unicode>
                    </TextEquiv>
                </Word>
                <Word id="tr_1_tl_145_w8" custom="readingOrder {index:7;}">
                    <Coords points="1071,3458 1071,3518 1139,3518 1139,3458"/>
                    <TextEquiv>
                        <Unicode>auch</Unicode>
                    </TextEquiv>
                </Word>
                <Word id="tr_1_tl_145_w9" custom="readingOrder {index:8;}">
                    <Coords points="1166,3459 1166,3519 1265,3519 1265,3459"/>
                    <TextEquiv>
                        <Unicode>glich:</Unicode>
                    </TextEquiv>
                </Word>
                <Word id="tr_1_tl_145_w10" custom="readingOrder {index:9;}">
                    <Coords points="1287,3458 1287,3518 1366,3518 1366,3458"/>
                    <TextEquiv>
                        <Unicode>Eine</Unicode>
                    </TextEquiv>
                </Word>
                <Word id="tr_1_tl_145_w11" custom="readingOrder {index:10;}">
                    <Coords points="1393,3458 1393,3518 1493,3518 1493,3458"/>
                    <TextEquiv>
                        <Unicode>schöne</Unicode>
                    </TextEquiv>
                </Word>
                <Word id="tr_1_tl_145_w12" custom="readingOrder {index:11;}">
                    <Coords points="1520,3457 1520,3517 1614,3517 1614,3457"/>
                    <TextEquiv>
                        <Unicode>junge</Unicode>
                    </TextEquiv>
                </Word>
                <Word id="tr_1_tl_145_w13" custom="readingOrder {index:12;}">
                    <Coords points="1641,3456 1641,3516 1768,3516 1768,3456"/>
                    <TextEquiv>
                        <Unicode>Wiener</Unicode>
                    </TextEquiv>
                </Word>
                <Word id="tr_1_tl_145_w14" custom="readingOrder {index:13;}">
                    <Coords points="1795,3456 1795,3516 1894,3516 1894,3456"/>
                    <TextEquiv>
                        <Unicode>Dame</Unicode>
                    </TextEquiv>
                </Word>
                <Word id="tr_1_tl_145_w15" custom="readingOrder {index:14;}">
                    <Coords points="1922,3456 1922,3516 2027,3516 2027,3456"/>
                    <TextEquiv>
                        <Unicode>beging</Unicode>
                    </TextEquiv>
                </Word>
                <TextEquiv>
                    <Unicode>Sonne werde bald erlöschen — was ja auch glich: Eine schöne junge Wiener Dame beging</Unicode>
                </TextEquiv>
            </TextLine>
            <TextEquiv>
                <Unicode></Unicode>
            </TextEquiv>
        </TextRegion>
    </Page>
</PcGts>
