3436 4352
158 374 222 434 2

336 371 924 431 Schnitzler's
996 373 1223 433 Death

1435 374 1567 434 box
1646 377 1840 437 43/1

740 814 1066 874 RVER

427 870 452 930 I.
466 870 584 930 österr.
597 870 750 930 behördl.
763 873 1064 933 konzessioniertes

374 912 614 972 Unternehmen
645 912 693 972 für
719 912 1113 972 Zeitungs-Ausschnitte

438 970 584 1030 WIEN,
612 971 659 1031 I.,
686 974 974 1034 WOLLZEILE
1021 971 1061 1031 11

528 1022 748 1082 TELEPHON
785 1022 962 1082 R-23-0-43

318 1162 554 1222 Ausschnitt
577 1163 669 1223 aus:

254 1320 475 1380 AUSSCHNITT
488 1318 576 1378 VOM:

670 1362 687 1422 2
715 1365 761 1425 3.
789 1365 881 1425 OKT.
901 1365 1001 1425 1931

253 1512 503 1572 Berliner
554 1508 968 1568 Volkszeitung.
1009 1503 1179 1563 Berlin

648 1565 889 1625 genausgabe

429 1838 2025 1898 DaBaleles

2293 1855 2820 1915 ata

419 1989 729 2049 cwischen
793 1996 1277 2056 Naturalismus
1316 2001 1427 2061 und
1478 2002 1926 2062 Neuromantik
1990 2006 2150 2066 /Zum
2226 2010 2374 2070 Sode
2438 2010 2649 2070 Arthur
2700 2013 3073 2073 Schnitalers

509 2115 586 2175 „Wir
608 2115 690 2175 wissen
717 2118 794 2178 nichts
821 2119 862 2179 von
889 2121 1018 2181 anderen,
1035 2122 1117 2182 nichts
1139 2125 1180 2185 von
1207 2124 1274 2184 uns.

1365 2127 1430 2187 Wir
1451 2130 1548 2190 spielen
1574 2128 1696 2188 immer,
1713 2130 1768 2190 wer
1789 2131 1814 2191 es
1840 2133 1926 2193 weiß,
1942 2133 1977 2193 ist
1993 2134 2069 2194 klug.

2248 2136 2295 2196 den
2325 2138 2365 2198 die
2390 2138 2490 2198 jungen
2526 2138 2609 2198 Leute
2633 2138 2780 2198 schwerlich
2805 2141 2875 2201 recht
2899 2144 3040 2204 behalten,
3065 2141 3105 2201 die

505 2148 568 2208 Wir
592 2150 677 2210 spielen
705 2153 809 2213 immer.
838 2153 901 2213 Wer
919 2156 942 2216 es
965 2156 1046 2216 weiß,
1060 2159 1091 2219 ist
1110 2159 1173 2219 klug.

1372 2170 1459 2230 Nein,
1480 2171 1515 2231 ein
1541 2171 1710 2231 Naturalist
1731 2174 1762 2234 ist
1783 2174 1844 2234 man
1875 2175 2013 2235 eigentlich
2045 2177 2111 2237 nicht
2137 2177 2188 2237 mit

2246 2180 2326 2240 heute
2352 2180 2463 2240 Arthur
2495 2180 2646 2240 Schnitzler
2672 2180 2728 2240 mit
2753 2183 2844 2243 seinem
2885 2186 2992 2246 ganzen
3023 2186 3103 2246 Werk

1330 2213 1417 2273 dieser
1444 2216 1650 2276 Wissenschaft,
1672 2218 1712 2278 die

467 2211 527 2271 Mit
552 2214 592 2274 dem
628 2216 744 2276 Wiener
770 2216 876 2276 Arthur
901 2218 1047 2278 Schnitzler
1073 2219 1103 2279 ist
1124 2221 1163 2281 die
1184 2222 1269 2282 nächst

2247 2222 2288 2282 als
2312 2222 2368 2282 eine
2392 2222 2481 2282 Sache
2505 2222 2551 2282 von
2579 2225 2757 2285 vorgestern,
2776 2225 2818 2285 als
2846 2228 2987 2288 nunmehr
3011 2228 3089 2288 gleich

401 2258 533 2318 Gerhart
557 2258 735 2318 Hauptmann
768 2261 941 2321 bekannteste
964 2264 1014 2324 und
1042 2267 1257 2327 merkwürdigst

2248 2264 2360 2324 giltigen
2396 2264 2544 2324 Ausdruck
2574 2264 2652 2324 einer
2682 2267 2795 2327 kranken
2830 2270 2908 2330 Zeit,
2934 2270 3012 2330 einer
3047 2270 3106 2330 tod¬

1362 2282 1427 2342 alle
1458 2282 1569 2342 Natur
1605 2285 1629 2345 in
1670 2285 1715 2345 ein
1756 2288 2015 2348 fragwürdiges
2051 2290 2151 2350 Spiel

399 2300 505 2360 Person
535 2300 578 2360 des
602 2303 791 2363 literarischen
820 2306 1024 2366 Deutschlands
1048 2309 1096 2369 von
1131 2309 1193 2369 1890
1218 2309 1266 2369 aus

2248 2309 2391 2369 geweihten
2426 2311 2515 2371 Klasse
2545 2312 2569 2372 zu
2599 2312 2643 2372 den
2674 2312 2757 2372 Akten
2788 2312 2861 2372 legen
2891 2312 3010 2372 wollen.
3050 2315 3103 2375 Ge¬

1364 2327 1416 2387 der
1451 2329 1677 2389 menschlichen
1717 2330 1813 2390 Seele
1843 2332 1973 2392 auflöst
2002 2333 2065 2393 und
2104 2333 2152 2393 die

394 2341 443 2401 der
471 2341 548 2401 Welt
571 2346 731 2406 gegangc.
798 2348 930 2408 Camals
958 2350 1019 2410 war
1047 2353 1074 2413 ja
1102 2352 1146 2412 die
1169 2351 1251 2411 litero

2246 2350 2296 2410 wiß
2332 2351 2387 2411 war
2418 2352 2535 2412 Arthur
2566 2353 2717 2413 Schnitzler
2743 2353 2783 2413 ein
2814 2356 3027 2416 Repräsentant
3053 2356 3098 2416 des

1354 2368 1503 2428 Grenzen
1543 2371 1692 2431 zwischen
1732 2374 1851 2434 Traum
1906 2374 1970 2434 und
2005 2377 2139 2437 Wachen

385 2384 472 2444 rische
493 2389 811 2449 Morgendämmtung
833 2392 879 2452 des
905 2395 1178 2455 „Naturalismus".
1194 2395 1260 2455 Eine

2245 2395 2363 2455 Wiener
2393 2395 2609 2455 Bürgertums,
2629 2396 2683 2456 das
2718 2398 2821 2458 bereits
2851 2398 2954 2458 fühlte,
2979 2401 3028 2461 daß
3063 2401 3101 2461 die

1581 2416 1770 2476 einstürzen
1802 2416 1925 2476 macht.

397 2432 481 2492 Fülle
514 2431 599 2491 neuer
632 2434 754 2494 Taleite
782 2435 890 2495 täuchte
924 2437 1088 2497 namentlich
1126 2440 1182 2500 auch
1215 2440 1247 2500 au

2241 2440 2301 2500 Zeit
2329 2438 2416 2498 seiner
2449 2440 2634 2500 spielerischen
2668 2440 2826 2500 Schönheit
2854 2443 2952 2503 vorbei
2980 2444 3023 2504 ist,
3051 2446 3099 2506 daß

1326 2473 1491 2533 Tatsächlich
1522 2473 1553 2533 ist
1579 2476 1728 2536 Schnitzler
1755 2476 1822 2536 schon
1858 2478 1904 2538 der
1931 2479 2033 2539 nächste
2060 2479 2183 2539 Nachbat

389 2470 436 2530 dem
469 2476 593 2536 Theater
617 2476 684 2536 auf.
718 2478 793 2538 Aber
818 2479 865 2539 von
894 2479 931 2539 all
951 2480 994 2540 den
1023 2482 1123 2542 jungen
1152 2485 1251 2545 Leuten

2249 2479 2287 2539 die
2309 2482 2495 2542 Katastrophe
2517 2482 2604 2542 nahe.
2638 2482 2708 2542 Eben

1323 2515 1371 2575 des
1405 2518 1534 2578 Wieners
1568 2518 1813 2578 Hofmannsthal,
1837 2522 1900 2582 der,
1924 2524 2053 2584 fünfzehn
2092 2524 2188 2584 Jahre

396 2518 438 2578 die
471 2518 584 2578 damals
617 2521 645 2581 im
693 2521 806 2581 Gefolge
840 2524 1047 2584 Hauptmanns
1086 2526 1146 2586 eine
1185 2527 1255 2587 neue

2401 2544 2626 2604 leichtsinnige
2652 2544 2935 2604 Melaucholiker!

1323 2559 1427 2619 jünger
1451 2559 1496 2619 als
1524 2560 1569 2620 er,
1588 2560 1633 2620 ihm
1674 2562 1728 2622 doch
1761 2562 1783 2622 im
1825 2562 1897 2622 Tode
1925 2565 2180 2625 vorausgeganger

396 2561 480 2621 große
506 2562 571 2622 Zeit
596 2563 810 2623 anzukündigen
841 2568 960 2628 schienen
996 2569 1040 2629 für
1070 2568 1115 2628 das
1145 2571 1244 2631 deutsch

1324 2604 1373 2664 ist;
1401 2601 1450 2661 und
1483 2604 1714 2664 Hofmannsthal
1737 2604 1795 2664 war
1823 2604 1845 2664 ja
1873 2605 1918 2665 der
1946 2607 2113 2667 Begründer
2137 2607 2168 2667 de

2245 2602 2314 2662 Aber
2343 2604 2407 2664 weil
2430 2604 2459 2664 er
2483 2604 2551 2664 diese
2575 2607 2819 2667 Schicksalsstunde
2843 2608 2865 2668 in
2895 2610 2941 2670 der
2965 2611 3028 2671 Zeit
3046 2610 3086 2670 mi

388 2606 517 2666 Drama,
538 2607 588 2667 hat
613 2607 759 2667 eigentlich
794 2609 849 2669 nur
884 2611 959 2671 einer
995 2613 1054 2673 eine
1080 2613 1245 2673 selbständig

1324 2646 1589 2706 „Neuromantik",
1604 2646 1643 2706 die
1663 2646 1707 2706 sich
1732 2646 1756 2706 im
1791 2651 2006 2711 phantastischen
2031 2650 2119 2710 Spiel
2135 2649 2183 2709 der

2232 2646 2281 2706 dem
2327 2646 2431 2706 wachen
2472 2648 2660 2708 menschlichen
2695 2649 2785 2709 Ernst
2825 2652 2899 2712 eines
2940 2655 3093 2715 wirklicher

392 2648 445 2708 und
470 2649 661 2709 interessante
681 2652 871 2712 Entwicklung
906 2657 1018 2717 gehabt,
1038 2658 1086 2718 hat
1111 2658 1150 2718 ein
1180 2658 1262 2718 Men¬

1324 2687 1421 2747 Stoffe
1450 2688 1505 2748 und
1539 2688 1585 2748 der
1614 2689 1734 2749 Formen
1773 2691 1870 2751 wieder
1904 2694 1974 2754 ganz
2007 2694 2053 2754 vom
2096 2694 2170 2754 Natu

2242 2691 2370 2751 Dichters
2395 2691 2483 2751 erlebt
2508 2691 2563 2751 und
2588 2694 2706 2754 oftmals
2731 2694 2784 2754 mit
2810 2694 2854 2754 der
2879 2697 2982 2757 großen
3012 2694 3100 2754 Kunst

402 2691 551 2751 schenalter
575 2693 628 2753 und
657 2694 758 2754 länger
783 2698 936 2758 ernsthafte
961 2700 1048 2760 Köpfe
1072 2700 1192 2760 ernstlich
1222 2700 1250 2760 be

1319 2729 1467 2789 ralismus
1491 2732 1659 2792 abwandle.
1694 2732 1765 2792 Auch
1789 2735 1943 2795 Schnitzler
1967 2735 2015 2795 hat
2034 2735 2058 2795 in
2088 2735 2188 2795 jambi¬

2243 2733 2317 2793 eines
2348 2732 2408 2792 sehr
2439 2732 2614 2792 kultivierten
2650 2735 2867 2795 Schriftstellers
2903 2739 3083 2799 aufgezeichne

397 2735 538 2795 schäftigen
569 2738 694 2798 können,
716 2738 768 2798 und
800 2741 846 2801 das
872 2741 935 2801 war
961 2744 1071 2804 Arthur
1103 2747 1269 2807 Schnitzler.

1327 2775 1393 2835 schen
1427 2774 1661 2834 Kostümdramen
1700 2777 1753 2837 und
1787 2777 1810 2837 in
1844 2780 2059 2840 phantastischen
2093 2777 2174 2837 Spuk

2243 2777 2307 2837 hat,
2327 2776 2410 2836 darum
2451 2777 2519 2837 wird
2544 2777 2593 2837 der
2618 2779 2687 2839 Kern
2717 2780 2805 2840 seines
2831 2779 2938 2839 Werkes
2964 2780 3101 2840 überzeit¬

481 2804 569 2864 War
603 2806 630 2866 er
664 2807 837 2867 eigentlich
876 2810 920 2870 ein
960 2813 1176 2873 Naturalist?

1325 2817 1477 2877 geschichten
1512 2819 1599 2879 später
1629 2819 1707 2879 mehr
1732 2819 1776 2879 als
1801 2819 1909 2879 einmal
1934 2822 1972 2882 die
1997 2821 2183 2881 künstlerische

2233 2819 2283 2879 lich
2304 2819 2395 2879 leben,
2416 2819 2482 2879 wird
2508 2819 2578 2879 nicht
2599 2822 2772 2882 vergänglich
2798 2823 2869 2883 sein.
2900 2822 2981 2882 Denn
3007 2825 3093 2885 etwas

1317 2858 1417 2918 Flucht
1442 2861 1494 2921 aus
1524 2861 1566 2921 der
1596 2861 1784 2921 Wirklichkeit
1803 2861 1943 2921 versucht.
1968 2862 2005 2922 Er
2030 2865 2092 2925 war
2117 2864 2183 2924 frei¬

2241 2861 2293 2921 von
2328 2861 2371 2921 dem
2414 2862 2567 2922 fragenden
2602 2864 2731 2924 Zweifel,
2756 2864 2798 2924 der
2827 2865 2894 2925 diese
2924 2867 3091 2927 Generation

392 2861 433 2921 Er
465 2867 506 2927 kam
548 2867 651 2927 freilich
683 2868 703 2928 im
745 2870 854 2930 Zeichen
891 2873 979 2933 dieser
1000 2874 1181 2934 Bewegung,
1203 2876 1254 2936 und

1321 2903 1366 2963 lich
1397 2906 1457 2966 doch
1493 2906 1522 2966 zu
1564 2906 1629 2966 sehr
1665 2906 1700 2966 an
1741 2906 1787 2966 den
1823 2907 2066 2967 Gesellschaftsstil
2097 2909 2167 2969 seine

2235 2906 2369 2966 zerfraß,
2394 2906 2466 2966 wird
2501 2906 2587 2966 (wenn
2626 2908 2689 2968 auch
2723 2909 2857 2969 vielleicht
2887 2909 2935 2969 von
2974 2909 3094 2969 anderen

392 2906 420 2966 er
445 2909 517 2969 hatte
542 2911 624 2971 etwas
649 2912 697 2972 von
727 2912 774 2972 der
789 2915 993 2975 scharfäugigen
1022 2918 1071 2978 und
1096 2921 1259 2981 schonungs¬

1314 2946 1421 3006 älteren
1449 2947 1622 3007 Generation
1651 2947 1809 3007 gebunden,
1824 2950 1851 3010 um
1885 2950 1964 3010 darin
1992 2950 2076 3010 völlig
2100 2950 2184 3010 glück¬

2233 2947 2354 3007 Kräften
2380 2947 2537 3007 gebändigt
2558 2950 2608 3010 und
2634 2950 2755 3010 gelenkt)
2776 2951 2796 3011 in
2827 2951 2897 3011 jeder
2918 2952 3090 3012 Generation

384 2953 459 3013 losen
494 2953 689 3013 Psychologie,
714 2956 769 3016 mit
794 2956 844 3016 der
875 2958 934 3018 man
970 2959 1084 3019 damals
1115 2962 1139 3022 im
1180 2963 1259 3023 Zeit¬

1309 2995 1333 3055 zu
1368 2992 1436 3052 sein.
1475 2992 1514 3052 Es
1539 2992 1602 3052 gibt
1627 2992 1704 3052 neben
1739 2992 1826 3052 seinen
1861 2992 1919 3052 sehr
1944 2993 2095 3053 geglückten
2125 2994 2168 3054 Ar

2239 2989 2286 3049 des
2313 2992 2621 3052 Menschengeschlechts
2654 2993 2743 3053 leben,
2771 2995 2813 3055 die
2840 2995 2908 3055 nicht
2936 2995 3009 3055 ganz
3037 2994 3100 3054 ver¬

381 2995 455 3055 alter
481 2995 606 3055 Ibsens,
627 2999 752 3059 Tolstois
783 3001 833 3061 und
863 3001 953 3061 Zolas
979 3001 1024 3061 die
1050 3004 1140 3064 matt,
1160 3004 1245 3064 unter

2238 3034 2375 3094 stumpfen
2410 3034 2464 3094 und
2499 3036 2645 3096 verflachen
2685 3034 2758 3094 will.
2798 3037 2881 3097 Wenn
2921 3038 2979 3098 auch
3009 3038 3092 3098 dieses

1313 3034 1418 3094 beiten,
1437 3034 1487 3094 von
1515 3034 1597 3094 denen
1625 3034 1657 3094 ich
1685 3035 1744 3095 eben
1772 3035 1812 3095 die
1836 3037 2000 3097 wichtigsten
2028 3037 2188 3097 erwähnte,

388 3040 521 3100 halten,
535 3040 613 3100 flach,
632 3041 714 3101 leblos
737 3043 907 3103 gewordene
930 3046 1072 3106 Literatur
1096 3048 1247 3108 erneuerte

1314 3076 1483 3136 überhaupt
1512 3076 1569 3136 eine
1604 3077 1719 3137 ziemlich
1753 3078 1845 3138 große
1874 3079 1989 3139 Anzahl
2020 3079 2082 3139 halb
2111 3079 2187 3139 miß¬

2241 3076 2344 3136 Heute,
2365 3076 2431 3136 diese
2458 3078 2566 3138 jüngste
2592 3080 2653 3140 Zeit
2675 3079 2912 3139 Vergangenheit
2934 3081 2984 3141 sein
3016 3079 3098 3139 wird,

392 3082 466 3142 Aber
486 3085 571 3145 dieser
595 3085 788 3145 norddensche
807 3088 1034 3148 Naturalismus
1053 3091 1128 3151 eines
1153 3094 1251 3154 Haupt

1313 3118 1429 3178 ratener
1452 3118 1595 3178 Produkte
1618 3121 1640 3181 in
1667 3121 1837 3181 Schnitzlers
1860 3121 1958 3181 Werk,
1977 3121 2030 3181 und
2053 3121 2173 3181 nament

2242 3118 2296 3178 und
2316 3118 2384 3178 viele
2400 3121 2478 3181 ihrer
2499 3121 2562 3181 heut
2583 3121 2637 3181 nur
2657 3121 2696 3181 dem
2731 3121 2804 3181 Tage
2825 3123 2958 3183 wichtigen
2983 3124 3091 3184 Größen

385 3124 465 3184 mann
500 3126 585 3186 stellte
615 3126 655 3186 die
691 3126 830 3186 Menschen
861 3131 910 3191 fest
936 3132 985 3192 und
1016 3134 1110 3194 trotzig
1141 3135 1190 3195 auf
1216 3135 1255 3195 die

1317 3162 1366 3222 lich
1391 3162 1415 3222 in
1445 3162 1489 3222 den
1519 3162 1603 3222 letzten
1638 3162 1702 3222 zwei
1722 3163 1919 3223 Jahrzehnten
1949 3163 1998 3223 hat
2018 3163 2047 3223 er
2068 3164 2111 3224 sich
2137 3162 2180 3222 als

2241 3162 2312 3222 ganz
2342 3162 2480 3222 vergessen
2514 3162 2591 3222 sind,
2615 3162 2682 3222 wird
2716 3162 2778 3222 noch
2807 3165 2931 3225 manches
2961 3166 3022 3226 Ohr
3051 3164 3099 3224 auf

390 3167 480 3227 Erde,
511 3168 562 3228 und
597 3168 627 3228 da
662 3170 825 3230 entstanden
860 3173 933 3233 dann
981 3176 1079 3236 Werke
1119 3177 1170 3237 wie
1214 3177 1256 3237 die

1316 3204 1507 3264 Dramatiker
1534 3204 1588 3264 wie
1611 3204 1657 3264 als
1680 3205 1815 3265 Erzähler
1848 3207 1957 3267 vielfach
1989 3207 2043 3267 nur
2067 3207 2184 3267 wieder¬

2235 3203 2282 3263 den
2312 3204 2683 3264 ironisch-melancholischen
2718 3207 2771 3267 Ton
2800 3207 2940 3267 lauschen,
2959 3207 3007 3267 der
3032 3207 3099 3267 einst

383 3210 517 3270 „Weber“
545 3213 614 3273 oder
642 3214 697 3274 wie
725 3215 771 3275 der
804 3219 988 3279 „Biberpelz“
1021 3219 1071 3279 mit
1100 3219 1145 3279 der
1174 3221 1242 3281 glück

2237 3246 2302 3306 über
2330 3246 2368 3306 die
2396 3249 2494 3309 Lippen
2522 3249 2636 3309 Arthur
2664 3249 2834 3309 Schnitzlers
2857 3247 2933 3307 kam.

1317 3249 1398 3309 holt.
1442 3248 1498 3308 Urd
1537 3249 1763 3309 Wiederholung
1797 3249 1926 3309 bedeutet
1956 3249 2171 3309 Abschwächung

382 3255 461 3315 lichen
500 3255 599 3315 Diebin
632 3258 679 3318 der
713 3259 825 3319 Mutter
859 3261 986 3321 Wolfen,
1015 3264 1076 3324 oder
1110 3265 1171 3325 auch
1204 3264 1251 3324 wie

1317 3291 1371 3351 und
1396 3291 1430 3351 ist
1451 3291 1475 3351 im
1515 3291 1634 3351 Grunde
1659 3293 1713 3353 nur
1738 3292 1921 3352 überflüssig.
1951 3294 2084 3354 Dennoch
2114 3291 2183 3351 wer¬

2854 3294 2952 3354 dulne
2972 3297 3024 3357 Bad

382 3297 428 3357 der
457 3300 604 3360 großartig
628 3302 847 3362 melancholische
876 3306 1008 3366 „Florian
1037 3307 1165 3367 Geyer“.
1184 3309 1255 3369 Aber

385 3340 465 3400 wenn
496 3341 540 3401 der
568 3341 683 3401 Wiener
710 3347 860 3407 Schnitzler
888 3348 1025 3408 Gestalten
1056 3350 1145 3410 seiner
1172 3352 1251 3412 Seele

382 3386 537 3446 aufstellte,
552 3386 576 3446 so
601 3386 736 3446 entdeckte
761 3389 789 3449 er
814 3392 950 3452 plötzlich,
970 3392 1018 3452 daß
1047 3393 1081 3453 sie
1106 3393 1153 3453 gar
1183 3396 1255 3456 nicht

388 3428 438 3488 fest
461 3428 511 3488 und
544 3429 685 3489 eigentlich
718 3433 786 3493 nicht
814 3434 868 3494 sehr
897 3434 942 3494 auf
965 3434 1015 3494 der
1038 3436 1106 3496 Erde
1130 3438 1239 3498 standen

389 3473 443 3533 und
471 3473 520 3533 daß
553 3473 584 3533 sie
612 3474 680 3534 nicht
707 3476 766 3536 sehr
789 3476 926 3536 erbittert
949 3479 994 3539 dem
1026 3480 1153 3540 Schicksal
1177 3482 1244 3542 trotz

384 3513 454 3573 ten,
472 3515 587 3575 sondern
619 3517 671 3577 mit
694 3518 768 3578 einem
809 3520 901 3580 klugen
933 3520 1038 3580 Lächeln
1070 3523 1167 3583 wichen
1199 3526 1247 3586 und

375 3558 554 3618 vergingen.
597 3559 649 3619 Die
678 3561 749 3621 erste
773 3562 824 3622 und
858 3565 1128 3625 charakteristischste
1152 3568 1256 3628 Figur,

375 3598 422 3658 die
446 3601 498 3661 der
527 3604 626 3664 junge,
645 3604 773 3664 elegante
797 3606 916 3666 Wiener
945 3608 1015 3668 Arzt
1040 3610 1086 3670 von
1125 3611 1167 3671 sich
1196 3612 1253 3672 los¬

379 3643 457 3703 löste,
476 3646 517 3706 als
545 3646 572 3706 er
601 3647 753 3707 literarisch
785 3650 808 3710 zu
836 3651 960 3711 arbeiten
993 3654 1118 3714 begann,
1141 3655 1200 3715 war
1229 3657 1251 3717 ja

375 3688 521 3748 „Anatol“
545 3691 683 3751 gewesen,
698 3691 787 3751 dieser
812 3694 1025 3754 tragikomische
1045 3697 1158 3757 Wiener
1177 3700 1253 3760 Lebe¬

385 3732 487 3792 mann,
511 3732 558 3792 der
586 3732 628 3792 sich
661 3732 741 3792 selbst
765 3735 840 3795 einen
878 3739 1102 3799 „leichtsinnigen
1136 3741 1253 3801 Melan¬

381 3774 513 3834 choliker“
541 3776 646 3836 nennt,
665 3777 719 3837 und
747 3778 792 3838 dem
835 3780 976 3840 eigentlich
1009 3783 1109 3843 nichts,
1132 3786 1187 3846 auch
1219 3787 1241 3847 in

382 3816 428 3876 der
462 3819 555 3879 Liebe,
579 3820 668 3880 nichts
702 3822 823 3882 gelingt,
843 3823 913 3883 weil
937 3825 969 3885 er
1003 3828 1026 3888 zu
1059 3828 1172 3888 wissend
1205 3831 1247 3891 für

385 3858 432 3918 den
467 3864 635 3924 Leichtsinn,
655 3865 684 3925 zu
713 3866 886 3926 leichtsinnig
916 3868 958 3928 für
988 3870 1147 3930 planvolles
1177 3871 1253 3931 Han¬

382 3901 442 3961 deln
471 3906 518 3966 ist,
542 3906 607 3966 weil
631 3907 659 3967 er
688 3909 782 3969 spielt,
801 3909 810 3969 —
858 3911 942 3971 spielt
971 3912 1022 3972 und
1046 3914 1169 3974 verliert
1193 3915 1244 3975 und

385 3949 428 4009 sich
452 3947 481 4007 am
515 3949 631 4009 Verlust
651 3950 727 4010 freut
747 3950 756 4010 —
800 3953 862 4013 weil
882 3953 911 4013 er
935 3954 1075 4014 eigentlich
1100 3959 1239 4019 Krankhei

375 3992 574 4052 interessanter
605 3992 659 4052 und
685 3995 794 4055 schöner
820 3996 914 4056 findet
939 3998 979 4058 als
1009 4001 1193 4061 Gesundheit.

441 4043 579 4103 Freilich,
602 4046 751 4106 Schnitzler
780 4047 813 4107 ist
836 4049 907 4109 dann
942 4050 1074 4110 berühmt
1097 4052 1241 4112 geworden

379 4084 471 4144 durch
496 4088 545 4148 das
570 4088 680 4148 Drama
724 4091 884 4151 Liebelei,
897 4094 921 4154 in
952 4094 1001 4154 dem
1039 4095 1081 4155 ein
1113 4097 1241 4157 gesundes

373 4126 495 4186 Mlädel
515 4129 559 4189 aus
585 4129 630 4189 dem
669 4131 784 4191 Wiener
811 4135 881 4195 Volk
901 4137 1074 4197 verzweifelt
1100 4141 1254 4201 aufschreit,

382 4171 458 4231 weil
471 4171 499 4231 es
518 4174 564 4234 sich
589 4174 611 4234 in
636 4175 718 4235 seinem
754 4177 841 4237 reinen
872 4179 924 4239 und
948 4180 1048 4240 starken
1072 4183 1236 4243 Empfinden

376 4212 468 4272 durch
492 4213 537 4273 die
555 4213 619 4273 bloß
648 4218 816 4278 spielerische
840 4224 966 4284 Neigung
996 4225 1059 4285 solch
1083 4225 1158 4285 eines
1187 4227 1227 4287 jun
