<?xml version="1.0" encoding="UTF-8" standalone="yes"?>
<PcGts xmlns="http://schema.primaresearch.org/PAGE/gts/pagecontent/2013-07-15" xmlns:xsi="http://www.w3.org/2001/XMLSchema-instance" xsi:schemaLocation="http://schema.primaresearch.org/PAGE/gts/pagecontent/2013-07-15 http://schema.primaresearch.org/PAGE/gts/pagecontent/2013-07-15/pagecontent.xsd">
    <Metadata>
        <Creator>prov=READ-COOP:name=PyLaia@TranskribusPlatform:version=2.12.1:model_id=39995:lm=none:date=09_04_2024_22:49</Creator>
        <Created>2019-10-07T20:38:16.226+02:00</Created>
        <LastChange>2024-04-09T22:49:52.512+02:00</LastChange>
        <TranskribusMetadata docId="224459" pageId="9581307" pageNr="221" tsid="157629988" status="IN_PROGRESS" userId="64420" imgUrl="https://files.transkribus.eu/Get?id=KPARNGGDFKFLHWCRRZOJEVUD&amp;fileType=view" xmlUrl="https://files.transkribus.eu/Get?id=OIKETOZWTEOGHZVNAPCCOHQC" imageId="6208922"/>
    </Metadata>
    <Page imageFilename="224459_0221.jpeg" imageWidth="3392" imageHeight="4352">
        <ReadingOrder>
            <OrderedGroup id="ro_1712938085637" caption="Regions reading order">
                <RegionRefIndexed index="0" regionRef="tr_1"/>
                <RegionRefIndexed index="1" regionRef="tr_2"/>
                <RegionRefIndexed index="2" regionRef="tr_3"/>
                <RegionRefIndexed index="3" regionRef="tr_4"/>
            </OrderedGroup>
        </ReadingOrder>
        <TextRegion orientation="0.0" id="tr_1" custom="readingOrder {index:0;}">
            <Coords points="164,317 164,473 262,473 262,317"/>
            <TextLine id="tr_1_tl_1" custom="readingOrder {index:0;}">
                <Coords points="160,442 215,442 231,430 259,426 254,338 235,338 210,355 195,356 187,351 154,355"/>
                <Baseline points="164,417 196,419 229,421 262,423"/>
                <Word id="tr_1_tl_1_w1" custom="readingOrder {index:0;}">
                    <Coords points="160,379 160,439 259,439 259,379"/>
                    <TextEquiv>
                        <Unicode>2.</Unicode>
                    </TextEquiv>
                </Word>
                <TextEquiv>
                    <Unicode>2.</Unicode>
                </TextEquiv>
            </TextLine>
            <TextEquiv>
                <Unicode></Unicode>
            </TextEquiv>
        </TextRegion>
        <TextRegion orientation="0.0" id="tr_2" custom="readingOrder {index:1;}">
            <Coords points="328,314 328,470 1247,470 1247,314"/>
            <TextLine id="tr_2_tl_1" custom="readingOrder {index:0;}">
                <Coords points="321,448 1169,460 1243,448 1245,361 322,372"/>
                <Baseline points="328,414 376,420 424,420 473,420 521,420 569,420 618,420 666,420 714,418 763,417 811,415 860,417 908,417 956,414 1005,414 1053,418 1101,419 1150,417 1198,417 1247,414"/>
                <Word id="tr_2_tl_1_w1" custom="readingOrder {index:0;}">
                    <Coords points="330,380 330,440 903,440 903,380"/>
                    <TextEquiv>
                        <Unicode>Schnitzler's</Unicode>
                    </TextEquiv>
                </Word>
                <Word id="tr_2_tl_1_w2" custom="readingOrder {index:1;}">
                    <Coords points="972,378 972,438 1204,438 1204,378"/>
                    <TextEquiv>
                        <Unicode>Death</Unicode>
                    </TextEquiv>
                </Word>
                <TextEquiv>
                    <Unicode>Schnitzler's Death</Unicode>
                </TextEquiv>
            </TextLine>
            <TextEquiv>
                <Unicode></Unicode>
            </TextEquiv>
        </TextRegion>
        <TextRegion orientation="0.0" id="tr_3" custom="readingOrder {index:2;}">
            <Coords points="1438,314 1438,467 1841,467 1841,314"/>
            <TextLine id="tr_3_tl_1" custom="readingOrder {index:0;}">
                <Coords points="1433,428 1557,436 1631,402 1681,429 1784,419 1826,435 1839,430 1838,355 1750,381 1717,360 1667,367 1639,390 1600,392 1562,371 1500,376 1431,350"/>
                <Baseline points="1438,414 1463,414 1488,414 1513,414 1538,415 1563,416 1589,416 1614,414 1639,415 1664,417 1689,417 1715,417 1740,417 1765,416 1790,414 1815,415 1841,417"/>
                <Word id="tr_3_tl_1_w1" custom="readingOrder {index:0;}">
                    <Coords points="1428,374 1428,434 1556,434 1556,374"/>
                    <TextEquiv>
                        <Unicode>box</Unicode>
                    </TextEquiv>
                </Word>
                <Word id="tr_3_tl_1_w2" custom="readingOrder {index:1;}">
                    <Coords points="1635,377 1635,437 1824,437 1824,377"/>
                    <TextEquiv>
                        <Unicode>43/1</Unicode>
                    </TextEquiv>
                </Word>
                <TextEquiv>
                    <Unicode>box 43/1</Unicode>
                </TextEquiv>
            </TextLine>
            <TextEquiv>
                <Unicode></Unicode>
            </TextEquiv>
        </TextRegion>
        <TextRegion orientation="0.0" id="tr_4" custom="readingOrder {index:3;}">
            <Coords points="1928,589 1928,4283 2952,4283 2952,589"/>
            <TextLine id="tr_4_tl_1" custom="readingOrder {index:0;}">
                <Coords points="2086,635 2670,670 2910,652 2906,575 2864,554 2333,566 2245,537 2084,563"/>
                <Baseline points="2092,614 2132,617 2173,619 2214,624 2255,628 2296,629 2337,629 2378,629 2419,629 2460,628 2501,628 2541,638 2582,641 2623,641 2664,641 2705,643 2746,644 2787,642 2828,641 2869,641 2910,641"/>
                <Word id="tr_4_tl_1_w1" custom="readingOrder {index:0;}">
                    <Coords points="2097,588 2097,648 2798,648 2798,588"/>
                    <TextEquiv>
                        <Unicode>OBSERVER</Unicode>
                    </TextEquiv>
                </Word>
                <TextEquiv>
                    <Unicode>OBSERVER</Unicode>
                </TextEquiv>
            </TextLine>
            <TextLine id="tr_4_tl_2" custom="readingOrder {index:1;}">
                <Coords points="2171,688 2808,709 2806,670 2732,660 2170,650"/>
                <Baseline points="2178,680 2209,680 2241,680 2272,680 2304,682 2336,683 2367,684 2399,686 2431,688 2462,689 2494,689 2526,691 2557,693 2589,695 2621,695 2652,697 2684,698 2716,698 2747,700 2779,700 2811,698"/>
                <Word id="tr_4_tl_2_w1" custom="readingOrder {index:0;}">
                    <Coords points="2172,640 2172,700 2197,700 2197,640"/>
                    <TextEquiv>
                        <Unicode>I.</Unicode>
                    </TextEquiv>
                </Word>
                <Word id="tr_4_tl_2_w2" custom="readingOrder {index:1;}">
                    <Coords points="2210,640 2210,700 2332,700 2332,640"/>
                    <TextEquiv>
                        <Unicode>österr.</Unicode>
                    </TextEquiv>
                </Word>
                <Word id="tr_4_tl_2_w3" custom="readingOrder {index:2;}">
                    <Coords points="2341,647 2341,707 2492,707 2492,647"/>
                    <TextEquiv>
                        <Unicode>behördl.</Unicode>
                    </TextEquiv>
                </Word>
                <Word id="tr_4_tl_2_w4" custom="readingOrder {index:3;}">
                    <Coords points="2505,657 2505,717 2804,717 2804,657"/>
                    <TextEquiv>
                        <Unicode>konzessioniertes</Unicode>
                    </TextEquiv>
                </Word>
                <TextEquiv>
                    <Unicode>I. österr. behördl. konzessioniertes</Unicode>
                </TextEquiv>
            </TextLine>
            <TextLine id="tr_4_tl_3" custom="readingOrder {index:2;}">
                <Coords points="2132,737 2459,729 2861,762 2858,715 2833,710 2129,681"/>
                <Baseline points="2137,716 2173,718 2209,719 2245,719 2282,720 2318,722 2354,725 2390,727 2427,728 2463,729 2499,731 2535,731 2572,733 2608,736 2644,737 2680,737 2717,740 2753,742 2789,743 2825,743 2862,743"/>
                <Word id="tr_4_tl_3_w1" custom="readingOrder {index:0;}">
                    <Coords points="2127,679 2127,739 2364,739 2364,679"/>
                    <TextEquiv>
                        <Unicode>Unternehmen</Unicode>
                    </TextEquiv>
                </Word>
                <Word id="tr_4_tl_3_w2" custom="readingOrder {index:1;}">
                    <Coords points="2395,687 2395,747 2442,747 2442,687"/>
                    <TextEquiv>
                        <Unicode>für</Unicode>
                    </TextEquiv>
                </Word>
                <Word id="tr_4_tl_3_w3" custom="readingOrder {index:2;}">
                    <Coords points="2468,697 2468,757 2852,757 2852,697"/>
                    <TextEquiv>
                        <Unicode>Zeitungs-Ausschnitte</Unicode>
                    </TextEquiv>
                </Word>
                <TextEquiv>
                    <Unicode>Unternehmen für Zeitungs-Ausschnitte</Unicode>
                </TextEquiv>
            </TextLine>
            <TextLine id="tr_4_tl_4" custom="readingOrder {index:3;}">
                <Coords points="2174,789 2808,816 2805,767 2641,746 2171,738"/>
                <Baseline points="2181,779 2212,779 2243,779 2275,779 2306,781 2337,783 2369,785 2400,785 2431,785 2463,787 2494,791 2525,791 2557,792 2588,793 2619,795 2651,797 2682,800 2713,802 2745,802 2776,802 2808,802"/>
                <Word id="tr_4_tl_4_w1" custom="readingOrder {index:0;}">
                    <Coords points="2174,739 2174,799 2322,799 2322,739"/>
                    <TextEquiv>
                        <Unicode>WIEN,</Unicode>
                    </TextEquiv>
                </Word>
                <Word id="tr_4_tl_4_w2" custom="readingOrder {index:1;}">
                    <Coords points="2349,745 2349,805 2400,805 2400,745"/>
                    <TextEquiv>
                        <Unicode>I.,</Unicode>
                    </TextEquiv>
                </Word>
                <Word id="tr_4_tl_4_w3" custom="readingOrder {index:2;}">
                    <Coords points="2427,752 2427,812 2706,812 2706,752"/>
                    <TextEquiv>
                        <Unicode>WOLLZEILE</Unicode>
                    </TextEquiv>
                </Word>
                <Word id="tr_4_tl_4_w4" custom="readingOrder {index:3;}">
                    <Coords points="2752,762 2752,822 2791,822 2791,762"/>
                    <TextEquiv>
                        <Unicode>11</Unicode>
                    </TextEquiv>
                </Word>
                <TextEquiv>
                    <Unicode>WIEN, I., WOLLZEILE 11</Unicode>
                </TextEquiv>
            </TextLine>
            <TextLine id="tr_4_tl_5" custom="readingOrder {index:4;}">
                <Coords points="2276,848 2707,858 2717,817 2273,796"/>
                <Baseline points="2283,832 2308,832 2334,832 2360,834 2386,835 2412,835 2437,836 2463,838 2489,840 2515,841 2541,841 2567,842 2592,844 2618,845 2644,847 2670,847 2696,848 2722,850"/>
                <Word id="tr_4_tl_5_w1" custom="readingOrder {index:0;}">
                    <Coords points="2273,794 2273,854 2492,854 2492,794"/>
                    <TextEquiv>
                        <Unicode>TELEPHON</Unicode>
                    </TextEquiv>
                </Word>
                <Word id="tr_4_tl_5_w2" custom="readingOrder {index:1;}">
                    <Coords points="2524,804 2524,864 2696,864 2696,804"/>
                    <TextEquiv>
                        <Unicode>R-23-0-43</Unicode>
                    </TextEquiv>
                </Word>
                <TextEquiv>
                    <Unicode>TELEPHON R-23-0-43</Unicode>
                </TextEquiv>
            </TextLine>
            <TextLine id="tr_4_tl_6" custom="readingOrder {index:5;}">
                <Coords points="2064,984 2093,993 2138,977 2217,999 2310,988 2342,1001 2414,984 2413,941 2150,925 2129,907 2062,919"/>
                <Baseline points="2071,967 2097,967 2124,968 2150,969 2177,970 2204,970 2230,972 2257,973 2283,973 2310,974 2337,976 2363,978 2390,978 2417,976"/>
                <Word id="tr_4_tl_6_w1" custom="readingOrder {index:0;}">
                    <Coords points="2068,930 2068,990 2290,990 2290,930"/>
                    <TextEquiv>
                        <Unicode>Ausschnitt</Unicode>
                    </TextEquiv>
                </Word>
                <Word id="tr_4_tl_6_w2" custom="readingOrder {index:1;}">
                    <Coords points="2312,937 2312,997 2401,997 2401,937"/>
                    <TextEquiv>
                        <Unicode>aus:</Unicode>
                    </TextEquiv>
                </Word>
                <TextEquiv>
                    <Unicode>Ausschnitt aus:</Unicode>
                </TextEquiv>
            </TextLine>
            <TextLine id="tr_4_tl_7" custom="readingOrder {index:6;}">
                <Coords points="2077,1132 2950,1148 2949,1089 2918,1079 2077,1076"/>
                <Baseline points="2083,1122 2126,1119 2169,1119 2213,1119 2256,1119 2300,1119 2343,1119 2387,1119 2430,1119 2474,1121 2517,1120 2560,1121 2604,1124 2647,1125 2691,1125 2734,1125 2778,1125 2821,1125 2865,1125 2908,1126 2952,1128"/>
                <Word id="tr_4_tl_7_w1" custom="readingOrder {index:0;}">
                    <Coords points="2080,1079 2080,1139 2360,1139 2360,1079"/>
                    <TextEquiv>
                        <Unicode>Correspondants</Unicode>
                    </TextEquiv>
                </Word>
                <Word id="tr_4_tl_7_w2" custom="readingOrder {index:1;}">
                    <Coords points="2389,1079 2389,1139 2468,1139 2468,1079"/>
                    <TextEquiv>
                        <Unicode>dans</Unicode>
                    </TextEquiv>
                </Word>
                <Word id="tr_4_tl_7_w3" custom="readingOrder {index:2;}">
                    <Coords points="2491,1080 2491,1140 2599,1140 2599,1080"/>
                    <TextEquiv>
                        <Unicode>toutes</Unicode>
                    </TextEquiv>
                </Word>
                <Word id="tr_4_tl_7_w4" custom="readingOrder {index:3;}">
                    <Coords points="2622,1084 2622,1144 2664,1144 2664,1084"/>
                    <TextEquiv>
                        <Unicode>les</Unicode>
                    </TextEquiv>
                </Word>
                <Word id="tr_4_tl_7_w5" custom="readingOrder {index:4;}">
                    <Coords points="2693,1085 2693,1145 2823,1145 2823,1085"/>
                    <TextEquiv>
                        <Unicode>grandes</Unicode>
                    </TextEquiv>
                </Word>
                <Word id="tr_4_tl_7_w6" custom="readingOrder {index:5;}">
                    <Coords points="2852,1085 2852,1145 2940,1145 2940,1085"/>
                    <TextEquiv>
                        <Unicode>villes</Unicode>
                    </TextEquiv>
                </Word>
                <TextEquiv>
                    <Unicode>Correspondants dans toutes les grandes villes</Unicode>
                </TextEquiv>
            </TextLine>
            <TextLine id="tr_4_tl_8" custom="readingOrder {index:7;}">
                <Coords points="2010,1261 2148,1246 2176,1263 2222,1251 2352,1271 2414,1264 2407,1189 2164,1210 2072,1181 2010,1197"/>
                <Baseline points="2017,1241 2042,1239 2067,1238 2092,1238 2117,1238 2142,1238 2167,1238 2192,1238 2217,1238 2242,1238 2267,1238 2292,1238 2317,1238 2342,1238 2367,1238 2392,1238 2417,1238"/>
                <Word id="tr_4_tl_8_w1" custom="readingOrder {index:0;}">
                    <Coords points="2016,1198 2016,1258 2144,1258 2144,1198"/>
                    <TextEquiv>
                        <Unicode>Extrait</Unicode>
                    </TextEquiv>
                </Word>
                <Word id="tr_4_tl_8_w2" custom="readingOrder {index:1;}">
                    <Coords points="2172,1198 2172,1258 2210,1258 2210,1198"/>
                    <TextEquiv>
                        <Unicode>du</Unicode>
                    </TextEquiv>
                </Word>
                <Word id="tr_4_tl_8_w3" custom="readingOrder {index:2;}">
                    <Coords points="2245,1198 2245,1258 2411,1258 2411,1198"/>
                    <TextEquiv>
                        <Unicode>Journal:</Unicode>
                    </TextEquiv>
                </Word>
                <TextEquiv>
                    <Unicode>Extrait du Journal:</Unicode>
                </TextEquiv>
            </TextLine>
            <TextLine id="tr_4_tl_9" custom="readingOrder {index:8;}">
                <Coords points="2013,1353 2078,1354 2094,1364 2136,1347 2170,1355 2202,1349 2202,1307 2143,1301 2127,1306 2089,1290 2057,1300 2013,1290"/>
                <Baseline points="2020,1337 2046,1337 2072,1337 2099,1337 2125,1337 2152,1337 2178,1335 2205,1337"/>
                <Word id="tr_4_tl_9_w1" custom="readingOrder {index:0;}">
                    <Coords points="2018,1297 2018,1357 2157,1357 2157,1297"/>
                    <TextEquiv>
                        <Unicode>Adresse</Unicode>
                    </TextEquiv>
                </Word>
                <Word id="tr_4_tl_9_w2" custom="readingOrder {index:1;}">
                    <Coords points="2179,1295 2179,1355 2189,1355 2189,1295"/>
                    <TextEquiv>
                        <Unicode>:</Unicode>
                    </TextEquiv>
                </Word>
                <TextEquiv>
                    <Unicode>Adresse :</Unicode>
                </TextEquiv>
            </TextLine>
            <TextLine id="tr_4_tl_10" custom="readingOrder {index:9;}">
                <Coords points="2453,1401 2529,1396 2611,1364 2675,1374 2757,1365 2783,1345 2853,1353 2861,1295 2830,1283 2684,1302 2609,1251 2466,1290"/>
                <Baseline points="2462,1384 2488,1383 2514,1379 2541,1374 2567,1370 2594,1367 2620,1365 2647,1362 2673,1359 2700,1355 2726,1352 2753,1348 2779,1345 2806,1341 2832,1339 2859,1337"/>
                <Word id="tr_4_tl_10_w1" custom="readingOrder {index:0;}">
                    <Coords points="2473,1340 2473,1400 2535,1400 2535,1340"/>
                    <TextEquiv>
                        <Unicode>18</Unicode>
                    </TextEquiv>
                </Word>
                <Word id="tr_4_tl_10_w2" custom="readingOrder {index:1;}">
                    <Coords points="2568,1313 2568,1373 2851,1373 2851,1313"/>
                    <TextEquiv>
                        <Unicode>orot</Unicode>
                    </TextEquiv>
                </Word>
                <TextEquiv>
                    <Unicode>18 orot</Unicode>
                </TextEquiv>
            </TextLine>
            <TextLine id="tr_4_tl_11" custom="readingOrder {index:10;}">
                <Coords points="2004,1440 2015,1445 2061,1440 2110,1444 2122,1438 2123,1400 2101,1398 2096,1402 2082,1395 2073,1400 2066,1393 2057,1397 2027,1393 2020,1400 2005,1400"/>
                <Baseline points="2011,1435 2039,1432 2068,1432 2096,1431 2125,1429"/>
                <Word id="tr_4_tl_11_w1" custom="readingOrder {index:0;}">
                    <Coords points="2010,1392 2010,1452 2109,1452 2109,1392"/>
                    <TextEquiv>
                        <Unicode>Date</Unicode>
                    </TextEquiv>
                </Word>
                <TextEquiv>
                    <Unicode>Date</Unicode>
                </TextEquiv>
            </TextLine>
            <TextLine id="tr_4_tl_12" custom="readingOrder {index:11;}">
                <Coords points="2171,1564 2279,1592 2371,1569 2593,1592 2632,1568 2788,1591 2787,1504 2768,1494 2717,1514 2171,1508"/>
                <Baseline points="2178,1561 2208,1563 2239,1564 2269,1564 2300,1564 2331,1564 2361,1564 2392,1564 2422,1564 2453,1564 2484,1564 2514,1564 2545,1564 2575,1564 2606,1566 2637,1567 2667,1567 2698,1565 2728,1565 2759,1567 2790,1567"/>
                <Word id="tr_4_tl_12_w1" custom="readingOrder {index:0;}">
                    <Coords points="2179,1524 2179,1584 2344,1584 2344,1524"/>
                    <TextEquiv>
                        <Unicode>Arthur</Unicode>
                    </TextEquiv>
                </Word>
                <Word id="tr_4_tl_12_w2" custom="readingOrder {index:1;}">
                    <Coords points="2372,1524 2372,1584 2602,1584 2602,1524"/>
                    <TextEquiv>
                        <Unicode>Schnitzler</Unicode>
                    </TextEquiv>
                </Word>
                <TextEquiv>
                    <Unicode>Arthur Schnitzler</Unicode>
                </TextEquiv>
            </TextLine>
            <TextLine id="tr_4_tl_13" custom="readingOrder {index:12;}">
                <Coords points="2008,1639 2901,1640 2901,1540 2690,1611 2008,1568"/>
                <Baseline points="2014,1617 2058,1626 2103,1626 2147,1626 2192,1629 2236,1626 2281,1626 2325,1629 2370,1629 2414,1626 2459,1626 2503,1626 2548,1626 2592,1629 2637,1629 2681,1629 2726,1629 2770,1629 2815,1629 2859,1629 2904,1626"/>
                <Word id="tr_4_tl_13_w1" custom="readingOrder {index:0;}">
                    <Coords points="2014,1583 2014,1643 2080,1643 2080,1583"/>
                    <TextEquiv>
                        <Unicode>Der</Unicode>
                    </TextEquiv>
                </Word>
                <Word id="tr_4_tl_13_w2" custom="readingOrder {index:1;}">
                    <Coords points="2115,1588 2115,1648 2239,1648 2239,1588"/>
                    <TextEquiv>
                        <Unicode>Wiener</Unicode>
                    </TextEquiv>
                </Word>
                <Word id="tr_4_tl_13_w3" custom="readingOrder {index:2;}">
                    <Coords points="2274,1588 2274,1648 2356,1648 2356,1588"/>
                    <TextEquiv>
                        <Unicode>Arzt</Unicode>
                    </TextEquiv>
                </Word>
                <Word id="tr_4_tl_13_w4" custom="readingOrder {index:3;}">
                    <Coords points="2407,1586 2407,1646 2473,1646 2473,1586"/>
                    <TextEquiv>
                        <Unicode>und</Unicode>
                    </TextEquiv>
                </Word>
                <Word id="tr_4_tl_13_w5" custom="readingOrder {index:4;}">
                    <Coords points="2525,1588 2525,1648 2657,1648 2657,1588"/>
                    <TextEquiv>
                        <Unicode>Dichter</Unicode>
                    </TextEquiv>
                </Word>
                <Word id="tr_4_tl_13_w6" custom="readingOrder {index:5;}">
                    <Coords points="2709,1589 2709,1649 2883,1649 2883,1589"/>
                    <TextEquiv>
                        <Unicode>Arkhär</Unicode>
                    </TextEquiv>
                </Word>
                <TextEquiv>
                    <Unicode>Der Wiener Arzt und Dichter Arkhär</Unicode>
                </TextEquiv>
            </TextLine>
            <TextLine id="tr_4_tl_14" custom="readingOrder {index:13;}">
                <Coords points="1957,1691 2902,1696 2880,1634 1957,1644"/>
                <Baseline points="1964,1674 2011,1680 2058,1677 2105,1677 2152,1677 2199,1677 2246,1676 2293,1674 2340,1674 2387,1675 2434,1677 2481,1677 2528,1675 2575,1676 2622,1677 2669,1677 2716,1675 2763,1674 2810,1677 2857,1677 2904,1674"/>
                <Word id="tr_4_tl_14_w1" custom="readingOrder {index:0;}">
                    <Coords points="1952,1637 1952,1697 2188,1697 2188,1637"/>
                    <TextEquiv>
                        <Unicode>Schnitzler</Unicode>
                    </TextEquiv>
                </Word>
                <Word id="tr_4_tl_14_w2" custom="readingOrder {index:1;}">
                    <Coords points="2224,1636 2224,1696 2259,1696 2259,1636"/>
                    <TextEquiv>
                        <Unicode>ist</Unicode>
                    </TextEquiv>
                </Word>
                <Word id="tr_4_tl_14_w3" custom="readingOrder {index:2;}">
                    <Coords points="2290,1634 2290,1694 2370,1694 2370,1634"/>
                    <TextEquiv>
                        <Unicode>nicht</Unicode>
                    </TextEquiv>
                </Word>
                <Word id="tr_4_tl_14_w4" custom="readingOrder {index:3;}">
                    <Coords points="2406,1637 2406,1697 2512,1697 2512,1637"/>
                    <TextEquiv>
                        <Unicode>mehr.</Unicode>
                    </TextEquiv>
                </Word>
                <Word id="tr_4_tl_14_w5" custom="readingOrder {index:4;}">
                    <Coords points="2558,1636 2558,1696 2602,1696 2602,1636"/>
                    <TextEquiv>
                        <Unicode>Er</Unicode>
                    </TextEquiv>
                </Word>
                <Word id="tr_4_tl_14_w6" custom="readingOrder {index:5;}">
                    <Coords points="2639,1636 2639,1696 2719,1696 2719,1636"/>
                    <TextEquiv>
                        <Unicode>starb</Unicode>
                    </TextEquiv>
                </Word>
                <Word id="tr_4_tl_14_w7" custom="readingOrder {index:6;}">
                    <Coords points="2775,1637 2775,1697 2895,1697 2895,1637"/>
                    <TextEquiv>
                        <Unicode>vorge¬</Unicode>
                    </TextEquiv>
                </Word>
                <TextEquiv>
                    <Unicode>Schnitzler ist nicht mehr. Er starb vorge¬</Unicode>
                </TextEquiv>
            </TextLine>
            <TextLine id="tr_4_tl_15" custom="readingOrder {index:14;}">
                <Coords points="1957,1739 2904,1745 2880,1683 1957,1690"/>
                <Baseline points="1964,1725 2011,1725 2058,1728 2105,1725 2152,1725 2199,1724 2246,1722 2294,1723 2341,1725 2388,1725 2435,1725 2482,1725 2529,1725 2576,1725 2624,1725 2671,1725 2718,1725 2765,1725 2812,1725 2859,1725 2907,1722"/>
                <Word id="tr_4_tl_15_w1" custom="readingOrder {index:0;}">
                    <Coords points="1952,1685 1952,1745 2026,1745 2026,1685"/>
                    <TextEquiv>
                        <Unicode>stern</Unicode>
                    </TextEquiv>
                </Word>
                <Word id="tr_4_tl_15_w2" custom="readingOrder {index:1;}">
                    <Coords points="2062,1686 2062,1746 2092,1746 2092,1686"/>
                    <TextEquiv>
                        <Unicode>im</Unicode>
                    </TextEquiv>
                </Word>
                <Word id="tr_4_tl_15_w3" custom="readingOrder {index:2;}">
                    <Coords points="2138,1684 2138,1744 2228,1744 2228,1684"/>
                    <TextEquiv>
                        <Unicode>Alter</Unicode>
                    </TextEquiv>
                </Word>
                <Word id="tr_4_tl_15_w4" custom="readingOrder {index:3;}">
                    <Coords points="2258,1682 2258,1742 2313,1742 2313,1682"/>
                    <TextEquiv>
                        <Unicode>von</Unicode>
                    </TextEquiv>
                </Word>
                <Word id="tr_4_tl_15_w5" custom="readingOrder {index:4;}">
                    <Coords points="2354,1685 2354,1745 2409,1745 2409,1685"/>
                    <TextEquiv>
                        <Unicode>69½</Unicode>
                    </TextEquiv>
                </Word>
                <Word id="tr_4_tl_15_w6" custom="readingOrder {index:5;}">
                    <Coords points="2460,1685 2460,1745 2605,1745 2605,1685"/>
                    <TextEquiv>
                        <Unicode>Jahren.</Unicode>
                    </TextEquiv>
                </Word>
                <Word id="tr_4_tl_15_w7" custom="readingOrder {index:6;}">
                    <Coords points="2651,1685 2651,1745 2822,1745 2822,1685"/>
                    <TextEquiv>
                        <Unicode>Schnitzler</Unicode>
                    </TextEquiv>
                </Word>
                <Word id="tr_4_tl_15_w8" custom="readingOrder {index:7;}">
                    <Coords points="2858,1684 2858,1744 2892,1744 2892,1684"/>
                    <TextEquiv>
                        <Unicode>ist</Unicode>
                    </TextEquiv>
                </Word>
                <TextEquiv>
                    <Unicode>stern im Alter von 69½ Jahren. Schnitzler ist</Unicode>
                </TextEquiv>
            </TextLine>
            <TextLine id="tr_4_tl_16" custom="readingOrder {index:15;}">
                <Coords points="1951,1782 2902,1784 2902,1745 2853,1730 2600,1760 1951,1735"/>
                <Baseline points="1958,1773 2005,1773 2052,1776 2099,1773 2147,1771 2194,1773 2241,1773 2289,1773 2336,1773 2383,1773 2431,1773 2478,1773 2525,1773 2572,1775 2620,1776 2667,1773 2714,1773 2762,1773 2809,1776 2856,1776 2904,1773"/>
                <Word id="tr_4_tl_16_w1" custom="readingOrder {index:0;}">
                    <Coords points="1950,1733 1950,1793 2038,1793 2038,1733"/>
                    <TextEquiv>
                        <Unicode>durch</Unicode>
                    </TextEquiv>
                </Word>
                <Word id="tr_4_tl_16_w2" custom="readingOrder {index:1;}">
                    <Coords points="2073,1733 2073,1793 2117,1793 2117,1733"/>
                    <TextEquiv>
                        <Unicode>die</Unicode>
                    </TextEquiv>
                </Word>
                <Word id="tr_4_tl_16_w3" custom="readingOrder {index:2;}">
                    <Coords points="2152,1733 2152,1793 2295,1793 2295,1733"/>
                    <TextEquiv>
                        <Unicode>Medizin</Unicode>
                    </TextEquiv>
                </Word>
                <Word id="tr_4_tl_16_w4" custom="readingOrder {index:3;}">
                    <Coords points="2339,1733 2339,1793 2393,1793 2393,1733"/>
                    <TextEquiv>
                        <Unicode>zum</Unicode>
                    </TextEquiv>
                </Word>
                <Word id="tr_4_tl_16_w5" custom="readingOrder {index:4;}">
                    <Coords points="2438,1733 2438,1793 2570,1793 2570,1733"/>
                    <TextEquiv>
                        <Unicode>Dichter</Unicode>
                    </TextEquiv>
                </Word>
                <Word id="tr_4_tl_16_w6" custom="readingOrder {index:5;}">
                    <Coords points="2625,1733 2625,1793 2812,1793 2812,1733"/>
                    <TextEquiv>
                        <Unicode>geworden,</Unicode>
                    </TextEquiv>
                </Word>
                <Word id="tr_4_tl_16_w7" custom="readingOrder {index:6;}">
                    <Coords points="2842,1735 2842,1795 2891,1795 2891,1735"/>
                    <TextEquiv>
                        <Unicode>die</Unicode>
                    </TextEquiv>
                </Word>
                <TextEquiv>
                    <Unicode>durch die Medizin zum Dichter geworden, die</Unicode>
                </TextEquiv>
            </TextLine>
            <TextLine id="tr_4_tl_17" custom="readingOrder {index:16;}">
                <Coords points="1960,1830 2907,1836 2907,1796 2842,1779 1960,1782"/>
                <Baseline points="1967,1820 2014,1820 2061,1823 2108,1820 2155,1820 2202,1820 2249,1820 2297,1820 2344,1820 2391,1820 2438,1820 2485,1820 2532,1820 2579,1820 2627,1820 2674,1820 2721,1820 2768,1820 2815,1820 2862,1820 2910,1817"/>
                <Word id="tr_4_tl_17_w1" custom="readingOrder {index:0;}">
                    <Coords points="1954,1780 1954,1840 2008,1840 2008,1780"/>
                    <TextEquiv>
                        <Unicode>sein</Unicode>
                    </TextEquiv>
                </Word>
                <Word id="tr_4_tl_17_w2" custom="readingOrder {index:1;}">
                    <Coords points="2048,1780 2048,1840 2292,1840 2292,1780"/>
                    <TextEquiv>
                        <Unicode>Familienerbe</Unicode>
                    </TextEquiv>
                </Word>
                <Word id="tr_4_tl_17_w3" custom="readingOrder {index:2;}">
                    <Coords points="2327,1780 2327,1840 2410,1840 2410,1780"/>
                    <TextEquiv>
                        <Unicode>war.</Unicode>
                    </TextEquiv>
                </Word>
                <Word id="tr_4_tl_17_w4" custom="readingOrder {index:3;}">
                    <Coords points="2455,1780 2455,1840 2538,1840 2538,1780"/>
                    <TextEquiv>
                        <Unicode>Sein</Unicode>
                    </TextEquiv>
                </Word>
                <Word id="tr_4_tl_17_w5" custom="readingOrder {index:4;}">
                    <Coords points="2577,1780 2577,1840 2699,1840 2699,1780"/>
                    <TextEquiv>
                        <Unicode>Vater,</Unicode>
                    </TextEquiv>
                </Word>
                <Word id="tr_4_tl_17_w6" custom="readingOrder {index:5;}">
                    <Coords points="2729,1780 2729,1840 2798,1840 2798,1780"/>
                    <TextEquiv>
                        <Unicode>Dr.</Unicode>
                    </TextEquiv>
                </Word>
                <Word id="tr_4_tl_17_w7" custom="readingOrder {index:6;}">
                    <Coords points="2823,1780 2823,1840 2891,1840 2891,1780"/>
                    <TextEquiv>
                        <Unicode>Jo¬</Unicode>
                    </TextEquiv>
                </Word>
                <TextEquiv>
                    <Unicode>sein Familienerbe war. Sein Vater, Dr. Jo¬</Unicode>
                </TextEquiv>
            </TextLine>
            <TextLine id="tr_4_tl_18" custom="readingOrder {index:17;}">
                <Coords points="1954,1884 2905,1875 2875,1839 2720,1828 1954,1835"/>
                <Baseline points="1961,1871 2008,1868 2055,1868 2102,1868 2150,1868 2197,1868 2244,1868 2292,1868 2339,1868 2386,1868 2434,1868 2481,1868 2528,1868 2575,1868 2623,1868 2670,1868 2717,1868 2765,1868 2812,1868 2859,1868 2907,1868"/>
                <Word id="tr_4_tl_18_w1" custom="readingOrder {index:0;}">
                    <Coords points="1953,1829 1953,1889 2029,1889 2029,1829"/>
                    <TextEquiv>
                        <Unicode>hann</Unicode>
                    </TextEquiv>
                </Word>
                <Word id="tr_4_tl_18_w2" custom="readingOrder {index:1;}">
                    <Coords points="2063,1828 2063,1888 2239,1888 2239,1828"/>
                    <TextEquiv>
                        <Unicode>Schnitzler</Unicode>
                    </TextEquiv>
                </Word>
                <Word id="tr_4_tl_18_w3" custom="readingOrder {index:2;}">
                    <Coords points="2269,1828 2269,1888 2407,1888 2407,1828"/>
                    <TextEquiv>
                        <Unicode>dozierte</Unicode>
                    </TextEquiv>
                </Word>
                <Word id="tr_4_tl_18_w4" custom="readingOrder {index:3;}">
                    <Coords points="2436,1828 2436,1888 2469,1888 2469,1828"/>
                    <TextEquiv>
                        <Unicode>an</Unicode>
                    </TextEquiv>
                </Word>
                <Word id="tr_4_tl_18_w5" custom="readingOrder {index:4;}">
                    <Coords points="2503,1828 2503,1888 2560,1888 2560,1828"/>
                    <TextEquiv>
                        <Unicode>der</Unicode>
                    </TextEquiv>
                </Word>
                <Word id="tr_4_tl_18_w6" custom="readingOrder {index:5;}">
                    <Coords points="2589,1828 2589,1888 2722,1888 2722,1828"/>
                    <TextEquiv>
                        <Unicode>Wiener</Unicode>
                    </TextEquiv>
                </Word>
                <Word id="tr_4_tl_18_w7" custom="readingOrder {index:6;}">
                    <Coords points="2747,1828 2747,1888 2889,1888 2889,1828"/>
                    <TextEquiv>
                        <Unicode>Univer¬</Unicode>
                    </TextEquiv>
                </Word>
                <TextEquiv>
                    <Unicode>hann Schnitzler dozierte an der Wiener Univer¬</Unicode>
                </TextEquiv>
            </TextLine>
            <TextLine id="tr_4_tl_19" custom="readingOrder {index:18;}">
                <Coords points="1951,1924 2902,1921 2892,1875 1951,1882"/>
                <Baseline points="1958,1916 2005,1916 2052,1916 2099,1916 2147,1916 2194,1916 2241,1916 2289,1916 2336,1916 2383,1916 2431,1916 2478,1916 2525,1916 2572,1916 2620,1916 2667,1916 2714,1916 2762,1916 2809,1919 2856,1916 2904,1916"/>
                <Word id="tr_4_tl_19_w1" custom="readingOrder {index:0;}">
                    <Coords points="1950,1876 1950,1936 2026,1936 2026,1876"/>
                    <TextEquiv>
                        <Unicode>sität</Unicode>
                    </TextEquiv>
                </Word>
                <Word id="tr_4_tl_19_w2" custom="readingOrder {index:1;}">
                    <Coords points="2055,1876 2055,1936 2131,1936 2131,1876"/>
                    <TextEquiv>
                        <Unicode>über</Unicode>
                    </TextEquiv>
                </Word>
                <Word id="tr_4_tl_19_w3" custom="readingOrder {index:2;}">
                    <Coords points="2165,1876 2165,1936 2404,1936 2404,1876"/>
                    <TextEquiv>
                        <Unicode>Laryngologie</Unicode>
                    </TextEquiv>
                </Word>
                <Word id="tr_4_tl_19_w4" custom="readingOrder {index:3;}">
                    <Coords points="2438,1876 2438,1936 2499,1936 2499,1876"/>
                    <TextEquiv>
                        <Unicode>und</Unicode>
                    </TextEquiv>
                </Word>
                <Word id="tr_4_tl_19_w5" custom="readingOrder {index:4;}">
                    <Coords points="2533,1876 2533,1936 2619,1936 2619,1876"/>
                    <TextEquiv>
                        <Unicode>hatte</Unicode>
                    </TextEquiv>
                </Word>
                <Word id="tr_4_tl_19_w6" custom="readingOrder {index:5;}">
                    <Coords points="2653,1876 2653,1936 2733,1936 2733,1876"/>
                    <TextEquiv>
                        <Unicode>viele</Unicode>
                    </TextEquiv>
                </Word>
                <Word id="tr_4_tl_19_w7" custom="readingOrder {index:6;}">
                    <Coords points="2767,1877 2767,1937 2891,1937 2891,1877"/>
                    <TextEquiv>
                        <Unicode>Schau¬</Unicode>
                    </TextEquiv>
                </Word>
                <TextEquiv>
                    <Unicode>sität über Laryngologie und hatte viele Schau¬</Unicode>
                </TextEquiv>
            </TextLine>
            <TextLine id="tr_4_tl_20" custom="readingOrder {index:19;}">
                <Coords points="1951,1976 2904,1983 2904,1934 2849,1927 1951,1930"/>
                <Baseline points="1958,1967 2005,1964 2052,1964 2100,1964 2147,1964 2195,1964 2242,1964 2290,1964 2337,1964 2385,1964 2432,1964 2479,1964 2527,1964 2574,1966 2622,1967 2669,1964 2717,1964 2764,1967 2812,1967 2859,1967 2907,1967"/>
                <Word id="tr_4_tl_20_w1" custom="readingOrder {index:0;}">
                    <Coords points="1950,1924 1950,1984 2061,1984 2061,1924"/>
                    <TextEquiv>
                        <Unicode>spieler</Unicode>
                    </TextEquiv>
                </Word>
                <Word id="tr_4_tl_20_w2" custom="readingOrder {index:1;}">
                    <Coords points="2099,1924 2099,1984 2154,1984 2154,1924"/>
                    <TextEquiv>
                        <Unicode>und</Unicode>
                    </TextEquiv>
                </Word>
                <Word id="tr_4_tl_20_w3" custom="readingOrder {index:2;}">
                    <Coords points="2187,1924 2187,1984 2317,1984 2317,1924"/>
                    <TextEquiv>
                        <Unicode>Sänger</Unicode>
                    </TextEquiv>
                </Word>
                <Word id="tr_4_tl_20_w4" custom="readingOrder {index:3;}">
                    <Coords points="2350,1924 2350,1984 2382,1984 2382,1924"/>
                    <TextEquiv>
                        <Unicode>zu</Unicode>
                    </TextEquiv>
                </Word>
                <Word id="tr_4_tl_20_w5" custom="readingOrder {index:4;}">
                    <Coords points="2420,1924 2420,1984 2615,1984 2615,1924"/>
                    <TextEquiv>
                        <Unicode>Patienten.</Unicode>
                    </TextEquiv>
                </Word>
                <Word id="tr_4_tl_20_w6" custom="readingOrder {index:5;}">
                    <Coords points="2657,1924 2657,1984 2703,1984 2703,1924"/>
                    <TextEquiv>
                        <Unicode>So</Unicode>
                    </TextEquiv>
                </Word>
                <Word id="tr_4_tl_20_w7" custom="readingOrder {index:6;}">
                    <Coords points="2737,1926 2737,1986 2787,1986 2787,1926"/>
                    <TextEquiv>
                        <Unicode>kam</Unicode>
                    </TextEquiv>
                </Word>
                <Word id="tr_4_tl_20_w8" custom="readingOrder {index:7;}">
                    <Coords points="2839,1927 2839,1987 2890,1987 2890,1927"/>
                    <TextEquiv>
                        <Unicode>der</Unicode>
                    </TextEquiv>
                </Word>
                <TextEquiv>
                    <Unicode>spieler und Sänger zu Patienten. So kam der</Unicode>
                </TextEquiv>
            </TextLine>
            <TextLine id="tr_4_tl_21" custom="readingOrder {index:20;}">
                <Coords points="1951,2026 2908,2027 2908,1987 2765,1971 2492,1997 1951,1975"/>
                <Baseline points="1958,2011 2005,2011 2053,2011 2100,2009 2148,2011 2196,2011 2243,2011 2291,2011 2338,2011 2386,2011 2434,2011 2481,2013 2529,2012 2576,2011 2624,2011 2672,2014 2719,2011 2767,2014 2814,2014 2862,2013 2910,2014"/>
                <Word id="tr_4_tl_21_w1" custom="readingOrder {index:0;}">
                    <Coords points="1950,1971 1950,2031 2038,2031 2038,1971"/>
                    <TextEquiv>
                        <Unicode>Sohn</Unicode>
                    </TextEquiv>
                </Word>
                <Word id="tr_4_tl_21_w2" custom="readingOrder {index:1;}">
                    <Coords points="2078,1969 2078,2029 2131,2029 2131,1969"/>
                    <TextEquiv>
                        <Unicode>von</Unicode>
                    </TextEquiv>
                </Word>
                <Word id="tr_4_tl_21_w3" custom="readingOrder {index:2;}">
                    <Coords points="2166,1971 2166,2031 2387,2031 2387,1971"/>
                    <TextEquiv>
                        <Unicode>Kindsbeinen</Unicode>
                    </TextEquiv>
                </Word>
                <Word id="tr_4_tl_21_w4" custom="readingOrder {index:3;}">
                    <Coords points="2427,1971 2427,2031 2460,2031 2460,1971"/>
                    <TextEquiv>
                        <Unicode>an</Unicode>
                    </TextEquiv>
                </Word>
                <Word id="tr_4_tl_21_w5" custom="readingOrder {index:4;}">
                    <Coords points="2500,1972 2500,2032 2558,2032 2558,1972"/>
                    <TextEquiv>
                        <Unicode>mit</Unicode>
                    </TextEquiv>
                </Word>
                <Word id="tr_4_tl_21_w6" custom="readingOrder {index:5;}">
                    <Coords points="2589,1972 2589,2032 2716,2032 2716,1972"/>
                    <TextEquiv>
                        <Unicode>beiden,</Unicode>
                    </TextEquiv>
                </Word>
                <Word id="tr_4_tl_21_w7" custom="readingOrder {index:6;}">
                    <Coords points="2741,1974 2741,2034 2883,2034 2883,1974"/>
                    <TextEquiv>
                        <Unicode>Medizin</Unicode>
                    </TextEquiv>
                </Word>
                <TextEquiv>
                    <Unicode>Sohn von Kindsbeinen an mit beiden, Medizin</Unicode>
                </TextEquiv>
            </TextLine>
            <TextLine id="tr_4_tl_22" custom="readingOrder {index:21;}">
                <Coords points="1954,2066 2917,2088 2917,2023 2883,2021 1954,2034"/>
                <Baseline points="1961,2059 2008,2059 2056,2059 2104,2062 2152,2061 2200,2059 2248,2059 2296,2059 2344,2061 2392,2062 2440,2060 2487,2059 2535,2059 2583,2059 2631,2062 2679,2062 2727,2062 2775,2062 2823,2062 2871,2063 2919,2065"/>
                <Word id="tr_4_tl_22_w1" custom="readingOrder {index:0;}">
                    <Coords points="1954,2019 1954,2079 2008,2079 2008,2019"/>
                    <TextEquiv>
                        <Unicode>und</Unicode>
                    </TextEquiv>
                </Word>
                <Word id="tr_4_tl_22_w2" custom="readingOrder {index:1;}">
                    <Coords points="2044,2021 2044,2081 2159,2081 2159,2021"/>
                    <TextEquiv>
                        <Unicode>Kunst,</Unicode>
                    </TextEquiv>
                </Word>
                <Word id="tr_4_tl_22_w3" custom="readingOrder {index:2;}">
                    <Coords points="2185,2019 2185,2079 2210,2079 2210,2019"/>
                    <TextEquiv>
                        <Unicode>in</Unicode>
                    </TextEquiv>
                </Word>
                <Word id="tr_4_tl_22_w4" custom="readingOrder {index:3;}">
                    <Coords points="2251,2021 2251,2081 2447,2081 2447,2021"/>
                    <TextEquiv>
                        <Unicode>Gerührung</Unicode>
                    </TextEquiv>
                </Word>
                <Word id="tr_4_tl_22_w5" custom="readingOrder {index:4;}">
                    <Coords points="2488,2019 2488,2079 2547,2079 2547,2019"/>
                    <TextEquiv>
                        <Unicode>und</Unicode>
                    </TextEquiv>
                </Word>
                <Word id="tr_4_tl_22_w6" custom="readingOrder {index:5;}">
                    <Coords points="2583,2020 2583,2080 2638,2080 2638,2020"/>
                    <TextEquiv>
                        <Unicode>das</Unicode>
                    </TextEquiv>
                </Word>
                <Word id="tr_4_tl_22_w7" custom="readingOrder {index:6;}">
                    <Coords points="2679,2022 2679,2082 2784,2082 2784,2022"/>
                    <TextEquiv>
                        <Unicode>wurde</Unicode>
                    </TextEquiv>
                </Word>
                <Word id="tr_4_tl_22_w8" custom="readingOrder {index:7;}">
                    <Coords points="2825,2022 2825,2082 2885,2082 2885,2022"/>
                    <TextEquiv>
                        <Unicode>sein</Unicode>
                    </TextEquiv>
                </Word>
                <TextEquiv>
                    <Unicode>und Kunst, in Gerührung und das wurde sein</Unicode>
                </TextEquiv>
            </TextLine>
            <TextLine id="tr_4_tl_23" custom="readingOrder {index:22;}">
                <Coords points="1945,2123 2908,2133 2908,2080 2815,2066 1945,2085"/>
                <Baseline points="1952,2104 1999,2107 2047,2107 2095,2108 2143,2109 2191,2107 2239,2107 2287,2107 2335,2107 2383,2107 2431,2107 2478,2107 2526,2109 2574,2110 2622,2110 2670,2110 2718,2110 2766,2110 2814,2111 2862,2114 2910,2113"/>
                <Word id="tr_4_tl_23_w1" custom="readingOrder {index:0;}">
                    <Coords points="1945,2067 1945,2127 2113,2127 2113,2067"/>
                    <TextEquiv>
                        <Unicode>Schicksal.</Unicode>
                    </TextEquiv>
                </Word>
                <Word id="tr_4_tl_23_w2" custom="readingOrder {index:1;}">
                    <Coords points="2162,2067 2162,2127 2205,2127 2205,2067"/>
                    <TextEquiv>
                        <Unicode>Er</Unicode>
                    </TextEquiv>
                </Word>
                <Word id="tr_4_tl_23_w3" custom="readingOrder {index:2;}">
                    <Coords points="2239,2067 2239,2127 2395,2127 2395,2067"/>
                    <TextEquiv>
                        <Unicode>studierte</Unicode>
                    </TextEquiv>
                </Word>
                <Word id="tr_4_tl_23_w4" custom="readingOrder {index:3;}">
                    <Coords points="2428,2067 2428,2127 2455,2127 2455,2067"/>
                    <TextEquiv>
                        <Unicode>in</Unicode>
                    </TextEquiv>
                </Word>
                <Word id="tr_4_tl_23_w5" custom="readingOrder {index:4;}">
                    <Coords points="2499,2069 2499,2129 2591,2129 2591,2069"/>
                    <TextEquiv>
                        <Unicode>Wien</Unicode>
                    </TextEquiv>
                </Word>
                <Word id="tr_4_tl_23_w6" custom="readingOrder {index:5;}">
                    <Coords points="2629,2070 2629,2130 2678,2130 2678,2070"/>
                    <TextEquiv>
                        <Unicode>die</Unicode>
                    </TextEquiv>
                </Word>
                <Word id="tr_4_tl_23_w7" custom="readingOrder {index:6;}">
                    <Coords points="2732,2071 2732,2131 2900,2131 2900,2071"/>
                    <TextEquiv>
                        <Unicode>Medizin,</Unicode>
                    </TextEquiv>
                </Word>
                <TextEquiv>
                    <Unicode>Schicksal. Er studierte in Wien die Medizin,</Unicode>
                </TextEquiv>
            </TextLine>
            <TextLine id="tr_4_tl_24" custom="readingOrder {index:23;}">
                <Coords points="1945,2166 2902,2165 2865,2117 1945,2120"/>
                <Baseline points="1952,2155 1999,2155 2047,2155 2094,2155 2142,2154 2190,2153 2237,2155 2285,2155 2332,2155 2380,2155 2428,2157 2475,2158 2523,2158 2570,2158 2618,2158 2666,2158 2713,2158 2761,2158 2808,2158 2856,2160 2904,2155"/>
                <Word id="tr_4_tl_24_w1" custom="readingOrder {index:0;}">
                    <Coords points="1945,2115 1945,2175 2166,2175 2166,2115"/>
                    <TextEquiv>
                        <Unicode>promovierte</Unicode>
                    </TextEquiv>
                </Word>
                <Word id="tr_4_tl_24_w2" custom="readingOrder {index:1;}">
                    <Coords points="2198,2115 2198,2175 2285,2175 2285,2115"/>
                    <TextEquiv>
                        <Unicode>1885,</Unicode>
                    </TextEquiv>
                </Word>
                <Word id="tr_4_tl_24_w3" custom="readingOrder {index:2;}">
                    <Coords points="2307,2115 2307,2175 2414,2175 2414,2115"/>
                    <TextEquiv>
                        <Unicode>wurde</Unicode>
                    </TextEquiv>
                </Word>
                <Word id="tr_4_tl_24_w4" custom="readingOrder {index:3;}">
                    <Coords points="2446,2118 2446,2178 2512,2178 2512,2118"/>
                    <TextEquiv>
                        <Unicode>acht</Unicode>
                    </TextEquiv>
                </Word>
                <Word id="tr_4_tl_24_w5" custom="readingOrder {index:4;}">
                    <Coords points="2539,2118 2539,2178 2647,2178 2647,2118"/>
                    <TextEquiv>
                        <Unicode>Jahre</Unicode>
                    </TextEquiv>
                </Word>
                <Word id="tr_4_tl_24_w6" custom="readingOrder {index:5;}">
                    <Coords points="2679,2118 2679,2178 2781,2178 2781,2118"/>
                    <TextEquiv>
                        <Unicode>später</Unicode>
                    </TextEquiv>
                </Word>
                <Word id="tr_4_tl_24_w7" custom="readingOrder {index:6;}">
                    <Coords points="2808,2119 2808,2179 2890,2179 2890,2119"/>
                    <TextEquiv>
                        <Unicode>Assi¬</Unicode>
                    </TextEquiv>
                </Word>
                <TextEquiv>
                    <Unicode>promovierte 1885, wurde acht Jahre später Assi¬</Unicode>
                </TextEquiv>
            </TextLine>
            <TextLine id="tr_4_tl_25" custom="readingOrder {index:24;}">
                <Coords points="1951,2214 2896,2228 2896,2177 2833,2166 1951,2163"/>
                <Baseline points="1958,2202 2005,2202 2052,2202 2099,2202 2146,2202 2193,2202 2240,2202 2287,2203 2334,2205 2381,2205 2428,2205 2475,2205 2522,2205 2569,2205 2616,2205 2663,2205 2710,2205 2757,2208 2804,2208 2851,2205 2898,2205"/>
                <Word id="tr_4_tl_25_w1" custom="readingOrder {index:0;}">
                    <Coords points="1951,2162 1951,2222 2025,2222 2025,2162"/>
                    <TextEquiv>
                        <Unicode>stent</Unicode>
                    </TextEquiv>
                </Word>
                <Word id="tr_4_tl_25_w2" custom="readingOrder {index:1;}">
                    <Coords points="2051,2162 2051,2222 2152,2222 2152,2162"/>
                    <TextEquiv>
                        <Unicode>seines</Unicode>
                    </TextEquiv>
                </Word>
                <Word id="tr_4_tl_25_w3" custom="readingOrder {index:2;}">
                    <Coords points="2183,2162 2183,2222 2308,2222 2308,2162"/>
                    <TextEquiv>
                        <Unicode>Vaters</Unicode>
                    </TextEquiv>
                </Word>
                <Word id="tr_4_tl_25_w4" custom="readingOrder {index:3;}">
                    <Coords points="2339,2165 2339,2225 2399,2225 2399,2165"/>
                    <TextEquiv>
                        <Unicode>und</Unicode>
                    </TextEquiv>
                </Word>
                <Word id="tr_4_tl_25_w5" custom="readingOrder {index:4;}">
                    <Coords points="2430,2165 2430,2225 2506,2225 2506,2165"/>
                    <TextEquiv>
                        <Unicode>ging</Unicode>
                    </TextEquiv>
                </Word>
                <Word id="tr_4_tl_25_w6" custom="readingOrder {index:5;}">
                    <Coords points="2536,2165 2536,2225 2616,2225 2616,2165"/>
                    <TextEquiv>
                        <Unicode>dann</Unicode>
                    </TextEquiv>
                </Word>
                <Word id="tr_4_tl_25_w7" custom="readingOrder {index:6;}">
                    <Coords points="2658,2165 2658,2225 2682,2225 2682,2165"/>
                    <TextEquiv>
                        <Unicode>in</Unicode>
                    </TextEquiv>
                </Word>
                <Word id="tr_4_tl_25_w8" custom="readingOrder {index:7;}">
                    <Coords points="2713,2166 2713,2226 2768,2226 2768,2166"/>
                    <TextEquiv>
                        <Unicode>den</Unicode>
                    </TextEquiv>
                </Word>
                <Word id="tr_4_tl_25_w9" custom="readingOrder {index:8;}">
                    <Coords points="2804,2165 2804,2225 2894,2225 2894,2165"/>
                    <TextEquiv>
                        <Unicode>mili¬</Unicode>
                    </TextEquiv>
                </Word>
                <TextEquiv>
                    <Unicode>stent seines Vaters und ging dann in den mili¬</Unicode>
                </TextEquiv>
            </TextLine>
            <TextLine id="tr_4_tl_26" custom="readingOrder {index:25;}">
                <Coords points="1945,2254 2904,2271 2904,2234 2782,2213 1945,2215"/>
                <Baseline points="1952,2247 1999,2250 2047,2250 2095,2250 2143,2250 2190,2250 2238,2250 2286,2251 2334,2253 2381,2253 2429,2253 2477,2253 2525,2253 2572,2253 2620,2253 2668,2253 2716,2256 2763,2256 2811,2256 2859,2256 2907,2253"/>
                <Word id="tr_4_tl_26_w1" custom="readingOrder {index:0;}">
                    <Coords points="1945,2210 1945,2270 2165,2270 2165,2210"/>
                    <TextEquiv>
                        <Unicode>tärärztlichen</Unicode>
                    </TextEquiv>
                </Word>
                <Word id="tr_4_tl_26_w2" custom="readingOrder {index:1;}">
                    <Coords points="2207,2210 2207,2270 2322,2270 2322,2210"/>
                    <TextEquiv>
                        <Unicode>Dienst</Unicode>
                    </TextEquiv>
                </Word>
                <Word id="tr_4_tl_26_w3" custom="readingOrder {index:2;}">
                    <Coords points="2353,2213 2353,2273 2423,2273 2423,2213"/>
                    <TextEquiv>
                        <Unicode>ein.</Unicode>
                    </TextEquiv>
                </Word>
                <Word id="tr_4_tl_26_w4" custom="readingOrder {index:3;}">
                    <Coords points="2464,2213 2464,2273 2569,2273 2569,2213"/>
                    <TextEquiv>
                        <Unicode>Allein</Unicode>
                    </TextEquiv>
                </Word>
                <Word id="tr_4_tl_26_w5" custom="readingOrder {index:4;}">
                    <Coords points="2610,2213 2610,2273 2660,2273 2660,2213"/>
                    <TextEquiv>
                        <Unicode>die</Unicode>
                    </TextEquiv>
                </Word>
                <Word id="tr_4_tl_26_w6" custom="readingOrder {index:5;}">
                    <Coords points="2691,2216 2691,2276 2791,2276 2791,2216"/>
                    <TextEquiv>
                        <Unicode>Kunst</Unicode>
                    </TextEquiv>
                </Word>
                <Word id="tr_4_tl_26_w7" custom="readingOrder {index:6;}">
                    <Coords points="2822,2216 2822,2276 2892,2276 2892,2216"/>
                    <TextEquiv>
                        <Unicode>zer¬</Unicode>
                    </TextEquiv>
                </Word>
                <TextEquiv>
                    <Unicode>tärärztlichen Dienst ein. Allein die Kunst zer¬</Unicode>
                </TextEquiv>
            </TextLine>
            <TextLine id="tr_4_tl_27" custom="readingOrder {index:26;}">
                <Coords points="1949,2309 2910,2321 2910,2277 2845,2266 2406,2263 2362,2292 2320,2261 1949,2256"/>
                <Baseline points="1955,2298 2002,2298 2050,2298 2098,2299 2146,2301 2194,2301 2242,2301 2290,2301 2338,2301 2386,2301 2434,2303 2481,2302 2529,2301 2577,2301 2625,2304 2673,2304 2721,2301 2769,2304 2817,2304 2865,2304 2913,2304"/>
                <Word id="tr_4_tl_27_w1" custom="readingOrder {index:0;}">
                    <Coords points="1943,2258 1943,2318 2036,2318 2036,2258"/>
                    <TextEquiv>
                        <Unicode>störte</Unicode>
                    </TextEquiv>
                </Word>
                <Word id="tr_4_tl_27_w2" custom="readingOrder {index:1;}">
                    <Coords points="2066,2259 2066,2319 2145,2319 2145,2259"/>
                    <TextEquiv>
                        <Unicode>diese</Unicode>
                    </TextEquiv>
                </Word>
                <Word id="tr_4_tl_27_w3" custom="readingOrder {index:2;}">
                    <Coords points="2170,2261 2170,2321 2347,2321 2347,2261"/>
                    <TextEquiv>
                        <Unicode>Karriere.</Unicode>
                    </TextEquiv>
                </Word>
                <Word id="tr_4_tl_27_w4" custom="readingOrder {index:3;}">
                    <Coords points="2382,2262 2382,2322 2564,2322 2564,2262"/>
                    <TextEquiv>
                        <Unicode>Schnitzler</Unicode>
                    </TextEquiv>
                </Word>
                <Word id="tr_4_tl_27_w5" custom="readingOrder {index:4;}">
                    <Coords points="2594,2264 2594,2324 2701,2324 2701,2264"/>
                    <TextEquiv>
                        <Unicode>mußte</Unicode>
                    </TextEquiv>
                </Word>
                <Word id="tr_4_tl_27_w6" custom="readingOrder {index:5;}">
                    <Coords points="2732,2263 2732,2323 2800,2323 2800,2263"/>
                    <TextEquiv>
                        <Unicode>nach</Unicode>
                    </TextEquiv>
                </Word>
                <Word id="tr_4_tl_27_w7" custom="readingOrder {index:6;}">
                    <Coords points="2835,2264 2835,2324 2889,2324 2889,2264"/>
                    <TextEquiv>
                        <Unicode>der</Unicode>
                    </TextEquiv>
                </Word>
                <TextEquiv>
                    <Unicode>störte diese Karriere. Schnitzler mußte nach der</Unicode>
                </TextEquiv>
            </TextLine>
            <TextLine id="tr_4_tl_28" custom="readingOrder {index:27;}">
                <Coords points="1939,2360 2793,2376 2902,2364 2901,2311 1938,2317"/>
                <Baseline points="1946,2346 1993,2346 2041,2346 2089,2349 2137,2349 2185,2349 2233,2350 2281,2352 2329,2350 2377,2351 2425,2352 2472,2352 2520,2352 2568,2352 2616,2352 2664,2352 2712,2352 2760,2355 2808,2355 2856,2354 2904,2349"/>
                <Word id="tr_4_tl_28_w1" custom="readingOrder {index:0;}">
                    <Coords points="1938,2309 1938,2369 2241,2369 2241,2309"/>
                    <TextEquiv>
                        <Unicode>Veröffentlichung</Unicode>
                    </TextEquiv>
                </Word>
                <Word id="tr_4_tl_28_w2" custom="readingOrder {index:1;}">
                    <Coords points="2283,2310 2283,2370 2391,2370 2391,2310"/>
                    <TextEquiv>
                        <Unicode>seines</Unicode>
                    </TextEquiv>
                </Word>
                <Word id="tr_4_tl_28_w3" custom="readingOrder {index:2;}">
                    <Coords points="2432,2312 2432,2372 2617,2372 2617,2312"/>
                    <TextEquiv>
                        <Unicode>„Leutnant</Unicode>
                    </TextEquiv>
                </Word>
                <Word id="tr_4_tl_28_w4" custom="readingOrder {index:3;}">
                    <Coords points="2654,2312 2654,2372 2767,2372 2767,2312"/>
                    <TextEquiv>
                        <Unicode>Gustl“</Unicode>
                    </TextEquiv>
                </Word>
                <Word id="tr_4_tl_28_w5" custom="readingOrder {index:4;}">
                    <Coords points="2798,2314 2798,2374 2885,2374 2885,2314"/>
                    <TextEquiv>
                        <Unicode>quit¬</Unicode>
                    </TextEquiv>
                </Word>
                <TextEquiv>
                    <Unicode>Veröffentlichung seines „Leutnant Gustl“ quit¬</Unicode>
                </TextEquiv>
            </TextLine>
            <TextLine id="tr_4_tl_29" custom="readingOrder {index:28;}">
                <Coords points="1939,2411 1970,2416 1998,2401 2009,2411 2023,2413 2059,2403 2077,2405 2077,2362 2058,2364 2043,2357 2030,2365 2011,2362 1999,2368 1991,2363 1983,2367 1967,2356 1939,2362"/>
                <Baseline points="1946,2396 1972,2394 1999,2394 2026,2395 2053,2395 2080,2393"/>
                <Word id="tr_4_tl_29_w1" custom="readingOrder {index:0;}">
                    <Coords points="1939,2354 1939,2414 2075,2414 2075,2354"/>
                    <TextEquiv>
                        <Unicode>tieren!</Unicode>
                    </TextEquiv>
                </Word>
                <TextEquiv>
                    <Unicode>tieren!</Unicode>
                </TextEquiv>
            </TextLine>
            <TextLine id="tr_4_tl_30" custom="readingOrder {index:29;}">
                <Coords points="1999,2461 2895,2466 2894,2421 2837,2412 1998,2411"/>
                <Baseline points="2005,2441 2049,2447 2094,2450 2138,2453 2183,2453 2228,2453 2272,2453 2317,2453 2362,2453 2406,2453 2451,2456 2496,2456 2540,2456 2585,2456 2630,2456 2674,2456 2719,2459 2764,2459 2808,2459 2853,2459 2898,2456"/>
                <Word id="tr_4_tl_30_w1" custom="readingOrder {index:0;}">
                    <Coords points="1998,2404 1998,2464 2067,2464 2067,2404"/>
                    <TextEquiv>
                        <Unicode>Der</Unicode>
                    </TextEquiv>
                </Word>
                <Word id="tr_4_tl_30_w2" custom="readingOrder {index:1;}">
                    <Coords points="2098,2413 2098,2473 2198,2473 2198,2413"/>
                    <TextEquiv>
                        <Unicode>junge</Unicode>
                    </TextEquiv>
                </Word>
                <Word id="tr_4_tl_30_w3" custom="readingOrder {index:2;}">
                    <Coords points="2234,2413 2234,2473 2364,2473 2364,2413"/>
                    <TextEquiv>
                        <Unicode>Wiener</Unicode>
                    </TextEquiv>
                </Word>
                <Word id="tr_4_tl_30_w4" custom="readingOrder {index:3;}">
                    <Coords points="2400,2415 2400,2475 2485,2475 2485,2415"/>
                    <TextEquiv>
                        <Unicode>Arzt</Unicode>
                    </TextEquiv>
                </Word>
                <Word id="tr_4_tl_30_w5" custom="readingOrder {index:4;}">
                    <Coords points="2516,2416 2516,2476 2626,2476 2626,2416"/>
                    <TextEquiv>
                        <Unicode>wurde</Unicode>
                    </TextEquiv>
                </Word>
                <Word id="tr_4_tl_30_w6" custom="readingOrder {index:5;}">
                    <Coords points="2677,2419 2677,2479 2767,2479 2767,2419"/>
                    <TextEquiv>
                        <Unicode>durch</Unicode>
                    </TextEquiv>
                </Word>
                <Word id="tr_4_tl_30_w7" custom="readingOrder {index:6;}">
                    <Coords points="2823,2419 2823,2479 2878,2479 2878,2419"/>
                    <TextEquiv>
                        <Unicode>den</Unicode>
                    </TextEquiv>
                </Word>
                <TextEquiv>
                    <Unicode>Der junge Wiener Arzt wurde durch den</Unicode>
                </TextEquiv>
            </TextLine>
            <TextLine id="tr_4_tl_31" custom="readingOrder {index:30;}">
                <Coords points="1943,2505 2894,2525 2894,2472 2786,2462 1943,2461"/>
                <Baseline points="1949,2498 1996,2498 2043,2501 2090,2501 2138,2503 2185,2501 2232,2501 2280,2502 2327,2503 2374,2501 2422,2503 2469,2504 2516,2504 2563,2504 2611,2504 2658,2504 2705,2504 2753,2507 2800,2507 2847,2507 2895,2504"/>
                <Word id="tr_4_tl_31_w1" custom="readingOrder {index:0;}">
                    <Coords points="1943,2461 1943,2521 2235,2521 2235,2461"/>
                    <TextEquiv>
                        <Unicode>Einakter=Zyklus</Unicode>
                    </TextEquiv>
                </Word>
                <Word id="tr_4_tl_31_w2" custom="readingOrder {index:1;}">
                    <Coords points="2276,2461 2276,2521 2438,2521 2438,2461"/>
                    <TextEquiv>
                        <Unicode>„Anatol"</Unicode>
                    </TextEquiv>
                </Word>
                <Word id="tr_4_tl_31_w3" custom="readingOrder {index:2;}">
                    <Coords points="2473,2464 2473,2524 2644,2524 2644,2464"/>
                    <TextEquiv>
                        <Unicode>berühmt,</Unicode>
                    </TextEquiv>
                </Word>
                <Word id="tr_4_tl_31_w4" custom="readingOrder {index:3;}">
                    <Coords points="2671,2464 2671,2524 2716,2524 2716,2464"/>
                    <TextEquiv>
                        <Unicode>die</Unicode>
                    </TextEquiv>
                </Word>
                <Word id="tr_4_tl_31_w5" custom="readingOrder {index:4;}">
                    <Coords points="2752,2467 2752,2527 2882,2527 2882,2467"/>
                    <TextEquiv>
                        <Unicode>graziös</Unicode>
                    </TextEquiv>
                </Word>
                <TextEquiv>
                    <Unicode>Einakter=Zyklus „Anatol" berühmt, die graziös</Unicode>
                </TextEquiv>
            </TextLine>
            <TextLine id="tr_4_tl_32" custom="readingOrder {index:31;}">
                <Coords points="1937,2562 2904,2561 2904,2521 2029,2529 1937,2502"/>
                <Baseline points="1943,2549 1991,2546 2039,2546 2087,2550 2135,2552 2184,2552 2232,2551 2280,2549 2328,2551 2376,2552 2425,2552 2473,2552 2521,2555 2569,2552 2617,2552 2666,2555 2714,2555 2762,2555 2810,2555 2858,2555 2907,2552"/>
                <Word id="tr_4_tl_32_w1" custom="readingOrder {index:0;}">
                    <Coords points="1941,2507 1941,2567 1999,2567 1999,2507"/>
                    <TextEquiv>
                        <Unicode>und</Unicode>
                    </TextEquiv>
                </Word>
                <Word id="tr_4_tl_32_w2" custom="readingOrder {index:1;}">
                    <Coords points="2039,2509 2039,2569 2112,2569 2112,2509"/>
                    <TextEquiv>
                        <Unicode>klug</Unicode>
                    </TextEquiv>
                </Word>
                <Word id="tr_4_tl_32_w3" custom="readingOrder {index:2;}">
                    <Coords points="2152,2509 2152,2569 2362,2569 2362,2509"/>
                    <TextEquiv>
                        <Unicode>geschrieben,</Unicode>
                    </TextEquiv>
                </Word>
                <Word id="tr_4_tl_32_w4" custom="readingOrder {index:3;}">
                    <Coords points="2392,2513 2392,2573 2603,2573 2603,2513"/>
                    <TextEquiv>
                        <Unicode>interessante</Unicode>
                    </TextEquiv>
                </Word>
                <Word id="tr_4_tl_32_w5" custom="readingOrder {index:4;}">
                    <Coords points="2638,2515 2638,2575 2770,2575 2770,2515"/>
                    <TextEquiv>
                        <Unicode>Wiener</Unicode>
                    </TextEquiv>
                </Word>
                <Word id="tr_4_tl_32_w6" custom="readingOrder {index:5;}">
                    <Coords points="2810,2515 2810,2575 2878,2575 2878,2515"/>
                    <TextEquiv>
                        <Unicode>Ty¬</Unicode>
                    </TextEquiv>
                </Word>
                <TextEquiv>
                    <Unicode>und klug geschrieben, interessante Wiener Ty¬</Unicode>
                </TextEquiv>
            </TextLine>
            <TextLine id="tr_4_tl_33" custom="readingOrder {index:32;}">
                <Coords points="1933,2600 2897,2614 2889,2556 1933,2567"/>
                <Baseline points="1940,2596 1987,2596 2035,2596 2083,2596 2131,2596 2179,2597 2227,2598 2275,2596 2323,2598 2371,2599 2419,2599 2466,2601 2514,2602 2562,2602 2610,2602 2658,2602 2706,2602 2754,2601 2802,2600 2850,2602 2898,2599"/>
                <Word id="tr_4_tl_33_w1" custom="readingOrder {index:0;}">
                    <Coords points="1938,2556 1938,2616 1989,2616 1989,2556"/>
                    <TextEquiv>
                        <Unicode>pen</Unicode>
                    </TextEquiv>
                </Word>
                <Word id="tr_4_tl_33_w2" custom="readingOrder {index:1;}">
                    <Coords points="2021,2556 2021,2616 2191,2616 2191,2556"/>
                    <TextEquiv>
                        <Unicode>schildern.</Unicode>
                    </TextEquiv>
                </Word>
                <Word id="tr_4_tl_33_w3" custom="readingOrder {index:2;}">
                    <Coords points="2228,2556 2228,2616 2299,2616 2299,2556"/>
                    <TextEquiv>
                        <Unicode>1893</Unicode>
                    </TextEquiv>
                </Word>
                <Word id="tr_4_tl_33_w4" custom="readingOrder {index:3;}">
                    <Coords points="2332,2559 2332,2619 2455,2619 2455,2559"/>
                    <TextEquiv>
                        <Unicode>erschien</Unicode>
                    </TextEquiv>
                </Word>
                <Word id="tr_4_tl_33_w5" custom="readingOrder {index:4;}">
                    <Coords points="2497,2562 2497,2622 2585,2622 2585,2562"/>
                    <TextEquiv>
                        <Unicode>„Das</Unicode>
                    </TextEquiv>
                </Word>
                <Word id="tr_4_tl_33_w6" custom="readingOrder {index:5;}">
                    <Coords points="2616,2562 2616,2622 2786,2622 2786,2562"/>
                    <TextEquiv>
                        <Unicode>Märchen"</Unicode>
                    </TextEquiv>
                </Word>
                <Word id="tr_4_tl_33_w7" custom="readingOrder {index:6;}">
                    <Coords points="2818,2561 2818,2621 2879,2621 2879,2561"/>
                    <TextEquiv>
                        <Unicode>und</Unicode>
                    </TextEquiv>
                </Word>
                <TextEquiv>
                    <Unicode>pen schildern. 1893 erschien „Das Märchen" und</Unicode>
                </TextEquiv>
            </TextLine>
            <TextLine id="tr_4_tl_34" custom="readingOrder {index:33;}">
                <Coords points="1933,2664 2908,2661 2901,2614 1933,2609"/>
                <Baseline points="1940,2644 1988,2644 2037,2644 2085,2645 2134,2647 2182,2646 2231,2646 2279,2645 2328,2648 2376,2650 2425,2647 2473,2647 2522,2647 2570,2647 2619,2650 2667,2650 2716,2650 2764,2650 2813,2650 2861,2652 2910,2653"/>
                <Word id="tr_4_tl_34_w1" custom="readingOrder {index:0;}">
                    <Coords points="1938,2604 1938,2664 2015,2664 2015,2604"/>
                    <TextEquiv>
                        <Unicode>dann</Unicode>
                    </TextEquiv>
                </Word>
                <Word id="tr_4_tl_34_w2" custom="readingOrder {index:1;}">
                    <Coords points="2062,2605 2062,2665 2113,2665 2113,2605"/>
                    <TextEquiv>
                        <Unicode>die</Unicode>
                    </TextEquiv>
                </Word>
                <Word id="tr_4_tl_34_w3" custom="readingOrder {index:2;}">
                    <Coords points="2154,2605 2154,2665 2334,2665 2334,2605"/>
                    <TextEquiv>
                        <Unicode>„Liebelei"</Unicode>
                    </TextEquiv>
                </Word>
                <Word id="tr_4_tl_34_w4" custom="readingOrder {index:3;}">
                    <Coords points="2381,2607 2381,2667 2473,2667 2473,2607"/>
                    <TextEquiv>
                        <Unicode>eines</Unicode>
                    </TextEquiv>
                </Word>
                <Word id="tr_4_tl_34_w5" custom="readingOrder {index:4;}">
                    <Coords points="2531,2607 2531,2667 2587,2667 2587,2607"/>
                    <TextEquiv>
                        <Unicode>der</Unicode>
                    </TextEquiv>
                </Word>
                <Word id="tr_4_tl_34_w6" custom="readingOrder {index:5;}">
                    <Coords points="2634,2610 2634,2670 2876,2670 2876,2610"/>
                    <TextEquiv>
                        <Unicode>bedeutendsten</Unicode>
                    </TextEquiv>
                </Word>
                <TextEquiv>
                    <Unicode>dann die „Liebelei" eines der bedeutendsten</Unicode>
                </TextEquiv>
            </TextLine>
            <TextLine id="tr_4_tl_35" custom="readingOrder {index:34;}">
                <Coords points="1933,2703 2701,2725 2701,2663 1933,2663"/>
                <Baseline points="1940,2692 1978,2695 2016,2695 2054,2695 2092,2695 2131,2695 2169,2695 2207,2695 2245,2695 2283,2697 2322,2698 2360,2698 2398,2699 2436,2701 2474,2698 2513,2698 2551,2698 2589,2698 2627,2698 2665,2698 2704,2698"/>
                <Word id="tr_4_tl_35_w1" custom="readingOrder {index:0;}">
                    <Coords points="1938,2655 1938,2715 2143,2715 2143,2655"/>
                    <TextEquiv>
                        <Unicode>Schauspiele</Unicode>
                    </TextEquiv>
                </Word>
                <Word id="tr_4_tl_35_w2" custom="readingOrder {index:1;}">
                    <Coords points="2170,2655 2170,2715 2205,2715 2205,2655"/>
                    <TextEquiv>
                        <Unicode>um</Unicode>
                    </TextEquiv>
                </Word>
                <Word id="tr_4_tl_35_w3" custom="readingOrder {index:2;}">
                    <Coords points="2252,2656 2252,2716 2298,2716 2298,2656"/>
                    <TextEquiv>
                        <Unicode>die</Unicode>
                    </TextEquiv>
                </Word>
                <Word id="tr_4_tl_35_w4" custom="readingOrder {index:3;}">
                    <Coords points="2324,2658 2324,2718 2689,2718 2689,2658"/>
                    <TextEquiv>
                        <Unicode>Jahrhundertwende.</Unicode>
                    </TextEquiv>
                </Word>
                <TextEquiv>
                    <Unicode>Schauspiele um die Jahrhundertwende.</Unicode>
                </TextEquiv>
            </TextLine>
            <TextLine id="tr_4_tl_36" custom="readingOrder {index:35;}">
                <Coords points="1986,2767 2897,2781 2897,2732 2859,2725 1986,2723"/>
                <Baseline points="1993,2761 2038,2758 2083,2761 2129,2761 2174,2761 2220,2764 2265,2761 2310,2764 2356,2764 2401,2764 2447,2764 2492,2764 2537,2764 2583,2764 2628,2765 2674,2767 2719,2767 2764,2769 2810,2769 2855,2766 2901,2764"/>
                <Word id="tr_4_tl_36_w1" custom="readingOrder {index:0;}">
                    <Coords points="1986,2719 1986,2779 2034,2779 2034,2719"/>
                    <TextEquiv>
                        <Unicode>In</Unicode>
                    </TextEquiv>
                </Word>
                <Word id="tr_4_tl_36_w2" custom="readingOrder {index:1;}">
                    <Coords points="2068,2721 2068,2781 2153,2781 2153,2721"/>
                    <TextEquiv>
                        <Unicode>Wien</Unicode>
                    </TextEquiv>
                </Word>
                <Word id="tr_4_tl_36_w3" custom="readingOrder {index:2;}">
                    <Coords points="2187,2723 2187,2783 2283,2783 2283,2723"/>
                    <TextEquiv>
                        <Unicode>spielt</Unicode>
                    </TextEquiv>
                </Word>
                <Word id="tr_4_tl_36_w4" custom="readingOrder {index:3;}">
                    <Coords points="2306,2724 2306,2784 2375,2784 2375,2724"/>
                    <TextEquiv>
                        <Unicode>auch</Unicode>
                    </TextEquiv>
                </Word>
                <Word id="tr_4_tl_36_w5" custom="readingOrder {index:4;}">
                    <Coords points="2403,2724 2403,2784 2457,2784 2457,2724"/>
                    <TextEquiv>
                        <Unicode>das</Unicode>
                    </TextEquiv>
                </Word>
                <Word id="tr_4_tl_36_w6" custom="readingOrder {index:5;}">
                    <Coords points="2490,2724 2490,2784 2603,2784 2603,2724"/>
                    <TextEquiv>
                        <Unicode>nächste</Unicode>
                    </TextEquiv>
                </Word>
                <Word id="tr_4_tl_36_w7" custom="readingOrder {index:6;}">
                    <Coords points="2630,2727 2630,2787 2743,2787 2743,2727"/>
                    <TextEquiv>
                        <Unicode>Stück:</Unicode>
                    </TextEquiv>
                </Word>
                <Word id="tr_4_tl_36_w8" custom="readingOrder {index:7;}">
                    <Coords points="2766,2728 2766,2788 2879,2788 2879,2728"/>
                    <TextEquiv>
                        <Unicode>„Frei¬</Unicode>
                    </TextEquiv>
                </Word>
                <TextEquiv>
                    <Unicode>In Wien spielt auch das nächste Stück: „Frei¬</Unicode>
                </TextEquiv>
            </TextLine>
            <TextLine id="tr_4_tl_37" custom="readingOrder {index:36;}">
                <Coords points="1934,2815 2892,2816 2891,2782 2833,2775 1933,2768"/>
                <Baseline points="1940,2808 1987,2805 2035,2805 2083,2808 2131,2809 2178,2811 2226,2811 2274,2811 2322,2811 2369,2811 2417,2813 2465,2814 2513,2814 2560,2814 2608,2814 2656,2814 2704,2814 2751,2814 2799,2815 2847,2816 2895,2814"/>
                <Word id="tr_4_tl_37_w1" custom="readingOrder {index:0;}">
                    <Coords points="1938,2765 1938,2825 2027,2825 2027,2765"/>
                    <TextEquiv>
                        <Unicode>wild"</Unicode>
                    </TextEquiv>
                </Word>
                <Word id="tr_4_tl_37_w2" custom="readingOrder {index:1;}">
                    <Coords points="2070,2768 2070,2828 2181,2828 2181,2768"/>
                    <TextEquiv>
                        <Unicode>(1896).</Unicode>
                    </TextEquiv>
                </Word>
                <Word id="tr_4_tl_37_w3" custom="readingOrder {index:2;}">
                    <Coords points="2224,2771 2224,2831 2271,2831 2271,2771"/>
                    <TextEquiv>
                        <Unicode>In</Unicode>
                    </TextEquiv>
                </Word>
                <Word id="tr_4_tl_37_w4" custom="readingOrder {index:3;}">
                    <Coords points="2314,2771 2314,2831 2392,2831 2392,2771"/>
                    <TextEquiv>
                        <Unicode>diese</Unicode>
                    </TextEquiv>
                </Word>
                <Word id="tr_4_tl_37_w5" custom="readingOrder {index:4;}">
                    <Coords points="2425,2774 2425,2834 2535,2834 2535,2774"/>
                    <TextEquiv>
                        <Unicode>Jahre</Unicode>
                    </TextEquiv>
                </Word>
                <Word id="tr_4_tl_37_w6" custom="readingOrder {index:5;}">
                    <Coords points="2568,2774 2568,2834 2646,2834 2646,2774"/>
                    <TextEquiv>
                        <Unicode>fällt</Unicode>
                    </TextEquiv>
                </Word>
                <Word id="tr_4_tl_37_w7" custom="readingOrder {index:6;}">
                    <Coords points="2674,2774 2674,2834 2721,2834 2721,2774"/>
                    <TextEquiv>
                        <Unicode>die</Unicode>
                    </TextEquiv>
                </Word>
                <Word id="tr_4_tl_37_w8" custom="readingOrder {index:7;}">
                    <Coords points="2758,2775 2758,2835 2879,2835 2879,2775"/>
                    <TextEquiv>
                        <Unicode>Entste¬</Unicode>
                    </TextEquiv>
                </Word>
                <TextEquiv>
                    <Unicode>wild" (1896). In diese Jahre fällt die Entste¬</Unicode>
                </TextEquiv>
            </TextLine>
            <TextLine id="tr_4_tl_38" custom="readingOrder {index:37;}">
                <Coords points="1937,2867 2894,2875 2886,2816 2438,2841 1937,2815"/>
                <Baseline points="1943,2856 1990,2856 2038,2859 2085,2859 2133,2859 2181,2859 2228,2859 2276,2860 2323,2862 2371,2862 2419,2862 2466,2862 2514,2862 2561,2862 2609,2862 2657,2862 2704,2862 2752,2862 2799,2865 2847,2864 2895,2862"/>
                <Word id="tr_4_tl_38_w1" custom="readingOrder {index:0;}">
                    <Coords points="1937,2816 1937,2876 2012,2876 2012,2816"/>
                    <TextEquiv>
                        <Unicode>hung</Unicode>
                    </TextEquiv>
                </Word>
                <Word id="tr_4_tl_38_w2" custom="readingOrder {index:1;}">
                    <Coords points="2048,2819 2048,2879 2098,2879 2098,2819"/>
                    <TextEquiv>
                        <Unicode>des</Unicode>
                    </TextEquiv>
                </Word>
                <Word id="tr_4_tl_38_w3" custom="readingOrder {index:2;}">
                    <Coords points="2134,2819 2134,2879 2315,2879 2315,2819"/>
                    <TextEquiv>
                        <Unicode>„Reigen“,</Unicode>
                    </TextEquiv>
                </Word>
                <Word id="tr_4_tl_38_w4" custom="readingOrder {index:3;}">
                    <Coords points="2336,2822 2336,2882 2406,2882 2406,2822"/>
                    <TextEquiv>
                        <Unicode>zehn</Unicode>
                    </TextEquiv>
                </Word>
                <Word id="tr_4_tl_38_w5" custom="readingOrder {index:4;}">
                    <Coords points="2448,2822 2448,2882 2579,2882 2579,2822"/>
                    <TextEquiv>
                        <Unicode>Szenen</Unicode>
                    </TextEquiv>
                </Word>
                <Word id="tr_4_tl_38_w6" custom="readingOrder {index:5;}">
                    <Coords points="2615,2822 2615,2882 2675,2882 2675,2822"/>
                    <TextEquiv>
                        <Unicode>mit</Unicode>
                    </TextEquiv>
                </Word>
                <Word id="tr_4_tl_38_w7" custom="readingOrder {index:6;}">
                    <Coords points="2706,2822 2706,2882 2756,2882 2756,2822"/>
                    <TextEquiv>
                        <Unicode>dem</Unicode>
                    </TextEquiv>
                </Word>
                <Word id="tr_4_tl_38_w8" custom="readingOrder {index:7;}">
                    <Coords points="2802,2824 2802,2884 2882,2884 2882,2824"/>
                    <TextEquiv>
                        <Unicode>glei¬</Unicode>
                    </TextEquiv>
                </Word>
                <TextEquiv>
                    <Unicode>hung des „Reigen“, zehn Szenen mit dem glei¬</Unicode>
                </TextEquiv>
            </TextLine>
            <TextLine id="tr_4_tl_39" custom="readingOrder {index:38;}">
                <Coords points="1933,2911 2904,2927 2902,2874 1933,2869"/>
                <Baseline points="1940,2904 1988,2907 2036,2904 2084,2907 2132,2908 2181,2909 2229,2907 2277,2907 2325,2907 2373,2907 2422,2907 2470,2910 2518,2910 2566,2910 2614,2910 2663,2913 2711,2913 2759,2913 2807,2913 2855,2913 2904,2910"/>
                <Word id="tr_4_tl_39_w1" custom="readingOrder {index:0;}">
                    <Coords points="1932,2865 1932,2925 1995,2925 1995,2865"/>
                    <TextEquiv>
                        <Unicode>chen</Unicode>
                    </TextEquiv>
                </Word>
                <Word id="tr_4_tl_39_w2" custom="readingOrder {index:1;}">
                    <Coords points="2040,2867 2040,2927 2201,2927 2201,2867"/>
                    <TextEquiv>
                        <Unicode>erotischen</Unicode>
                    </TextEquiv>
                </Word>
                <Word id="tr_4_tl_39_w3" custom="readingOrder {index:2;}">
                    <Coords points="2241,2867 2241,2927 2491,2927 2491,2867"/>
                    <TextEquiv>
                        <Unicode>Grundmotiv,</Unicode>
                    </TextEquiv>
                </Word>
                <Word id="tr_4_tl_39_w4" custom="readingOrder {index:3;}">
                    <Coords points="2521,2870 2521,2930 2569,2930 2569,2870"/>
                    <TextEquiv>
                        <Unicode>die</Unicode>
                    </TextEquiv>
                </Word>
                <Word id="tr_4_tl_39_w5" custom="readingOrder {index:4;}">
                    <Coords points="2609,2871 2609,2931 2682,2931 2682,2871"/>
                    <TextEquiv>
                        <Unicode>aber</Unicode>
                    </TextEquiv>
                </Word>
                <Word id="tr_4_tl_39_w6" custom="readingOrder {index:5;}">
                    <Coords points="2717,2873 2717,2933 2775,2933 2775,2873"/>
                    <TextEquiv>
                        <Unicode>erst</Unicode>
                    </TextEquiv>
                </Word>
                <Word id="tr_4_tl_39_w7" custom="readingOrder {index:6;}">
                    <Coords points="2810,2873 2810,2933 2878,2933 2878,2873"/>
                    <TextEquiv>
                        <Unicode>viel</Unicode>
                    </TextEquiv>
                </Word>
                <TextEquiv>
                    <Unicode>chen erotischen Grundmotiv, die aber erst viel</Unicode>
                </TextEquiv>
            </TextLine>
            <TextLine id="tr_4_tl_40" custom="readingOrder {index:39;}">
                <Coords points="1938,2966 2895,2976 2894,2937 2809,2917 1937,2912"/>
                <Baseline points="1943,2955 1990,2955 2038,2955 2086,2957 2134,2955 2181,2955 2229,2955 2277,2955 2325,2957 2372,2958 2420,2960 2468,2959 2516,2958 2563,2961 2611,2961 2659,2961 2707,2961 2754,2961 2802,2961 2850,2961 2898,2958"/>
                <Word id="tr_4_tl_40_w1" custom="readingOrder {index:0;}">
                    <Coords points="1937,2915 1937,2975 2037,2975 2037,2915"/>
                    <TextEquiv>
                        <Unicode>später</Unicode>
                    </TextEquiv>
                </Word>
                <Word id="tr_4_tl_40_w2" custom="readingOrder {index:1;}">
                    <Coords points="2068,2915 2068,2975 2213,2975 2213,2915"/>
                    <TextEquiv>
                        <Unicode>gedruckt</Unicode>
                    </TextEquiv>
                </Word>
                <Word id="tr_4_tl_40_w3" custom="readingOrder {index:2;}">
                    <Coords points="2244,2915 2244,2975 2309,2975 2309,2915"/>
                    <TextEquiv>
                        <Unicode>und</Unicode>
                    </TextEquiv>
                </Word>
                <Word id="tr_4_tl_40_w4" custom="readingOrder {index:3;}">
                    <Coords points="2345,2918 2345,2978 2435,2978 2435,2918"/>
                    <TextEquiv>
                        <Unicode>1920,</Unicode>
                    </TextEquiv>
                </Word>
                <Word id="tr_4_tl_40_w5" custom="readingOrder {index:4;}">
                    <Coords points="2461,2919 2461,2979 2621,2979 2621,2919"/>
                    <TextEquiv>
                        <Unicode>durchaus</Unicode>
                    </TextEquiv>
                </Word>
                <Word id="tr_4_tl_40_w6" custom="readingOrder {index:5;}">
                    <Coords points="2677,2921 2677,2981 2757,2981 2757,2921"/>
                    <TextEquiv>
                        <Unicode>nicht</Unicode>
                    </TextEquiv>
                </Word>
                <Word id="tr_4_tl_40_w7" custom="readingOrder {index:6;}">
                    <Coords points="2808,2921 2808,2981 2863,2981 2863,2921"/>
                    <TextEquiv>
                        <Unicode>dem</Unicode>
                    </TextEquiv>
                </Word>
                <TextEquiv>
                    <Unicode>später gedruckt und 1920, durchaus nicht dem</Unicode>
                </TextEquiv>
            </TextLine>
            <TextLine id="tr_4_tl_41" custom="readingOrder {index:40;}">
                <Coords points="1939,3014 2890,3010 2873,2972 1939,2967"/>
                <Baseline points="1946,2999 1993,3002 2040,3002 2087,3002 2135,3002 2182,3003 2229,3005 2277,3005 2324,3005 2371,3005 2419,3007 2466,3008 2513,3008 2560,3008 2608,3008 2655,3008 2702,3008 2750,3008 2797,3008 2844,3008 2892,3005"/>
                <Word id="tr_4_tl_41_w1" custom="readingOrder {index:0;}">
                    <Coords points="1939,2961 1939,3021 2044,3021 2044,2961"/>
                    <TextEquiv>
                        <Unicode>Willen</Unicode>
                    </TextEquiv>
                </Word>
                <Word id="tr_4_tl_41_w2" custom="readingOrder {index:1;}">
                    <Coords points="2079,2962 2079,3022 2129,3022 2129,2962"/>
                    <TextEquiv>
                        <Unicode>des</Unicode>
                    </TextEquiv>
                </Word>
                <Word id="tr_4_tl_41_w3" custom="readingOrder {index:2;}">
                    <Coords points="2160,2965 2160,3025 2305,3025 2305,2965"/>
                    <TextEquiv>
                        <Unicode>Dichters</Unicode>
                    </TextEquiv>
                </Word>
                <Word id="tr_4_tl_41_w4" custom="readingOrder {index:3;}">
                    <Coords points="2336,2967 2336,3027 2576,3027 2576,2967"/>
                    <TextEquiv>
                        <Unicode>entsprechend,</Unicode>
                    </TextEquiv>
                </Word>
                <Word id="tr_4_tl_41_w5" custom="readingOrder {index:4;}">
                    <Coords points="2597,2968 2597,3028 2687,3028 2687,2968"/>
                    <TextEquiv>
                        <Unicode>unter</Unicode>
                    </TextEquiv>
                </Word>
                <Word id="tr_4_tl_41_w6" custom="readingOrder {index:5;}">
                    <Coords points="2718,2968 2718,3028 2768,3028 2768,2968"/>
                    <TextEquiv>
                        <Unicode>dem</Unicode>
                    </TextEquiv>
                </Word>
                <Word id="tr_4_tl_41_w7" custom="readingOrder {index:6;}">
                    <Coords points="2813,2967 2813,3027 2878,3027 2878,2967"/>
                    <TextEquiv>
                        <Unicode>Wi¬</Unicode>
                    </TextEquiv>
                </Word>
                <TextEquiv>
                    <Unicode>Willen des Dichters entsprechend, unter dem Wi¬</Unicode>
                </TextEquiv>
            </TextLine>
            <TextLine id="tr_4_tl_42" custom="readingOrder {index:41;}">
                <Coords points="1933,3058 2890,3073 2890,3037 2803,3013 1933,3012"/>
                <Baseline points="1940,3050 1987,3053 2035,3053 2082,3051 2130,3053 2178,3053 2225,3053 2273,3053 2320,3054 2368,3054 2416,3055 2463,3056 2511,3056 2558,3056 2606,3059 2654,3059 2701,3056 2749,3059 2796,3059 2844,3058 2892,3053"/>
                <Word id="tr_4_tl_42_w1" custom="readingOrder {index:0;}">
                    <Coords points="1933,3013 1933,3073 2093,3073 2093,3013"/>
                    <TextEquiv>
                        <Unicode>derspruch</Unicode>
                    </TextEquiv>
                </Word>
                <Word id="tr_4_tl_42_w2" custom="readingOrder {index:1;}">
                    <Coords points="2124,3013 2124,3073 2390,3073 2390,3013"/>
                    <TextEquiv>
                        <Unicode>rechtsstehender</Unicode>
                    </TextEquiv>
                </Word>
                <Word id="tr_4_tl_42_w3" custom="readingOrder {index:2;}">
                    <Coords points="2426,3016 2426,3076 2536,3076 2536,3016"/>
                    <TextEquiv>
                        <Unicode>Kreise</Unicode>
                    </TextEquiv>
                </Word>
                <Word id="tr_4_tl_42_w4" custom="readingOrder {index:3;}">
                    <Coords points="2572,3018 2572,3078 2762,3078 2762,3018"/>
                    <TextEquiv>
                        <Unicode>aufgeführt</Unicode>
                    </TextEquiv>
                </Word>
                <Word id="tr_4_tl_42_w5" custom="readingOrder {index:4;}">
                    <Coords points="2793,3018 2793,3078 2878,3078 2878,3018"/>
                    <TextEquiv>
                        <Unicode>wur¬</Unicode>
                    </TextEquiv>
                </Word>
                <TextEquiv>
                    <Unicode>derspruch rechtsstehender Kreise aufgeführt wur¬</Unicode>
                </TextEquiv>
            </TextLine>
            <TextLine id="tr_4_tl_43" custom="readingOrder {index:42;}">
                <Coords points="1932,3109 2886,3122 2902,3067 2061,3062 2030,3092 1930,3063"/>
                <Baseline points="1937,3098 1985,3101 2034,3101 2082,3101 2131,3101 2179,3101 2228,3101 2276,3103 2325,3104 2373,3104 2422,3104 2470,3107 2519,3107 2567,3104 2616,3106 2664,3105 2713,3107 2761,3107 2810,3107 2858,3107 2907,3107"/>
                <Word id="tr_4_tl_43_w1" custom="readingOrder {index:0;}">
                    <Coords points="1930,3059 1930,3119 2004,3119 2004,3059"/>
                    <TextEquiv>
                        <Unicode>den.</Unicode>
                    </TextEquiv>
                </Word>
                <Word id="tr_4_tl_43_w2" custom="readingOrder {index:1;}">
                    <Coords points="2045,3061 2045,3121 2241,3121 2241,3061"/>
                    <TextEquiv>
                        <Unicode>Schnitzlers</Unicode>
                    </TextEquiv>
                </Word>
                <Word id="tr_4_tl_43_w3" custom="readingOrder {index:2;}">
                    <Coords points="2273,3064 2273,3124 2383,3124 2383,3064"/>
                    <TextEquiv>
                        <Unicode>Werke</Unicode>
                    </TextEquiv>
                </Word>
                <Word id="tr_4_tl_43_w4" custom="readingOrder {index:3;}">
                    <Coords points="2413,3067 2413,3127 2569,3127 2569,3067"/>
                    <TextEquiv>
                        <Unicode>entstehen</Unicode>
                    </TextEquiv>
                </Word>
                <Word id="tr_4_tl_43_w5" custom="readingOrder {index:4;}">
                    <Coords points="2606,3065 2606,3125 2665,3125 2665,3065"/>
                    <TextEquiv>
                        <Unicode>nun</Unicode>
                    </TextEquiv>
                </Word>
                <Word id="tr_4_tl_43_w6" custom="readingOrder {index:5;}">
                    <Coords points="2701,3067 2701,3127 2726,3127 2726,3067"/>
                    <TextEquiv>
                        <Unicode>in</Unicode>
                    </TextEquiv>
                </Word>
                <Word id="tr_4_tl_43_w7" custom="readingOrder {index:6;}">
                    <Coords points="2762,3067 2762,3127 2877,3127 2877,3067"/>
                    <TextEquiv>
                        <Unicode>rascher</Unicode>
                    </TextEquiv>
                </Word>
                <TextEquiv>
                    <Unicode>den. Schnitzlers Werke entstehen nun in rascher</Unicode>
                </TextEquiv>
            </TextLine>
            <TextLine id="tr_4_tl_44" custom="readingOrder {index:43;}">
                <Coords points="1927,3158 2890,3170 2890,3122 2739,3112 1927,3125"/>
                <Baseline points="1934,3149 1981,3152 2029,3152 2077,3149 2125,3149 2173,3150 2221,3152 2269,3152 2317,3154 2365,3155 2413,3153 2460,3152 2508,3152 2556,3155 2604,3155 2652,3155 2700,3155 2748,3155 2796,3155 2844,3156 2892,3158"/>
                <Word id="tr_4_tl_44_w1" custom="readingOrder {index:0;}">
                    <Coords points="1932,3112 1932,3172 2050,3172 2050,3112"/>
                    <TextEquiv>
                        <Unicode>Folge.</Unicode>
                    </TextEquiv>
                </Word>
                <Word id="tr_4_tl_44_w2" custom="readingOrder {index:1;}">
                    <Coords points="2071,3109 2071,3169 2118,3169 2118,3109"/>
                    <TextEquiv>
                        <Unicode>Es</Unicode>
                    </TextEquiv>
                </Word>
                <Word id="tr_4_tl_44_w3" custom="readingOrder {index:2;}">
                    <Coords points="2154,3112 2154,3172 2350,3172 2350,3112"/>
                    <TextEquiv>
                        <Unicode>erschienen:</Unicode>
                    </TextEquiv>
                </Word>
                <Word id="tr_4_tl_44_w4" custom="readingOrder {index:3;}">
                    <Coords points="2382,3112 2382,3172 2469,3172 2469,3112"/>
                    <TextEquiv>
                        <Unicode>„Das</Unicode>
                    </TextEquiv>
                </Word>
                <Word id="tr_4_tl_44_w5" custom="readingOrder {index:4;}">
                    <Coords points="2506,3115 2506,3175 2733,3175 2733,3115"/>
                    <TextEquiv>
                        <Unicode>Vermächtnis</Unicode>
                    </TextEquiv>
                </Word>
                <Word id="tr_4_tl_44_w6" custom="readingOrder {index:5;}">
                    <Coords points="2775,3115 2775,3175 2888,3175 2888,3115"/>
                    <TextEquiv>
                        <Unicode>(1897),</Unicode>
                    </TextEquiv>
                </Word>
                <TextEquiv>
                    <Unicode>Folge. Es erschienen: „Das Vermächtnis (1897),</Unicode>
                </TextEquiv>
            </TextLine>
            <TextLine id="tr_4_tl_45" custom="readingOrder {index:44;}">
                <Coords points="1927,3201 2890,3222 2858,3165 1927,3164"/>
                <Baseline points="1934,3196 1981,3196 2029,3196 2077,3196 2125,3197 2173,3199 2221,3199 2269,3200 2317,3202 2365,3202 2413,3200 2460,3201 2508,3200 2556,3202 2604,3208 2652,3202 2700,3202 2748,3202 2796,3203 2844,3204 2892,3202"/>
                <Word id="tr_4_tl_45_w1" custom="readingOrder {index:0;}">
                    <Coords points="1932,3156 1932,3216 1979,3216 1979,3156"/>
                    <TextEquiv>
                        <Unicode>die</Unicode>
                    </TextEquiv>
                </Word>
                <Word id="tr_4_tl_45_w2" custom="readingOrder {index:1;}">
                    <Coords points="2011,3156 2011,3216 2085,3216 2085,3156"/>
                    <TextEquiv>
                        <Unicode>drei</Unicode>
                    </TextEquiv>
                </Word>
                <Word id="tr_4_tl_45_w3" custom="readingOrder {index:2;}">
                    <Coords points="2112,3159 2112,3219 2286,3219 2286,3159"/>
                    <TextEquiv>
                        <Unicode>Einakter:</Unicode>
                    </TextEquiv>
                </Word>
                <Word id="tr_4_tl_45_w4" custom="readingOrder {index:3;}">
                    <Coords points="2323,3160 2323,3220 2576,3220 2576,3160"/>
                    <TextEquiv>
                        <Unicode>„Paracelsus",</Unicode>
                    </TextEquiv>
                </Word>
                <Word id="tr_4_tl_45_w5" custom="readingOrder {index:4;}">
                    <Coords points="2624,3162 2624,3222 2708,3222 2708,3162"/>
                    <TextEquiv>
                        <Unicode>„Die</Unicode>
                    </TextEquiv>
                </Word>
                <Word id="tr_4_tl_45_w6" custom="readingOrder {index:5;}">
                    <Coords points="2741,3163 2741,3223 2882,3223 2882,3163"/>
                    <TextEquiv>
                        <Unicode>Gefähr¬</Unicode>
                    </TextEquiv>
                </Word>
                <TextEquiv>
                    <Unicode>die drei Einakter: „Paracelsus", „Die Gefähr¬</Unicode>
                </TextEquiv>
            </TextLine>
            <TextLine id="tr_4_tl_46" custom="readingOrder {index:45;}">
                <Coords points="1927,3257 2886,3267 2886,3222 2754,3212 1927,3218"/>
                <Baseline points="1934,3247 1981,3247 2029,3250 2077,3247 2125,3248 2172,3249 2220,3247 2268,3248 2316,3250 2363,3250 2411,3250 2459,3248 2507,3247 2554,3250 2602,3253 2650,3253 2698,3250 2745,3250 2793,3253 2841,3253 2889,3256"/>
                <Word id="tr_4_tl_46_w1" custom="readingOrder {index:0;}">
                    <Coords points="1932,3207 1932,3267 2014,3267 2014,3207"/>
                    <TextEquiv>
                        <Unicode>tin",</Unicode>
                    </TextEquiv>
                </Word>
                <Word id="tr_4_tl_46_w2" custom="readingOrder {index:1;}">
                    <Coords points="2040,3207 2040,3267 2127,3267 2127,3207"/>
                    <TextEquiv>
                        <Unicode>„Der</Unicode>
                    </TextEquiv>
                </Word>
                <Word id="tr_4_tl_46_w3" custom="readingOrder {index:2;}">
                    <Coords points="2163,3207 2163,3267 2266,3267 2266,3207"/>
                    <TextEquiv>
                        <Unicode>grüne</Unicode>
                    </TextEquiv>
                </Word>
                <Word id="tr_4_tl_46_w4" custom="readingOrder {index:3;}">
                    <Coords points="2303,3210 2303,3270 2451,3270 2451,3210"/>
                    <TextEquiv>
                        <Unicode>Kakadu"</Unicode>
                    </TextEquiv>
                </Word>
                <Word id="tr_4_tl_46_w5" custom="readingOrder {index:4;}">
                    <Coords points="2493,3209 2493,3269 2606,3269 2606,3209"/>
                    <TextEquiv>
                        <Unicode>(1898),</Unicode>
                    </TextEquiv>
                </Word>
                <Word id="tr_4_tl_46_w6" custom="readingOrder {index:5;}">
                    <Coords points="2633,3212 2633,3272 2689,3272 2689,3212"/>
                    <TextEquiv>
                        <Unicode>sein</Unicode>
                    </TextEquiv>
                </Word>
                <Word id="tr_4_tl_46_w7" custom="readingOrder {index:6;}">
                    <Coords points="2730,3213 2730,3273 2879,3273 2879,3213"/>
                    <TextEquiv>
                        <Unicode>Drama:</Unicode>
                    </TextEquiv>
                </Word>
                <TextEquiv>
                    <Unicode>tin", „Der grüne Kakadu" (1898), sein Drama:</Unicode>
                </TextEquiv>
            </TextLine>
            <TextLine id="tr_4_tl_47" custom="readingOrder {index:46;}">
                <Coords points="1927,3308 2902,3309 2902,3275 2802,3259 1927,3270"/>
                <Baseline points="1934,3298 1982,3295 2031,3295 2079,3295 2128,3295 2176,3295 2225,3297 2273,3298 2322,3298 2370,3298 2419,3298 2467,3298 2516,3295 2564,3295 2613,3301 2661,3301 2710,3301 2758,3301 2807,3301 2855,3301 2904,3301"/>
                <Word id="tr_4_tl_47_w1" custom="readingOrder {index:0;}">
                    <Coords points="1932,3255 1932,3315 2016,3315 2016,3255"/>
                    <TextEquiv>
                        <Unicode>„Der</Unicode>
                    </TextEquiv>
                </Word>
                <Word id="tr_4_tl_47_w2" custom="readingOrder {index:1;}">
                    <Coords points="2047,3255 2047,3315 2192,3315 2192,3255"/>
                    <TextEquiv>
                        <Unicode>Schleier</Unicode>
                    </TextEquiv>
                </Word>
                <Word id="tr_4_tl_47_w3" custom="readingOrder {index:2;}">
                    <Coords points="2228,3257 2228,3317 2282,3317 2282,3257"/>
                    <TextEquiv>
                        <Unicode>der</Unicode>
                    </TextEquiv>
                </Word>
                <Word id="tr_4_tl_47_w4" custom="readingOrder {index:3;}">
                    <Coords points="2313,3258 2313,3318 2488,3318 2488,3258"/>
                    <TextEquiv>
                        <Unicode>Beatrice“</Unicode>
                    </TextEquiv>
                </Word>
                <Word id="tr_4_tl_47_w5" custom="readingOrder {index:4;}">
                    <Coords points="2529,3257 2529,3317 2639,3317 2639,3257"/>
                    <TextEquiv>
                        <Unicode>(1899),</Unicode>
                    </TextEquiv>
                </Word>
                <Word id="tr_4_tl_47_w6" custom="readingOrder {index:5;}">
                    <Coords points="2680,3261 2680,3321 2760,3321 2760,3261"/>
                    <TextEquiv>
                        <Unicode>dann</Unicode>
                    </TextEquiv>
                </Word>
                <Word id="tr_4_tl_47_w7" custom="readingOrder {index:6;}">
                    <Coords points="2820,3261 2820,3321 2875,3321 2875,3261"/>
                    <TextEquiv>
                        <Unicode>der</Unicode>
                    </TextEquiv>
                </Word>
                <TextEquiv>
                    <Unicode>„Der Schleier der Beatrice“ (1899), dann der</Unicode>
                </TextEquiv>
            </TextLine>
            <TextLine id="tr_4_tl_48" custom="readingOrder {index:47;}">
                <Coords points="1927,3356 2846,3368 2880,3361 2880,3315 1925,3307"/>
                <Baseline points="1934,3343 1981,3343 2028,3343 2076,3344 2123,3346 2171,3345 2218,3344 2266,3346 2313,3346 2361,3346 2408,3348 2455,3347 2503,3346 2550,3348 2598,3349 2645,3349 2693,3346 2740,3349 2788,3349 2835,3349 2883,3349"/>
                <Word id="tr_4_tl_48_w1" custom="readingOrder {index:0;}">
                    <Coords points="1930,3304 1930,3364 2222,3364 2222,3304"/>
                    <TextEquiv>
                        <Unicode>Einakterzyklus:</Unicode>
                    </TextEquiv>
                </Word>
                <Word id="tr_4_tl_48_w2" custom="readingOrder {index:1;}">
                    <Coords points="2258,3306 2258,3366 2454,3366 2454,3306"/>
                    <TextEquiv>
                        <Unicode>„Lebendige</Unicode>
                    </TextEquiv>
                </Word>
                <Word id="tr_4_tl_48_w3" custom="readingOrder {index:2;}">
                    <Coords points="2495,3308 2495,3368 2691,3368 2691,3308"/>
                    <TextEquiv>
                        <Unicode>Stunden",</Unicode>
                    </TextEquiv>
                </Word>
                <Word id="tr_4_tl_48_w4" custom="readingOrder {index:3;}">
                    <Coords points="2737,3309 2737,3369 2873,3369 2873,3309"/>
                    <TextEquiv>
                        <Unicode>woraus</Unicode>
                    </TextEquiv>
                </Word>
                <TextEquiv>
                    <Unicode>Einakterzyklus: „Lebendige Stunden", woraus</Unicode>
                </TextEquiv>
            </TextLine>
            <TextLine id="tr_4_tl_49" custom="readingOrder {index:48;}">
                <Coords points="1928,3407 2905,3413 2890,3357 1927,3356"/>
                <Baseline points="1934,3390 1982,3393 2031,3393 2079,3393 2128,3393 2177,3393 2225,3393 2274,3393 2323,3393 2371,3393 2420,3396 2469,3396 2517,3396 2566,3399 2615,3399 2663,3398 2712,3396 2761,3397 2809,3399 2858,3399 2907,3396"/>
                <Word id="tr_4_tl_49_w1" custom="readingOrder {index:0;}">
                    <Coords points="1927,3353 1927,3413 2097,3413 2097,3353"/>
                    <TextEquiv>
                        <Unicode>besonders</Unicode>
                    </TextEquiv>
                </Word>
                <Word id="tr_4_tl_49_w2" custom="readingOrder {index:1;}">
                    <Coords points="2148,3353 2148,3413 2354,3413 2354,3353"/>
                    <TextEquiv>
                        <Unicode>„Literatur“</Unicode>
                    </TextEquiv>
                </Word>
                <Word id="tr_4_tl_49_w3" custom="readingOrder {index:2;}">
                    <Coords points="2400,3356 2400,3416 2601,3416 2601,3356"/>
                    <TextEquiv>
                        <Unicode>hervorragt</Unicode>
                    </TextEquiv>
                </Word>
                <Word id="tr_4_tl_49_w4" custom="readingOrder {index:3;}">
                    <Coords points="2657,3356 2657,3416 2767,3416 2767,3356"/>
                    <TextEquiv>
                        <Unicode>(1901),</Unicode>
                    </TextEquiv>
                </Word>
                <Word id="tr_4_tl_49_w5" custom="readingOrder {index:4;}">
                    <Coords points="2813,3359 2813,3419 2873,3419 2873,3359"/>
                    <TextEquiv>
                        <Unicode>das</Unicode>
                    </TextEquiv>
                </Word>
                <TextEquiv>
                    <Unicode>besonders „Literatur“ hervorragt (1901), das</Unicode>
                </TextEquiv>
            </TextLine>
            <TextLine id="tr_4_tl_50" custom="readingOrder {index:49;}">
                <Coords points="1927,3450 2854,3469 2890,3464 2889,3404 1925,3410"/>
                <Baseline points="1934,3441 1981,3441 2029,3441 2077,3442 2125,3443 2173,3441 2221,3442 2269,3444 2317,3444 2365,3444 2413,3444 2460,3446 2508,3447 2556,3444 2604,3447 2652,3447 2700,3447 2748,3447 2796,3447 2844,3447 2892,3447"/>
                <Word id="tr_4_tl_50_w1" custom="readingOrder {index:0;}">
                    <Coords points="1930,3401 1930,3461 2053,3461 2053,3401"/>
                    <TextEquiv>
                        <Unicode>Drama</Unicode>
                    </TextEquiv>
                </Word>
                <Word id="tr_4_tl_50_w2" custom="readingOrder {index:1;}">
                    <Coords points="2089,3402 2089,3462 2176,3462 2176,3402"/>
                    <TextEquiv>
                        <Unicode>„Der</Unicode>
                    </TextEquiv>
                </Word>
                <Word id="tr_4_tl_50_w3" custom="readingOrder {index:2;}">
                    <Coords points="2208,3404 2208,3464 2347,3464 2347,3404"/>
                    <TextEquiv>
                        <Unicode>einsame</Unicode>
                    </TextEquiv>
                </Word>
                <Word id="tr_4_tl_50_w4" custom="readingOrder {index:3;}">
                    <Coords points="2373,3404 2373,3464 2470,3464 2470,3404"/>
                    <TextEquiv>
                        <Unicode>Weg“</Unicode>
                    </TextEquiv>
                </Word>
                <Word id="tr_4_tl_50_w5" custom="readingOrder {index:4;}">
                    <Coords points="2507,3404 2507,3464 2620,3464 2620,3404"/>
                    <TextEquiv>
                        <Unicode>(1903),</Unicode>
                    </TextEquiv>
                </Word>
                <Word id="tr_4_tl_50_w6" custom="readingOrder {index:5;}">
                    <Coords points="2642,3407 2642,3467 2687,3467 2687,3407"/>
                    <TextEquiv>
                        <Unicode>die</Unicode>
                    </TextEquiv>
                </Word>
                <Word id="tr_4_tl_50_w7" custom="readingOrder {index:6;}">
                    <Coords points="2719,3407 2719,3467 2872,3467 2872,3407"/>
                    <TextEquiv>
                        <Unicode>Komödie</Unicode>
                    </TextEquiv>
                </Word>
                <TextEquiv>
                    <Unicode>Drama „Der einsame Weg“ (1903), die Komödie</Unicode>
                </TextEquiv>
            </TextLine>
            <TextLine id="tr_4_tl_51" custom="readingOrder {index:50;}">
                <Coords points="1927,3499 2890,3504 2890,3465 2779,3455 1927,3458"/>
                <Baseline points="1934,3492 1981,3492 2029,3492 2077,3490 2125,3492 2173,3491 2221,3490 2269,3491 2317,3491 2365,3494 2413,3495 2460,3495 2508,3495 2556,3495 2604,3495 2652,3495 2700,3495 2748,3499 2796,3500 2844,3498 2892,3495"/>
                <Word id="tr_4_tl_51_w1" custom="readingOrder {index:0;}">
                    <Coords points="1932,3450 1932,3510 2206,3510 2206,3450"/>
                    <TextEquiv>
                        <Unicode>„Zwischenspiel“</Unicode>
                    </TextEquiv>
                </Word>
                <Word id="tr_4_tl_51_w2" custom="readingOrder {index:1;}">
                    <Coords points="2244,3451 2244,3511 2354,3511 2354,3451"/>
                    <TextEquiv>
                        <Unicode>(1904);</Unicode>
                    </TextEquiv>
                </Word>
                <Word id="tr_4_tl_51_w3" custom="readingOrder {index:2;}">
                    <Coords points="2381,3455 2381,3515 2492,3515 2492,3455"/>
                    <TextEquiv>
                        <Unicode>ferner</Unicode>
                    </TextEquiv>
                </Word>
                <Word id="tr_4_tl_51_w4" custom="readingOrder {index:3;}">
                    <Coords points="2524,3455 2524,3515 2549,3515 2549,3455"/>
                    <TextEquiv>
                        <Unicode>im</Unicode>
                    </TextEquiv>
                </Word>
                <Word id="tr_4_tl_51_w5" custom="readingOrder {index:4;}">
                    <Coords points="2598,3455 2598,3515 2729,3515 2729,3455"/>
                    <TextEquiv>
                        <Unicode>gleichen</Unicode>
                    </TextEquiv>
                </Word>
                <Word id="tr_4_tl_51_w6" custom="readingOrder {index:5;}">
                    <Coords points="2767,3459 2767,3519 2872,3519 2872,3459"/>
                    <TextEquiv>
                        <Unicode>Jahre</Unicode>
                    </TextEquiv>
                </Word>
                <TextEquiv>
                    <Unicode>„Zwischenspiel“ (1904); ferner im gleichen Jahre</Unicode>
                </TextEquiv>
            </TextLine>
            <TextLine id="tr_4_tl_52" custom="readingOrder {index:51;}">
                <Coords points="1930,3544 2883,3557 2883,3517 2811,3504 2503,3499 2442,3533 2285,3499 1930,3508"/>
                <Baseline points="1937,3537 1984,3537 2031,3540 2079,3540 2126,3540 2174,3540 2221,3540 2269,3540 2316,3541 2364,3543 2411,3545 2458,3544 2506,3543 2553,3543 2601,3546 2648,3546 2696,3546 2743,3546 2791,3549 2838,3546 2886,3543"/>
                <Word id="tr_4_tl_52_w1" custom="readingOrder {index:0;}">
                    <Coords points="1929,3497 1929,3557 1993,3557 1993,3497"/>
                    <TextEquiv>
                        <Unicode>eine</Unicode>
                    </TextEquiv>
                </Word>
                <Word id="tr_4_tl_52_w2" custom="readingOrder {index:1;}">
                    <Coords points="2028,3500 2028,3560 2112,3560 2112,3500"/>
                    <TextEquiv>
                        <Unicode>neue</Unicode>
                    </TextEquiv>
                </Word>
                <Word id="tr_4_tl_52_w3" custom="readingOrder {index:2;}">
                    <Coords points="2147,3500 2147,3560 2413,3560 2413,3500"/>
                    <TextEquiv>
                        <Unicode>Einakterreihe:</Unicode>
                    </TextEquiv>
                </Word>
                <Word id="tr_4_tl_52_w4" custom="readingOrder {index:3;}">
                    <Coords points="2448,3505 2448,3565 2739,3565 2739,3505"/>
                    <TextEquiv>
                        <Unicode>„Marionetten".</Unicode>
                    </TextEquiv>
                </Word>
                <Word id="tr_4_tl_52_w5" custom="readingOrder {index:4;}">
                    <Coords points="2784,3506 2784,3566 2872,3566 2872,3506"/>
                    <TextEquiv>
                        <Unicode>„Der</Unicode>
                    </TextEquiv>
                </Word>
                <TextEquiv>
                    <Unicode>eine neue Einakterreihe: „Marionetten". „Der</Unicode>
                </TextEquiv>
            </TextLine>
            <TextLine id="tr_4_tl_53" custom="readingOrder {index:52;}">
                <Coords points="1927,3604 2884,3603 2884,3568 2818,3555 1927,3552"/>
                <Baseline points="1934,3584 1981,3587 2029,3587 2076,3587 2124,3587 2172,3587 2219,3587 2267,3588 2314,3590 2362,3590 2410,3590 2457,3590 2505,3590 2552,3590 2600,3593 2648,3590 2695,3593 2743,3593 2790,3593 2838,3593 2886,3590"/>
                <Word id="tr_4_tl_53_w1" custom="readingOrder {index:0;}">
                    <Coords points="1926,3546 1926,3606 2019,3606 2019,3546"/>
                    <TextEquiv>
                        <Unicode>junge</Unicode>
                    </TextEquiv>
                </Word>
                <Word id="tr_4_tl_53_w2" custom="readingOrder {index:1;}">
                    <Coords points="2054,3547 2054,3607 2279,3607 2279,3547"/>
                    <TextEquiv>
                        <Unicode>Medardus“,</Unicode>
                    </TextEquiv>
                </Word>
                <Word id="tr_4_tl_53_w3" custom="readingOrder {index:2;}">
                    <Coords points="2299,3550 2299,3610 2392,3610 2392,3550"/>
                    <TextEquiv>
                        <Unicode>dessen</Unicode>
                    </TextEquiv>
                </Word>
                <Word id="tr_4_tl_53_w4" custom="readingOrder {index:3;}">
                    <Coords points="2432,3550 2432,3610 2627,3610 2627,3550"/>
                    <TextEquiv>
                        <Unicode>Titelrolle,</Unicode>
                    </TextEquiv>
                </Word>
                <Word id="tr_4_tl_53_w5" custom="readingOrder {index:4;}">
                    <Coords points="2653,3551 2653,3611 2701,3611 2701,3551"/>
                    <TextEquiv>
                        <Unicode>dem</Unicode>
                    </TextEquiv>
                </Word>
                <Word id="tr_4_tl_53_w6" custom="readingOrder {index:5;}">
                    <Coords points="2746,3553 2746,3613 2863,3613 2863,3553"/>
                    <TextEquiv>
                        <Unicode>großen</Unicode>
                    </TextEquiv>
                </Word>
                <TextEquiv>
                    <Unicode>junge Medardus“, dessen Titelrolle, dem großen</Unicode>
                </TextEquiv>
            </TextLine>
            <TextLine id="tr_4_tl_54" custom="readingOrder {index:53;}">
                <Coords points="1930,3652 2883,3662 2883,3601 1930,3601"/>
                <Baseline points="1937,3638 1984,3635 2031,3635 2079,3635 2126,3636 2174,3638 2221,3638 2269,3638 2316,3639 2364,3639 2411,3638 2458,3638 2506,3638 2553,3640 2601,3641 2648,3638 2696,3641 2743,3638 2791,3641 2838,3641 2886,3638"/>
                <Word id="tr_4_tl_54_w1" custom="readingOrder {index:0;}">
                    <Coords points="1930,3595 1930,3655 2017,3655 2017,3595"/>
                    <TextEquiv>
                        <Unicode>Josef</Unicode>
                    </TextEquiv>
                </Word>
                <Word id="tr_4_tl_54_w2" custom="readingOrder {index:1;}">
                    <Coords points="2043,3595 2043,3655 2152,3655 2152,3595"/>
                    <TextEquiv>
                        <Unicode>Kainz</Unicode>
                    </TextEquiv>
                </Word>
                <Word id="tr_4_tl_54_w3" custom="readingOrder {index:2;}">
                    <Coords points="2183,3598 2183,3658 2364,3658 2364,3598"/>
                    <TextEquiv>
                        <Unicode>zugedacht,</Unicode>
                    </TextEquiv>
                </Word>
                <Word id="tr_4_tl_54_w4" custom="readingOrder {index:3;}">
                    <Coords points="2385,3598 2385,3658 2436,3658 2436,3598"/>
                    <TextEquiv>
                        <Unicode>dem</Unicode>
                    </TextEquiv>
                </Word>
                <Word id="tr_4_tl_54_w5" custom="readingOrder {index:4;}">
                    <Coords points="2488,3600 2488,3660 2638,3660 2638,3600"/>
                    <TextEquiv>
                        <Unicode>Künstler</Unicode>
                    </TextEquiv>
                </Word>
                <Word id="tr_4_tl_54_w6" custom="readingOrder {index:5;}">
                    <Coords points="2675,3599 2675,3659 2752,3659 2752,3599"/>
                    <TextEquiv>
                        <Unicode>nicht</Unicode>
                    </TextEquiv>
                </Word>
                <Word id="tr_4_tl_54_w7" custom="readingOrder {index:6;}">
                    <Coords points="2784,3601 2784,3661 2871,3661 2871,3601"/>
                    <TextEquiv>
                        <Unicode>mehr</Unicode>
                    </TextEquiv>
                </Word>
                <TextEquiv>
                    <Unicode>Josef Kainz zugedacht, dem Künstler nicht mehr</Unicode>
                </TextEquiv>
            </TextLine>
            <TextLine id="tr_4_tl_55" custom="readingOrder {index:54;}">
                <Coords points="1927,3696 2913,3706 2912,3663 2810,3648 1927,3651"/>
                <Baseline points="1934,3686 1983,3686 2032,3683 2081,3683 2130,3684 2179,3686 2228,3686 2277,3686 2326,3686 2375,3686 2425,3686 2474,3689 2523,3689 2572,3689 2621,3689 2670,3689 2719,3689 2768,3689 2817,3689 2866,3691 2916,3695"/>
                <Word id="tr_4_tl_55_w1" custom="readingOrder {index:0;}">
                    <Coords points="1926,3646 1926,3706 1955,3706 1955,3646"/>
                    <TextEquiv>
                        <Unicode>zu</Unicode>
                    </TextEquiv>
                </Word>
                <Word id="tr_4_tl_55_w2" custom="readingOrder {index:1;}">
                    <Coords points="1990,3643 1990,3703 2102,3703 2102,3643"/>
                    <TextEquiv>
                        <Unicode>spielen</Unicode>
                    </TextEquiv>
                </Word>
                <Word id="tr_4_tl_55_w3" custom="readingOrder {index:2;}">
                    <Coords points="2137,3646 2137,3706 2298,3706 2298,3646"/>
                    <TextEquiv>
                        <Unicode>vergönnt</Unicode>
                    </TextEquiv>
                </Word>
                <Word id="tr_4_tl_55_w4" custom="readingOrder {index:3;}">
                    <Coords points="2324,3646 2324,3706 2406,3706 2406,3646"/>
                    <TextEquiv>
                        <Unicode>war,</Unicode>
                    </TextEquiv>
                </Word>
                <Word id="tr_4_tl_55_w5" custom="readingOrder {index:4;}">
                    <Coords points="2427,3647 2427,3707 2465,3707 2465,3647"/>
                    <TextEquiv>
                        <Unicode>ist</Unicode>
                    </TextEquiv>
                </Word>
                <Word id="tr_4_tl_55_w6" custom="readingOrder {index:5;}">
                    <Coords points="2490,3649 2490,3709 2534,3709 2534,3649"/>
                    <TextEquiv>
                        <Unicode>ein</Unicode>
                    </TextEquiv>
                </Word>
                <Word id="tr_4_tl_55_w7" custom="readingOrder {index:6;}">
                    <Coords points="2564,3649 2564,3709 2691,3709 2691,3649"/>
                    <TextEquiv>
                        <Unicode>Drama</Unicode>
                    </TextEquiv>
                </Word>
                <Word id="tr_4_tl_55_w8" custom="readingOrder {index:7;}">
                    <Coords points="2721,3649 2721,3709 2779,3709 2779,3649"/>
                    <TextEquiv>
                        <Unicode>aus</Unicode>
                    </TextEquiv>
                </Word>
                <Word id="tr_4_tl_55_w9" custom="readingOrder {index:8;}">
                    <Coords points="2809,3649 2809,3709 2862,3709 2862,3649"/>
                    <TextEquiv>
                        <Unicode>den</Unicode>
                    </TextEquiv>
                </Word>
                <TextEquiv>
                    <Unicode>zu spielen vergönnt war, ist ein Drama aus den</Unicode>
                </TextEquiv>
            </TextLine>
            <TextLine id="tr_4_tl_56" custom="readingOrder {index:55;}">
                <Coords points="1930,3740 2857,3753 2883,3703 1929,3696"/>
                <Baseline points="1937,3734 1984,3731 2031,3734 2079,3732 2126,3733 2174,3732 2221,3735 2269,3736 2316,3735 2364,3737 2411,3737 2458,3737 2506,3737 2553,3737 2601,3737 2648,3737 2696,3737 2743,3737 2791,3740 2838,3740 2886,3740"/>
                <Word id="tr_4_tl_56_w1" custom="readingOrder {index:0;}">
                    <Coords points="1929,3691 1929,3751 2029,3751 2029,3691"/>
                    <TextEquiv>
                        <Unicode>Tagen</Unicode>
                    </TextEquiv>
                </Word>
                <Word id="tr_4_tl_56_w2" custom="readingOrder {index:1;}">
                    <Coords points="2070,3692 2070,3752 2124,3752 2124,3692"/>
                    <TextEquiv>
                        <Unicode>der</Unicode>
                    </TextEquiv>
                </Word>
                <Word id="tr_4_tl_56_w3" custom="readingOrder {index:2;}">
                    <Coords points="2155,3695 2155,3755 2326,3755 2326,3695"/>
                    <TextEquiv>
                        <Unicode>Besetzung</Unicode>
                    </TextEquiv>
                </Word>
                <Word id="tr_4_tl_56_w4" custom="readingOrder {index:3;}">
                    <Coords points="2362,3697 2362,3757 2483,3757 2483,3697"/>
                    <TextEquiv>
                        <Unicode>Wiens</Unicode>
                    </TextEquiv>
                </Word>
                <Word id="tr_4_tl_56_w5" custom="readingOrder {index:4;}">
                    <Coords points="2514,3697 2514,3757 2604,3757 2604,3697"/>
                    <TextEquiv>
                        <Unicode>durch</Unicode>
                    </TextEquiv>
                </Word>
                <Word id="tr_4_tl_56_w6" custom="readingOrder {index:5;}">
                    <Coords points="2640,3697 2640,3757 2811,3757 2811,3697"/>
                    <TextEquiv>
                        <Unicode>Napoleon</Unicode>
                    </TextEquiv>
                </Word>
                <Word id="tr_4_tl_56_w7" custom="readingOrder {index:6;}">
                    <Coords points="2852,3700 2852,3760 2881,3760 2881,3700"/>
                    <TextEquiv>
                        <Unicode>I.</Unicode>
                    </TextEquiv>
                </Word>
                <TextEquiv>
                    <Unicode>Tagen der Besetzung Wiens durch Napoleon I.</Unicode>
                </TextEquiv>
            </TextLine>
            <TextLine id="tr_4_tl_57" custom="readingOrder {index:56;}">
                <Coords points="1928,3791 2883,3799 2864,3745 1927,3748"/>
                <Baseline points="1934,3781 1981,3781 2029,3781 2076,3781 2124,3781 2172,3781 2219,3782 2267,3784 2314,3784 2362,3784 2410,3784 2457,3784 2505,3784 2552,3784 2600,3787 2648,3787 2695,3787 2743,3787 2790,3787 2838,3787 2886,3784"/>
                <Word id="tr_4_tl_57_w1" custom="readingOrder {index:0;}">
                    <Coords points="1932,3741 1932,3801 2107,3801 2107,3741"/>
                    <TextEquiv>
                        <Unicode>(erschienen</Unicode>
                    </TextEquiv>
                </Word>
                <Word id="tr_4_tl_57_w2" custom="readingOrder {index:1;}">
                    <Coords points="2154,3741 2154,3801 2256,3801 2256,3741"/>
                    <TextEquiv>
                        <Unicode>1909).</Unicode>
                    </TextEquiv>
                </Word>
                <Word id="tr_4_tl_57_w3" custom="readingOrder {index:2;}">
                    <Coords points="2298,3744 2298,3804 2417,3804 2417,3744"/>
                    <TextEquiv>
                        <Unicode>Diesem</Unicode>
                    </TextEquiv>
                </Word>
                <Word id="tr_4_tl_57_w4" custom="readingOrder {index:3;}">
                    <Coords points="2469,3744 2469,3804 2587,3804 2587,3744"/>
                    <TextEquiv>
                        <Unicode>Werke</Unicode>
                    </TextEquiv>
                </Word>
                <Word id="tr_4_tl_57_w5" custom="readingOrder {index:4;}">
                    <Coords points="2639,3747 2639,3807 2742,3807 2742,3747"/>
                    <TextEquiv>
                        <Unicode>folgte</Unicode>
                    </TextEquiv>
                </Word>
                <Word id="tr_4_tl_57_w6" custom="readingOrder {index:5;}">
                    <Coords points="2778,3747 2778,3807 2865,3807 2865,3747"/>
                    <TextEquiv>
                        <Unicode>„Das</Unicode>
                    </TextEquiv>
                </Word>
                <TextEquiv>
                    <Unicode>(erschienen 1909). Diesem Werke folgte „Das</Unicode>
                </TextEquiv>
            </TextLine>
            <TextLine id="tr_4_tl_58" custom="readingOrder {index:57;}">
                <Coords points="1922,3840 2883,3842 2861,3801 2659,3793 1922,3807"/>
                <Baseline points="1928,3826 1975,3829 2023,3829 2071,3829 2119,3828 2167,3828 2215,3831 2263,3830 2311,3832 2359,3832 2407,3832 2454,3832 2502,3832 2550,3832 2598,3832 2646,3832 2694,3835 2742,3835 2790,3835 2838,3835 2886,3835"/>
                <Word id="tr_4_tl_58_w1" custom="readingOrder {index:0;}">
                    <Coords points="1926,3788 1926,3848 2014,3848 2014,3788"/>
                    <TextEquiv>
                        <Unicode>meite</Unicode>
                    </TextEquiv>
                </Word>
                <Word id="tr_4_tl_58_w2" custom="readingOrder {index:1;}">
                    <Coords points="2048,3788 2048,3848 2151,3848 2151,3788"/>
                    <TextEquiv>
                        <Unicode>Land“</Unicode>
                    </TextEquiv>
                </Word>
                <Word id="tr_4_tl_58_w3" custom="readingOrder {index:2;}">
                    <Coords points="2196,3790 2196,3850 2308,3850 2308,3790"/>
                    <TextEquiv>
                        <Unicode>(1910),</Unicode>
                    </TextEquiv>
                </Word>
                <Word id="tr_4_tl_58_w4" custom="readingOrder {index:3;}">
                    <Coords points="2333,3792 2333,3852 2401,3852 2401,3792"/>
                    <TextEquiv>
                        <Unicode>eine</Unicode>
                    </TextEquiv>
                </Word>
                <Word id="tr_4_tl_58_w5" custom="readingOrder {index:4;}">
                    <Coords points="2436,3792 2436,3852 2696,3852 2696,3792"/>
                    <TextEquiv>
                        <Unicode>Tragikomödie</Unicode>
                    </TextEquiv>
                </Word>
                <Word id="tr_4_tl_58_w6" custom="readingOrder {index:5;}">
                    <Coords points="2726,3795 2726,3855 2774,3855 2774,3795"/>
                    <TextEquiv>
                        <Unicode>des</Unicode>
                    </TextEquiv>
                </Word>
                <Word id="tr_4_tl_58_w7" custom="readingOrder {index:6;}">
                    <Coords points="2814,3795 2814,3855 2872,3855 2872,3795"/>
                    <TextEquiv>
                        <Unicode>Al¬</Unicode>
                    </TextEquiv>
                </Word>
                <TextEquiv>
                    <Unicode>meite Land“ (1910), eine Tragikomödie des Al¬</Unicode>
                </TextEquiv>
            </TextLine>
            <TextLine id="tr_4_tl_59" custom="readingOrder {index:58;}">
                <Coords points="1927,3883 2880,3891 2848,3848 1927,3840"/>
                <Baseline points="1934,3877 1981,3877 2028,3877 2076,3877 2123,3877 2171,3877 2218,3877 2266,3878 2313,3880 2361,3880 2408,3880 2455,3880 2503,3880 2550,3880 2598,3880 2645,3880 2693,3880 2740,3880 2788,3883 2835,3883 2883,3883"/>
                <Word id="tr_4_tl_59_w1" custom="readingOrder {index:0;}">
                    <Coords points="1926,3837 1926,3897 2014,3897 2014,3837"/>
                    <TextEquiv>
                        <Unicode>terns</Unicode>
                    </TextEquiv>
                </Word>
                <Word id="tr_4_tl_59_w2" custom="readingOrder {index:1;}">
                    <Coords points="2049,3837 2049,3897 2107,3897 2107,3837"/>
                    <TextEquiv>
                        <Unicode>und</Unicode>
                    </TextEquiv>
                </Word>
                <Word id="tr_4_tl_59_w3" custom="readingOrder {index:2;}">
                    <Coords points="2137,3837 2137,3897 2205,3897 2205,3837"/>
                    <TextEquiv>
                        <Unicode>1912</Unicode>
                    </TextEquiv>
                </Word>
                <Word id="tr_4_tl_59_w4" custom="readingOrder {index:3;}">
                    <Coords points="2236,3840 2236,3900 2417,3900 2417,3840"/>
                    <TextEquiv>
                        <Unicode>„Professor</Unicode>
                    </TextEquiv>
                </Word>
                <Word id="tr_4_tl_59_w5" custom="readingOrder {index:4;}">
                    <Coords points="2447,3840 2447,3900 2653,3900 2653,3840"/>
                    <TextEquiv>
                        <Unicode>Berhardi",</Unicode>
                    </TextEquiv>
                </Word>
                <Word id="tr_4_tl_59_w6" custom="readingOrder {index:5;}">
                    <Coords points="2673,3840 2673,3900 2716,3900 2716,3840"/>
                    <TextEquiv>
                        <Unicode>ein</Unicode>
                    </TextEquiv>
                </Word>
                <Word id="tr_4_tl_59_w7" custom="readingOrder {index:6;}">
                    <Coords points="2751,3843 2751,3903 2874,3903 2874,3843"/>
                    <TextEquiv>
                        <Unicode>Schau¬</Unicode>
                    </TextEquiv>
                </Word>
                <TextEquiv>
                    <Unicode>terns und 1912 „Professor Berhardi", ein Schau¬</Unicode>
                </TextEquiv>
            </TextLine>
            <TextLine id="tr_4_tl_60" custom="readingOrder {index:59;}">
                <Coords points="1927,3934 2879,3952 2878,3890 1927,3889"/>
                <Baseline points="1934,3925 1981,3925 2028,3925 2075,3925 2123,3923 2170,3925 2217,3925 2265,3926 2312,3928 2359,3928 2407,3928 2454,3928 2501,3928 2548,3928 2596,3928 2643,3928 2690,3928 2738,3928 2785,3931 2832,3931 2880,3928"/>
                <Word id="tr_4_tl_60_w1" custom="readingOrder {index:0;}">
                    <Coords points="1926,3885 1926,3945 2002,3945 2002,3885"/>
                    <TextEquiv>
                        <Unicode>spiel</Unicode>
                    </TextEquiv>
                </Word>
                <Word id="tr_4_tl_60_w2" custom="readingOrder {index:1;}">
                    <Coords points="2031,3885 2031,3945 2088,3945 2088,3885"/>
                    <TextEquiv>
                        <Unicode>aus</Unicode>
                    </TextEquiv>
                </Word>
                <Word id="tr_4_tl_60_w3" custom="readingOrder {index:2;}">
                    <Coords points="2122,3884 2122,3944 2174,3944 2174,3884"/>
                    <TextEquiv>
                        <Unicode>dem</Unicode>
                    </TextEquiv>
                </Word>
                <Word id="tr_4_tl_60_w4" custom="readingOrder {index:3;}">
                    <Coords points="2222,3887 2222,3947 2389,3947 2389,3887"/>
                    <TextEquiv>
                        <Unicode>ärztlichen</Unicode>
                    </TextEquiv>
                </Word>
                <Word id="tr_4_tl_60_w5" custom="readingOrder {index:4;}">
                    <Coords points="2424,3888 2424,3948 2552,3948 2552,3888"/>
                    <TextEquiv>
                        <Unicode>Beruf,</Unicode>
                    </TextEquiv>
                </Word>
                <Word id="tr_4_tl_60_w6" custom="readingOrder {index:5;}">
                    <Coords points="2577,3888 2577,3948 2629,3948 2629,3888"/>
                    <TextEquiv>
                        <Unicode>bei</Unicode>
                    </TextEquiv>
                </Word>
                <Word id="tr_4_tl_60_w7" custom="readingOrder {index:6;}">
                    <Coords points="2658,3888 2658,3948 2759,3948 2759,3888"/>
                    <TextEquiv>
                        <Unicode>seiner</Unicode>
                    </TextEquiv>
                </Word>
                <Word id="tr_4_tl_60_w8" custom="readingOrder {index:7;}">
                    <Coords points="2792,3890 2792,3950 2873,3950 2873,3890"/>
                    <TextEquiv>
                        <Unicode>Auf¬</Unicode>
                    </TextEquiv>
                </Word>
                <TextEquiv>
                    <Unicode>spiel aus dem ärztlichen Beruf, bei seiner Auf¬</Unicode>
                </TextEquiv>
            </TextLine>
            <TextLine id="tr_4_tl_61" custom="readingOrder {index:60;}">
                <Coords points="1927,3984 2884,3996 2884,3950 2803,3943 1927,3934"/>
                <Baseline points="1934,3972 1981,3972 2029,3972 2076,3974 2124,3972 2172,3973 2219,3975 2267,3975 2314,3975 2362,3975 2410,3975 2457,3975 2505,3977 2552,3976 2600,3975 2648,3975 2695,3975 2743,3978 2790,3978 2838,3979 2886,3981"/>
                <Word id="tr_4_tl_61_w1" custom="readingOrder {index:0;}">
                    <Coords points="1926,3932 1926,3992 2061,3992 2061,3932"/>
                    <TextEquiv>
                        <Unicode>führung</Unicode>
                    </TextEquiv>
                </Word>
                <Word id="tr_4_tl_61_w2" custom="readingOrder {index:1;}">
                    <Coords points="2099,3932 2099,3992 2154,3992 2154,3932"/>
                    <TextEquiv>
                        <Unicode>von</Unicode>
                    </TextEquiv>
                </Word>
                <Word id="tr_4_tl_61_w3" custom="readingOrder {index:2;}">
                    <Coords points="2192,3935 2192,3995 2369,3995 2369,3935"/>
                    <TextEquiv>
                        <Unicode>politischen</Unicode>
                    </TextEquiv>
                </Word>
                <Word id="tr_4_tl_61_w4" custom="readingOrder {index:3;}">
                    <Coords points="2407,3936 2407,3996 2565,3996 2565,3936"/>
                    <TextEquiv>
                        <Unicode>Gruppen</Unicode>
                    </TextEquiv>
                </Word>
                <Word id="tr_4_tl_61_w5" custom="readingOrder {index:4;}">
                    <Coords points="2608,3937 2608,3997 2874,3997 2874,3937"/>
                    <TextEquiv>
                        <Unicode>vielumstritten.</Unicode>
                    </TextEquiv>
                </Word>
                <TextEquiv>
                    <Unicode>führung von politischen Gruppen vielumstritten.</Unicode>
                </TextEquiv>
            </TextLine>
            <TextLine id="tr_4_tl_62" custom="readingOrder {index:61;}">
                <Coords points="1927,4033 2878,4035 2857,3993 1927,3982"/>
                <Baseline points="1934,4023 1981,4020 2028,4023 2075,4020 2123,4022 2170,4020 2217,4020 2265,4021 2312,4023 2359,4023 2407,4023 2454,4023 2501,4023 2548,4023 2596,4025 2643,4023 2690,4026 2738,4026 2785,4026 2832,4026 2880,4023"/>
                <Word id="tr_4_tl_62_w1" custom="readingOrder {index:0;}">
                    <Coords points="1921,3982 1921,4042 1965,4042 1965,3982"/>
                    <TextEquiv>
                        <Unicode>Im</Unicode>
                    </TextEquiv>
                </Word>
                <Word id="tr_4_tl_62_w2" custom="readingOrder {index:1;}">
                    <Coords points="2015,3980 2015,4040 2122,4040 2122,3980"/>
                    <TextEquiv>
                        <Unicode>Jahre</Unicode>
                    </TextEquiv>
                </Word>
                <Word id="tr_4_tl_62_w3" custom="readingOrder {index:2;}">
                    <Coords points="2157,3980 2157,4040 2225,4040 2225,3980"/>
                    <TextEquiv>
                        <Unicode>1915</Unicode>
                    </TextEquiv>
                </Word>
                <Word id="tr_4_tl_62_w4" custom="readingOrder {index:3;}">
                    <Coords points="2260,3983 2260,4043 2431,4043 2431,3983"/>
                    <TextEquiv>
                        <Unicode>erschienen</Unicode>
                    </TextEquiv>
                </Word>
                <Word id="tr_4_tl_62_w5" custom="readingOrder {index:4;}">
                    <Coords points="2476,3983 2476,4043 2549,4043 2549,3983"/>
                    <TextEquiv>
                        <Unicode>drei</Unicode>
                    </TextEquiv>
                </Word>
                <Word id="tr_4_tl_62_w6" custom="readingOrder {index:5;}">
                    <Coords points="2579,3983 2579,4043 2730,4043 2730,3983"/>
                    <TextEquiv>
                        <Unicode>Einakter</Unicode>
                    </TextEquiv>
                </Word>
                <Word id="tr_4_tl_62_w7" custom="readingOrder {index:6;}">
                    <Coords points="2770,3986 2770,4046 2862,4046 2862,3986"/>
                    <TextEquiv>
                        <Unicode>unter</Unicode>
                    </TextEquiv>
                </Word>
                <TextEquiv>
                    <Unicode>Im Jahre 1915 erschienen drei Einakter unter</Unicode>
                </TextEquiv>
            </TextLine>
            <TextLine id="tr_4_tl_63" custom="readingOrder {index:62;}">
                <Coords points="1922,4077 2877,4079 2877,4034 1922,4036"/>
                <Baseline points="1928,4065 1975,4068 2023,4068 2070,4069 2118,4072 2166,4074 2213,4073 2261,4071 2308,4071 2356,4071 2404,4071 2451,4069 2499,4070 2546,4071 2594,4074 2642,4074 2689,4071 2737,4074 2784,4074 2832,4074 2880,4074"/>
                <Word id="tr_4_tl_63_w1" custom="readingOrder {index:0;}">
                    <Coords points="1922,4026 1922,4086 1966,4086 1966,4026"/>
                    <TextEquiv>
                        <Unicode>dem</Unicode>
                    </TextEquiv>
                </Word>
                <Word id="tr_4_tl_63_w2" custom="readingOrder {index:1;}">
                    <Coords points="2018,4029 2018,4089 2129,4089 2129,4029"/>
                    <TextEquiv>
                        <Unicode>Titel:</Unicode>
                    </TextEquiv>
                </Word>
                <Word id="tr_4_tl_63_w3" custom="readingOrder {index:2;}">
                    <Coords points="2180,4031 2180,4091 2358,4091 2358,4031"/>
                    <TextEquiv>
                        <Unicode>„Komödie</Unicode>
                    </TextEquiv>
                </Word>
                <Word id="tr_4_tl_63_w4" custom="readingOrder {index:3;}">
                    <Coords points="2394,4030 2394,4090 2449,4090 2449,4030"/>
                    <TextEquiv>
                        <Unicode>der</Unicode>
                    </TextEquiv>
                </Word>
                <Word id="tr_4_tl_63_w5" custom="readingOrder {index:4;}">
                    <Coords points="2485,4031 2485,4091 2637,4091 2637,4031"/>
                    <TextEquiv>
                        <Unicode>Worte“,</Unicode>
                    </TextEquiv>
                </Word>
                <Word id="tr_4_tl_63_w6" custom="readingOrder {index:5;}">
                    <Coords points="2683,4032 2683,4092 2749,4092 2749,4032"/>
                    <TextEquiv>
                        <Unicode>1917</Unicode>
                    </TextEquiv>
                </Word>
                <Word id="tr_4_tl_63_w7" custom="readingOrder {index:6;}">
                    <Coords points="2805,4034 2805,4094 2865,4094 2865,4034"/>
                    <TextEquiv>
                        <Unicode>das</Unicode>
                    </TextEquiv>
                </Word>
                <TextEquiv>
                    <Unicode>dem Titel: „Komödie der Worte“, 1917 das</Unicode>
                </TextEquiv>
            </TextLine>
            <TextLine id="tr_4_tl_64" custom="readingOrder {index:63;}">
                <Coords points="1922,4131 2874,4138 2873,4095 2795,4078 1921,4077"/>
                <Baseline points="1928,4119 1975,4119 2022,4116 2070,4120 2117,4121 2165,4119 2212,4119 2260,4119 2307,4119 2355,4119 2402,4119 2449,4119 2497,4121 2544,4122 2592,4119 2639,4119 2687,4119 2734,4122 2782,4125 2829,4122 2877,4122"/>
                <Word id="tr_4_tl_64_w1" custom="readingOrder {index:0;}">
                    <Coords points="1921,4078 1921,4138 2056,4138 2056,4078"/>
                    <TextEquiv>
                        <Unicode>schwache</Unicode>
                    </TextEquiv>
                </Word>
                <Word id="tr_4_tl_64_w2" custom="readingOrder {index:1;}">
                    <Coords points="2094,4079 2094,4139 2196,4139 2196,4079"/>
                    <TextEquiv>
                        <Unicode>„Fink</Unicode>
                    </TextEquiv>
                </Word>
                <Word id="tr_4_tl_64_w3" custom="readingOrder {index:2;}">
                    <Coords points="2240,4079 2240,4139 2299,4139 2299,4079"/>
                    <TextEquiv>
                        <Unicode>und</Unicode>
                    </TextEquiv>
                </Word>
                <Word id="tr_4_tl_64_w4" custom="readingOrder {index:3;}">
                    <Coords points="2338,4079 2338,4139 2602,4139 2602,4079"/>
                    <TextEquiv>
                        <Unicode>Fliederbusch“,</Unicode>
                    </TextEquiv>
                </Word>
                <Word id="tr_4_tl_64_w5" custom="readingOrder {index:4;}">
                    <Coords points="2646,4079 2646,4139 2721,4139 2721,4079"/>
                    <TextEquiv>
                        <Unicode>1919</Unicode>
                    </TextEquiv>
                </Word>
                <Word id="tr_4_tl_64_w6" custom="readingOrder {index:5;}">
                    <Coords points="2775,4082 2775,4142 2861,4142 2861,4082"/>
                    <TextEquiv>
                        <Unicode>„Die</Unicode>
                    </TextEquiv>
                </Word>
                <TextEquiv>
                    <Unicode>schwache „Fink und Fliederbusch“, 1919 „Die</Unicode>
                </TextEquiv>
            </TextLine>
            <TextLine id="tr_4_tl_65" custom="readingOrder {index:64;}">
                <Coords points="1924,4175 2869,4184 2857,4134 1924,4131"/>
                <Baseline points="1931,4166 1978,4166 2025,4166 2072,4166 2119,4166 2166,4166 2213,4166 2260,4167 2307,4168 2354,4167 2401,4169 2448,4169 2495,4169 2542,4169 2589,4169 2636,4169 2683,4169 2730,4172 2777,4169 2824,4169 2871,4169"/>
                <Word id="tr_4_tl_65_w1" custom="readingOrder {index:0;}">
                    <Coords points="1924,4126 1924,4186 2073,4186 2073,4126"/>
                    <TextEquiv>
                        <Unicode>Schestern</Unicode>
                    </TextEquiv>
                </Word>
                <Word id="tr_4_tl_65_w2" custom="readingOrder {index:1;}">
                    <Coords points="2115,4126 2115,4186 2186,4186 2186,4126"/>
                    <TextEquiv>
                        <Unicode>oder</Unicode>
                    </TextEquiv>
                </Word>
                <Word id="tr_4_tl_65_w3" custom="readingOrder {index:2;}">
                    <Coords points="2223,4127 2223,4187 2387,4187 2387,4127"/>
                    <TextEquiv>
                        <Unicode>Casanova</Unicode>
                    </TextEquiv>
                </Word>
                <Word id="tr_4_tl_65_w4" custom="readingOrder {index:3;}">
                    <Coords points="2424,4129 2424,4189 2449,4189 2449,4129"/>
                    <TextEquiv>
                        <Unicode>in</Unicode>
                    </TextEquiv>
                </Word>
                <Word id="tr_4_tl_65_w5" custom="readingOrder {index:4;}">
                    <Coords points="2491,4129 2491,4189 2599,4189 2599,4129"/>
                    <TextEquiv>
                        <Unicode>Spa",</Unicode>
                    </TextEquiv>
                </Word>
                <Word id="tr_4_tl_65_w6" custom="readingOrder {index:5;}">
                    <Coords points="2625,4129 2625,4189 2692,4189 2692,4129"/>
                    <TextEquiv>
                        <Unicode>1924</Unicode>
                    </TextEquiv>
                </Word>
                <Word id="tr_4_tl_65_w7" custom="readingOrder {index:6;}">
                    <Coords points="2723,4129 2723,4189 2862,4189 2862,4129"/>
                    <TextEquiv>
                        <Unicode>„Komö¬</Unicode>
                    </TextEquiv>
                </Word>
                <TextEquiv>
                    <Unicode>Schestern oder Casanova in Spa", 1924 „Komö¬</Unicode>
                </TextEquiv>
            </TextLine>
            <TextLine id="tr_4_tl_66" custom="readingOrder {index:65;}">
                <Coords points="1924,4228 2872,4242 2870,4184 1924,4177"/>
                <Baseline points="1931,4217 1978,4214 2025,4214 2072,4217 2119,4217 2166,4217 2213,4217 2261,4217 2308,4217 2355,4217 2402,4217 2449,4217 2496,4217 2543,4217 2591,4217 2638,4217 2685,4217 2732,4220 2779,4220 2826,4220 2874,4217"/>
                <Word id="tr_4_tl_66_w1" custom="readingOrder {index:0;}">
                    <Coords points="1925,4176 1925,4236 1968,4236 1968,4176"/>
                    <TextEquiv>
                        <Unicode>die</Unicode>
                    </TextEquiv>
                </Word>
                <Word id="tr_4_tl_66_w2" custom="readingOrder {index:1;}">
                    <Coords points="1996,4174 1996,4234 2051,4234 2051,4174"/>
                    <TextEquiv>
                        <Unicode>der</Unicode>
                    </TextEquiv>
                </Word>
                <Word id="tr_4_tl_66_w3" custom="readingOrder {index:2;}">
                    <Coords points="2085,4177 2085,4237 2322,4237 2322,4177"/>
                    <TextEquiv>
                        <Unicode>Verführung"</Unicode>
                    </TextEquiv>
                </Word>
                <Word id="tr_4_tl_66_w4" custom="readingOrder {index:3;}">
                    <Coords points="2356,4177 2356,4237 2416,4237 2416,4177"/>
                    <TextEquiv>
                        <Unicode>und</Unicode>
                    </TextEquiv>
                </Word>
                <Word id="tr_4_tl_66_w5" custom="readingOrder {index:4;}">
                    <Coords points="2456,4177 2456,4237 2521,4237 2521,4177"/>
                    <TextEquiv>
                        <Unicode>1925</Unicode>
                    </TextEquiv>
                </Word>
                <Word id="tr_4_tl_66_w6" custom="readingOrder {index:5;}">
                    <Coords points="2555,4177 2555,4237 2604,4237 2604,4177"/>
                    <TextEquiv>
                        <Unicode>die</Unicode>
                    </TextEquiv>
                </Word>
                <Word id="tr_4_tl_66_w7" custom="readingOrder {index:6;}">
                    <Coords points="2660,4180 2660,4240 2859,4240 2859,4180"/>
                    <TextEquiv>
                        <Unicode>dramatische</Unicode>
                    </TextEquiv>
                </Word>
                <TextEquiv>
                    <Unicode>die der Verführung" und 1925 die dramatische</Unicode>
                </TextEquiv>
            </TextLine>
            <TextLine id="tr_4_tl_67" custom="readingOrder {index:66;}">
                <Coords points="1924,4272 2607,4281 2632,4279 2631,4229 1923,4229"/>
                <Baseline points="1931,4268 1966,4266 2001,4265 2036,4266 2071,4268 2107,4268 2142,4268 2177,4268 2212,4268 2247,4268 2283,4268 2318,4270 2353,4271 2388,4270 2423,4268 2459,4268 2494,4268 2529,4268 2564,4268 2599,4271 2635,4271"/>
                <Word id="tr_4_tl_67_w1" custom="readingOrder {index:0;}">
                    <Coords points="1923,4225 1923,4285 2096,4285 2096,4225"/>
                    <TextEquiv>
                        <Unicode>Dichtung:</Unicode>
                    </TextEquiv>
                </Word>
                <Word id="tr_4_tl_67_w2" custom="readingOrder {index:1;}">
                    <Coords points="2124,4228 2124,4288 2211,4288 2211,4228"/>
                    <TextEquiv>
                        <Unicode>„Der</Unicode>
                    </TextEquiv>
                </Word>
                <Word id="tr_4_tl_67_w3" custom="readingOrder {index:2;}">
                    <Coords points="2238,4228 2238,4288 2330,4288 2330,4228"/>
                    <TextEquiv>
                        <Unicode>Gang</Unicode>
                    </TextEquiv>
                </Word>
                <Word id="tr_4_tl_67_w4" custom="readingOrder {index:3;}">
                    <Coords points="2369,4229 2369,4289 2423,4289 2423,4229"/>
                    <TextEquiv>
                        <Unicode>zum</Unicode>
                    </TextEquiv>
                </Word>
                <Word id="tr_4_tl_67_w5" custom="readingOrder {index:4;}">
                    <Coords points="2467,4228 2467,4288 2635,4288 2635,4228"/>
                    <TextEquiv>
                        <Unicode>Weiher“.</Unicode>
                    </TextEquiv>
                </Word>
                <TextEquiv>
                    <Unicode>Dichtung: „Der Gang zum Weiher“.</Unicode>
                </TextEquiv>
            </TextLine>
            <TextEquiv>
                <Unicode></Unicode>
            </TextEquiv>
        </TextRegion>
    </Page>
</PcGts>
