3436 4320
206 225 303 285 2.

352 231 939 291 Schnitzler's
1010 237 1244 297 Death

1458 237 1584 297 box
1665 240 1846 300 42/5

489 723 563 783 Nr.
584 726 692 786 24104

933 736 1050 796 Wien,
1071 743 1277 803 Donnerstag

1795 756 1954 816 Neue
1997 760 2158 820 Freie
2193 762 2394 822 Presse

2844 781 2910 841 22.
2933 783 3075 843 Oktober
3105 783 3194 843 1931

1035 1004 1259 1064 Der
1365 1008 1631 1068 Tod
1760 1024 2274 1084 Arthur
2380 1040 3248 1100 Schnitzlers.

413 1169 635 1229 Arthur
690 1175 1031 1235 Schnitzlers
1086 1185 1500 1245 Lebensgang.

2731 1185 2964 1245 Uraufführung
3006 1192 3163 1252 gebracht,
3198 1197 3253 1257 wie
3288 1199 3321 1259 es

1660 1184 1880 1244 Arthur
1933 1190 2235 1250 Schnitzler
2297 1195 2397 1255 und
2459 1198 2569 1258 das

2720 1229 2867 1289 Dichters
2903 1237 3204 1297 Schwanengesang.
3228 1245 3322 1305 Denn

1124 1249 1256 1309 Wien,
1275 1254 1329 1314 22.
1347 1254 1480 1314 Oktober.

1981 1267 2269 1327 Theater.

2730 1275 2832 1335 wurde
2869 1279 2947 1339 zwar
2984 1282 3087 1342 später
3118 1287 3311 1347 aufgeführt,

488 1300 606 1360 Arthur
631 1305 880 1365 Schnitzler
905 1309 940 1369 ist
965 1312 1077 1372 gestern
1108 1312 1184 1372 einem
1226 1315 1446 1375 Schlaganfall
1471 1316 1517 1376 er¬

2720 1322 2867 1382 worden.
2895 1324 2969 1384 Auch
2997 1327 3043 1387 bei
3064 1330 3111 1390 den
3145 1331 3259 1391 Proben
3294 1338 3340 1398 zur

1609 1324 1718 1384 Was
1758 1329 2058 1389 Schauspieler
2099 1335 2176 1395 und
2217 1339 2446 1399 Regisseur
2478 1345 2627 1405 sagen.

379 1345 485 1405 legen.
507 1348 635 1408 Wenige
662 1351 827 1411 Stunden,
849 1354 976 1414 nachdem
1014 1357 1061 1417 er,
1083 1359 1131 1419 von
1164 1361 1243 1421 einem
1286 1363 1504 1423 Spaziergang

2718 1364 2793 1424 war
2825 1371 2988 1431 Schnitzler
3020 1375 3157 1435 häufiger
3190 1379 3284 1439 Gast.
3303 1381 3352 1441 Na

1655 1387 1714 1447 Die
1745 1389 1853 1449 innige
1884 1395 2143 1455 Verbundenheit
2169 1399 2288 1459 Arthur
2319 1401 2500 1461 Schnitzlers
2537 1406 2597 1466 mit
2627 1407 2675 1467 der

386 1394 457 1454 nach
491 1397 595 1457 Hause
624 1399 878 1459 zurückgekehrt,
901 1404 1144 1464 besinnungslos
1178 1408 1204 1468 zu
1239 1410 1343 1470 Boden
1377 1411 1509 1471 gestürzt

2726 1410 2784 1470 mir
2815 1413 2892 1473 einen
2928 1417 3034 1477 Brief,
3053 1421 3075 1481 in
3112 1422 3158 1482 dem
3201 1425 3230 1485 er
3254 1428 3312 1488 aus

1556 1433 1668 1493 Bühne
1703 1433 1760 1493 und
1800 1434 1856 1494 sein
1896 1436 1981 1496 tiefes
2022 1444 2232 1504 Verständnis
2272 1447 2323 1507 für
2358 1449 2403 1509 die
2437 1454 2670 1514 Möglichkeiten

382 1439 466 1499 war,
493 1443 577 1503 hatte
604 1441 635 1501 er
668 1444 778 1504 bereits
811 1449 1021 1509 ausgelitten.
1043 1452 1153 1512 Dieses
1186 1456 1333 1516 plötzliche
1366 1458 1497 1518 Sterben

2723 1456 2861 1516 dauernd
2891 1461 2913 1521 in
2949 1463 3047 1523 seiner
3071 1470 3267 1530 Erinnerung
3297 1475 3331 1535 ha

1563 1479 1619 1539 und
1657 1482 1820 1542 Aufgaben
1859 1482 1909 1542 des
1941 1488 2092 1548 Theaters
2130 1491 2262 1551 spiegelt
2294 1492 2343 1552 sich
2376 1495 2401 1555 in
2439 1499 2671 1559 nachfolgenden

382 1488 493 1548 rüttelt
520 1489 551 1549 an
584 1491 631 1551 den
669 1491 806 1551 Nerven.
828 1495 870 1555 Es
902 1497 1050 1557 gemahnt
1078 1501 1109 1561 an
1142 1500 1189 1560 den
1221 1503 1284 1563 Tod
1316 1503 1364 1563 des
1396 1506 1507 1566 unver¬

2718 1503 2753 1563 er
2784 1505 2837 1565 sich
2868 1509 3031 1569 besonders
3062 1514 3164 1574 freue,
3189 1517 3249 1577 mit
3279 1519 3339 1579 dies

1561 1525 1781 1585 Aeußerungen
1820 1527 1869 1587 von
1903 1532 2067 1592 Künstlern
2107 1537 2233 1597 wieder,
2261 1539 2304 1599 die
2333 1541 2360 1601 in
2393 1544 2442 1604 der
2471 1545 2586 1605 Praxis
2619 1549 2674 1609 der

372 1539 523 1599 geßlichen
571 1539 670 1599 Hugo
711 1541 752 1601 v.
787 1544 1068 1604 Hofmannsthal,
1115 1548 1308 1608 Schnitzlers
1355 1551 1506 1611 Jugend¬

2724 1551 2755 1611 zu
2787 1549 2900 1609 Worte
2925 1557 3101 1617 gekommen
3139 1563 3163 1623 zu
3202 1564 3277 1624 sein.
3303 1566 3314 1626 B

1555 1572 1673 1632 Proben
1708 1572 1753 1632 oft
1781 1573 1837 1633 mit
1861 1578 2029 1638 Schnitzler
2058 1584 2255 1644 gemeinsame
2290 1587 2397 1647 Arbeit
2420 1591 2453 1651 am
2499 1593 2589 1653 Werk
2623 1596 2673 1656 des

383 1584 564 1644 gefährten,
587 1584 636 1644 der
664 1587 846 1647 desgleichen
880 1590 929 1650 von
963 1592 1046 1652 einem
1090 1594 1316 1654 unerbittlichen
1350 1600 1504 1660 Schicksal

2725 1594 2774 1654 dem
2819 1599 2932 1659 „Gang
2958 1602 3008 1662 zum
3052 1605 3197 1665 Weiher"
3230 1609 3273 1669 der
3305 1610 3317 1670 F

1555 1619 1697 1679 Dichters
1732 1619 1828 1679 leisten
1868 1622 2015 1682 konnten.

380 1631 429 1691 jäh
463 1631 706 1691 dahingestreckt
734 1634 849 1694 worden
883 1637 965 1697 war.
988 1639 1032 1699 In
1066 1643 1198 1703 wenigen
1232 1645 1380 1705 Monaten
1414 1646 1502 1706 hätte

2726 1640 2780 1700 hat
2819 1645 2998 1705 wiederholt
3035 1649 3171 1709 erklärt,
3202 1654 3245 1714 die
3289 1657 3350 1717 idea

381 1676 434 1736 das
470 1679 652 1739 literarische
682 1683 865 1743 Oesterreich
901 1685 959 1745 und
996 1690 1202 1750 Deutschland
1238 1692 1291 1752 den
1327 1694 1491 1754 siebzigsten

2722 1688 2972 1748 Hauptfiguren,
3005 1693 3100 1753 Vater
3134 1696 3191 1756 und
3230 1702 3326 1762 Tocht

1560 1694 2028 1754 Verständnisvollster
2056 1703 2267 1763 Förderer
2295 1707 2359 1767 des
2387 1713 2671 1773 Darstellers.

381 1726 575 1786 Geburtstag
611 1730 794 1790 Schnitzlers
824 1733 972 1793 gefeiert.
996 1733 1066 1793 Wer
1102 1737 1149 1797 ihn
1179 1741 1255 1801 aber
1286 1741 1350 1801 noch
1386 1741 1409 1801 in
1445 1740 1491 1800 den

2713 1730 2846 1790 mann
2880 1735 2932 1795 und
2959 1736 3112 1796 Elisabeth
3139 1748 3324 1808 Bergne

1919 1759 1986 1819 Von
2013 1763 2100 1823 Otto
2128 1766 2303 1826 Treßler.

375 1772 476 1832 letzten
511 1775 612 1835 Tagen
647 1776 771 1836 gesehen
805 1778 861 1838 und
896 1783 1071 1843 gesprochen
1105 1782 1172 1842 hat,
1201 1786 1247 1846 dem
1298 1787 1331 1847 ist
1360 1787 1388 1847 es
1422 1789 1501 1849 recht

2718 1777 2908 1837 aufführung
2945 1784 3038 1844 dieses
3075 1788 3204 1848 Stückes
3241 1793 3327 1853 im!

1644 1813 1762 1873 Arthur
1786 1816 1951 1876 Schnitzler
1977 1822 2039 1882 war
2064 1821 2079 1881 —
2127 1823 2158 1883 es
2190 1825 2229 1885 ist
2254 1826 2308 1886 mir
2334 1828 2372 1888 ein
2405 1831 2507 1891 ebenso
2531 1834 2665 1894 fremdes

377 1822 642 1882 unglaubwürdig
676 1823 857 1883 erschienen,
886 1826 942 1886 daß
976 1830 1066 1890 dieser
1100 1831 1196 1891 Mann
1231 1834 1343 1894 bereits
1378 1835 1411 1895 an
1445 1834 1495 1894 der

2721 1822 2908 1882 Gastspieles
2940 1828 2977 1888 am
3021 1834 3247 1894 Volkstheater
3279 1837 3322 1897 erw

1550 1858 1606 1918 wie
1633 1863 1850 1923 schmerzliches
1882 1865 2009 1925 Gefühl,
2035 1870 2163 1930 plötzlich
2196 1870 2221 1930 in
2260 1872 2310 1932 der
2336 1879 2592 1939 Vergangenheit
2637 1883 2662 1943 zu

370 1867 525 1927 Schwelle
567 1867 618 1927 des
665 1873 966 1933 Patriarchenalters
1013 1879 1110 1939 stehen
1158 1881 1244 1941 solle.
1285 1882 1377 1942 Zwar
1418 1884 1487 1944 hatt

2717 1867 2811 1927 Rolle
2837 1873 3000 1933 besonders
3033 1876 3140 1936 liebte,
3160 1882 3260 1942 wollte
3292 1886 3329 1946 sie

1553 1907 1682 1967 sprechen
1712 1906 1723 1966 —
1783 1911 1830 1971 als
1860 1912 1959 1972 Autor
1984 1914 2030 1974 bei
2054 1915 2107 1975 den
2138 1918 2255 1978 Proben
2291 1920 2384 1980 seiner
2409 1923 2520 1983 Werke
2550 1927 2667 1987 zurück¬

366 1914 581 1974 menschliches
610 1915 678 1975 Leid
701 1918 769 1978 tiefe
798 1921 928 1981 Furchen
957 1923 984 1983 in
1013 1924 1092 1984 seine
1116 1926 1206 1986 Stirn
1252 1927 1399 1987 gegraben
1434 1930 1490 1990 und

2716 1915 2858 1975 erklärte
2883 1918 2931 1978 er,
2963 1920 3005 1980 die
3037 1924 3129 1984 Rolle
3160 1927 3197 1987 sei
3229 1930 3253 1990 so
3284 1932 3320 1992 um

1552 1954 1671 2014 haltend
1702 1954 1755 2014 und
1786 1959 1973 2019 bescheiden,
1992 1960 2051 2020 also
2076 1963 2129 2023 für
2160 1964 2214 2024 uns
2245 1966 2389 2026 Künstler
2414 1970 2570 2030 besonders
2613 1973 2672 2033 an¬

2718 1960 2779 2020 nur
2810 1960 2859 2020 für
2897 1963 3007 2023 Wien,
3032 1969 3155 2029 sondern
3199 1972 3266 2032 auch
3303 1974 3333 2034 fi

369 1958 424 2018 den
463 1963 628 2023 federnden
667 1964 761 2024 Gang
806 1969 860 2029 des
911 1972 1015 2032 früher
1065 1972 1120 2032 mit
1165 1975 1330 2035 erhobenem
1386 1978 1496 2038 Haupt

1545 2000 1689 2060 genehm.
1713 2004 1852 2064 Obwohl
1876 2004 1910 2064 er
1939 2006 1997 2066 mit
2027 2010 2253 2070 gespanntester
2288 2015 2572 2075 Aufmerksamkeit
2607 2018 2664 2078 den

2714 2006 2855 2066 Damals
2884 2011 2947 2071 war
2970 2014 3043 2074 aber
3067 2015 3129 2075 eine
3153 2019 3323 2079 Annahme

364 2009 683 2069 Einherschreitenden
718 2012 764 2072 ein
794 2015 892 2075 wenig
922 2019 1153 2079 verlangsamt.
1183 2021 1275 2081 Denn
1317 2024 1490 2084 Schnitzler

1541 2043 1733 2103 Vorgängen
1768 2047 1824 2107 auf
1847 2049 1897 2109 der
1938 2051 2045 2111 Bühne
2085 2055 2198 2115 folgte,
2232 2057 2288 2117 kam
2346 2061 2374 2121 es
2408 2063 2453 2123 nie
2481 2066 2510 2126 zu
2544 2064 2668 2124 irgend¬

2751 2049 2787 2109 rst
2812 2055 2935 2115 später,
2954 2055 3002 2115 für
3028 2058 3082 2118 den
3114 2063 3236 2123 Dichter
3262 2067 3292 2127 zu

367 2052 420 2112 hat
450 2056 497 2116 den
534 2058 681 2118 Schmerz
706 2060 740 2120 um
783 2063 859 2123 seine
890 2064 1032 2124 Tochter,
1056 2067 1097 2127 die
1127 2067 1180 2127 vor
1205 2069 1340 2129 wenigen
1371 2072 1488 2132 Jahren

1546 2091 1669 2151 welchen
1702 2095 2009 2155 Unterbrechungen,
2037 2099 2079 2159 die
2108 2100 2161 2160 wir
2188 2102 2236 2162 als
2269 2106 2404 2166 Störung
2437 2108 2506 2168 oder
2534 2112 2576 2172 als
2620 2112 2657 2172 ein

2715 2094 2746 2154 in
2770 2095 2871 2155 Berlin
2904 2103 2950 2163 den
2983 2106 3093 2166 „Gang
3117 2110 3171 2170 zum
3204 2113 3329 2173 Weiher

361 2097 390 2157 in
426 2102 568 2162 Venedig
611 2106 747 2166 plötzlich
783 2110 937 2170 gestorben
973 2112 1026 2172 ist,
1062 2117 1145 2177 nicht
1187 2118 1270 2178 mehr
1312 2119 1489 2179 verwinden

1541 2137 1688 2197 Moment
1717 2141 1920 2201 empfanden,
1944 2143 1999 2203 das
2028 2145 2073 2205 die
2108 2148 2294 2208 Stimmung
2323 2153 2374 2213 der
2402 2154 2498 2214 Szene
2527 2156 2662 2216 zerrissen

367 2149 510 2209 können.
540 2152 603 2212 Und
638 2153 747 2213 wieder
777 2156 863 2216 weist
892 2158 944 2218 sich
979 2160 1042 2220 eine
1071 2164 1215 2224 tragische
1245 2166 1406 2226 Parallele
1435 2168 1492 2228 mit

2774 2185 3081 2245 Gemeinsame
3113 2193 3330 2253 Gedenkf

1544 2183 1645 2243 hätte.
1668 2184 1710 2244 Er
1733 2186 1813 2246 sagte
1841 2188 1916 2248 nicht
1944 2191 2019 2251 viel,
2041 2193 2111 2253 aber
2133 2194 2197 2254 was
2225 2196 2257 2256 er
2284 2200 2381 2260 sagte,
2398 2202 2478 2262 hatte
2507 2205 2587 2265 nicht
2609 2205 2668 2265 nur

366 2196 456 2256 Hugo
491 2200 524 2260 v.
547 2202 818 2262 Hofmannsthal,
842 2205 892 2265 dem
938 2208 994 2268 das
1029 2211 1221 2271 Hinscheiden
1256 2214 1306 2274 des
1340 2215 1481 2275 geliebter

1539 2229 1593 2289 vom
1638 2231 1853 2291 Standpunkt
1892 2232 1941 2292 des
1980 2237 2168 2297 Darstellers
2213 2241 2300 2301 Hand
2334 2244 2389 2304 und
2423 2247 2511 2307 Fuß,
2533 2251 2654 2311 sondern

3084 2251 3333 2311 Sprechbül

366 2243 493 2303 Sohnes
539 2246 596 2306 den
635 2246 712 2306 Rest
751 2249 782 2309 an
821 2253 1039 2313 Lebenskraft
1085 2259 1142 2319 und
1175 2262 1399 2322 Lebenswillen
1445 2261 1489 2321 ge¬

1541 2274 1601 2334 war
1630 2276 1701 2336 auch
1729 2278 1756 2338 so
1784 2280 1988 2340 tiefgründig,
2011 2285 2065 2345 daß
2099 2285 2126 2345 es
2160 2287 2215 2347 uns
2248 2288 2292 2348 die
2315 2292 2508 2352 werwollsten
2541 2294 2662 2354 psycho¬

355 2290 457 2350 raubt
487 2294 560 2354 hat.

2803 2305 2975 2365 Anläßlich
3012 2309 3056 2369 des
3094 2315 3338 2375 bevorstehender

1542 2324 1683 2384 logischen
1719 2326 1901 2386 Aufschlüsse
1926 2330 2121 2390 vermittelte.
2145 2332 2197 2392 Ein
2233 2336 2416 2396 wahrhafter
2447 2342 2593 2402 Förderer
2612 2343 2664 2403 der

2711 2347 2898 2407 Schnitzlers
2939 2354 3032 2414 haben
3087 2357 3193 2417 bereits
3241 2364 3313 2424 drei

463 2368 586 2428 Arthur
617 2371 802 2431 Schnitzler,
826 2373 872 2433 der
904 2376 1034 2436 Wiener
1066 2380 1189 2440 Dichter
1221 2383 1421 2443 katexrochen,
1445 2385 1491 2445 ist

1533 2369 1772 2429 Schauspieler,
1795 2373 1872 2433 hatte
1900 2372 1927 2432 er
1956 2374 2000 2434 die
2029 2377 2133 2437 seltene
2162 2380 2267 2440 Gabe,
2290 2383 2345 2443 mit
2368 2386 2495 2446 wenigen
2529 2389 2656 2449 Worten

2707 2393 2853 2453 Reprisen
2891 2399 2988 2459 seiner
3020 2402 3129 2462 Werke
3161 2408 3325 2468 vorbereit¬

355 2409 416 2469 aus
450 2414 594 2474 erlesenem
645 2417 772 2477 Wiener
802 2420 912 2480 Milieu
952 2426 1152 2486 gekommen.
1181 2428 1252 2488 Sein
1293 2431 1392 2491 Vater
1420 2431 1487 2491 war

1533 2412 1584 2472 die
1618 2417 1713 2477 ganze
1749 2418 1850 2478 Figur
1890 2421 2042 2481 unerhört
2077 2424 2213 2484 plastisch
2253 2428 2303 2488 vor
2332 2429 2450 2489 unserem
2496 2433 2586 2493 Auge
2626 2437 2654 2497 zu

2707 2440 2817 2500 „Der
2843 2444 2984 2504 junge
3009 2451 3292 2511 Medardus"

356 2453 409 2513 der
439 2460 593 2520 seinerzeit
617 2463 777 2523 berühmte
807 2467 866 2527 und
896 2468 920 2528 in
956 2469 1008 2529 der
1033 2473 1163 2533 Wiener
1187 2476 1383 2536 Gesellschaft
1407 2478 1489 2538 hoch¬

1543 2461 1686 2521 zeichnen.
1723 2463 1770 2523 Es
1813 2465 1872 2525 sind
1910 2466 1975 2526 jetzt
2012 2469 2089 2529 volle
2126 2471 2167 2531 34
2210 2473 2312 2533 Jahre
2349 2476 2421 2536 her,
2451 2479 2505 2539 daß
2536 2480 2577 2540 ich
2608 2480 2655 2540 als

2709 2484 2793 2544 stadt
2826 2491 3080 2551 „Liebelei"
3119 2495 3177 2555 und
3217 2497 3274 2557 das

358 2506 542 2566 angesehene
573 2511 786 2571 Laryngologe
811 2515 965 2575 Professor
989 2519 1055 2579 Dr.
1073 2521 1198 2581 Johann
1234 2524 1412 2584 Schnitzler.
1431 2527 1471 2587 Im

1538 2506 1673 2566 Partner
1702 2509 1752 2569 von
1792 2512 1961 2572 Katharina
1996 2515 2182 2575 Schratt
2211 2518 2255 2578 die
2284 2521 2357 2581 erste
2386 2525 2656 2585 Schnitzler=Rolle

2697 2529 2783 2589 des
2817 2536 3035 2596 Lebens".
3056 2540 3128 2600 Der
3156 2542 3281 2602 Dichter

359 2554 556 2614 Nebenberuf
587 2560 870 2620 Burgtheatevarzt
919 2564 978 2624 und
1021 2569 1207 2629 Vertrauter
1256 2570 1327 2630 aller
1370 2572 1478 2632 großen

1536 2554 1746 2614 verkörperte,
1773 2557 1816 2617 den
1849 2560 1938 2620 Hugo
1970 2562 1996 2622 in
2035 2564 2149 2624 „Das
2181 2569 2545 2629 Vermächtnis".
2565 2575 2654 2635 Diese

2703 2575 2729 2635 im
2784 2581 3008 2641 Volkstheater
3043 2589 3239 2649 aufgeführte
3267 2593 3313 2653 S.

353 2602 524 2662 Darsteller
555 2605 649 2665 dieser
680 2607 803 2667 Bühne.
828 2607 869 2667 So
899 2610 958 2670 kam
1000 2613 1053 2673 es,
1077 2615 1130 2675 daß
1166 2617 1208 2677 die
1238 2618 1338 2678 beiden
1374 2620 1480 2680 Söhne

353 2644 406 2704 des
442 2649 625 2709 Gelehrten,
650 2652 773 2712 Arthur
803 2655 916 2715 sowohl
946 2658 993 2718 als
1023 2657 1081 2717 sein
1118 2661 1236 2721 Bruder
1272 2664 1401 2724 Julius,
1432 2667 1478 2727 der

350 2695 587 2755 heworragende
624 2699 748 2759 Wiener
778 2703 938 2763 Chirurg,
974 2706 1003 2766 in
1052 2708 1128 2768 ihren
1182 2712 1473 2772 Jünglingsjahren

352 2742 452 2802 starke
488 2745 700 2805 künstlerische
731 2750 878 2810 Impulse
908 2754 1073 2814 erhielten.
1115 2757 1209 2817 Beide
1245 2759 1386 2819 wandten
1428 2763 1475 2823 sich

1754 2778 2147 2838 Modern

359 2788 404 2848 dem
451 2790 583 2850 Studium
630 2794 675 2854 der
705 2798 831 2858 Medizin
867 2799 913 2859 zu.
937 2800 1011 2860 Aber
1041 2802 1184 2862 während
1214 2805 1323 2865 Julius
1352 2808 1409 2868 nur
1439 2809 1461 2869 im

347 2835 527 2895 Nebenamt
551 2840 708 2900 sozusagen
744 2843 784 2903 ein
813 2846 1076 2906 hervorragender
1105 2850 1239 2910 Musiker
1269 2850 1327 2910 und
1357 2854 1478 2914 Musik¬

356 2881 455 2941 freund
492 2884 656 2944 zeitlebens
692 2890 839 2950 geblieben
875 2893 927 2953 ist,
957 2894 1010 2954 hat
1040 2895 1086 2955 sich
1123 2897 1240 2957 Arthur
1276 2899 1340 2959 nach
1376 2901 1469 2961 seinen

1757 2918 1917 2978 der
1967 2924 2595 2984 jugendliche

350 2932 643 2992 Assistentenjahren
679 2934 707 2994 an
742 2936 794 2996 der
823 2940 996 3000 Poliklinik
1032 2943 1089 3003 und
1124 2945 1187 3005 nach
1228 2945 1308 3005 einer
1337 2947 1475 3007 militär¬

351 2976 512 3036 ärztlichen
549 2981 682 3041 Episode
713 2984 784 3044 (ihre
815 2987 929 3047 Frucht
954 2990 1020 3050 war
1050 2993 1231 3053 „Leutnant
1256 2993 1388 3053 Gustl",
1412 2996 1478 3056 eine

350 3024 497 3084 Novelle,
521 3029 579 3089 die,
604 3029 663 3089 wie
687 3032 763 3092 viele
787 3035 899 3095 andere
930 3039 1147 3099 Schöpfungen
1177 3039 1230 3099 des
1261 3040 1419 3100 Dichters,
1443 3040 1466 3100 in

1751 3061 2507 3121 Nackenknoten

344 3069 403 3129 der
444 3076 616 3136 „Neuen
663 3078 836 3138 Freien
883 3085 1068 3145 Presse"
1116 3087 1282 3147 erschienen
1316 3090 1368 3150 ist)
1402 3091 1454 3151 dem

346 3121 547 3181 literarischen
584 3124 728 3184 Schaffen
765 3130 966 3190 zugewandt.

1832 3189 1927 3249 Das
1958 3189 2171 3249 längere
2211 3193 2346 3253 Haar
2377 3194 2473 3254 legt
2503 3199 2599 3259 sich

436 3187 514 3247 Sein
547 3192 795 3252 Erstlingswerk
828 3197 893 3257 war
926 3199 1102 3259 „Anatol",
1129 3199 1174 3259 der
1208 3201 1305 3261 Mann
1338 3203 1396 3263 mit
1423 3205 1474 3265 der

347 3233 403 3293 tief
426 3236 453 3296 in
482 3237 527 3297 die
556 3238 639 3298 Stirn
674 3244 960 3304 hineinhängenden
989 3247 1321 3307 weltschmerzlerischen
1356 3251 1473 3311 Locke;

1826 3271 2058 3331 gefügig,
2087 3273 2131 3333 es
2168 3276 2346 3336 glänzt
2375 3279 2615 3339 wunder¬

347 3279 384 3339 sie
418 3282 467 3342 hat
501 3282 644 3342 übrigens
678 3287 799 3347 damals
844 3289 915 3349 auch
960 3291 1009 3351 der
1042 3293 1164 3353 Dichter
1197 3293 1285 3353 selbst
1313 3297 1473 3357 getragen,

345 3324 445 3384 ebenso
478 3328 535 3388 wie
562 3329 721 3389 Hermann
759 3335 869 3395 Bahr,
896 3335 943 3395 der
976 3336 1028 3396 dem
1076 3339 1277 3399 Stammtisch
1310 3340 1335 3400 im
1389 3344 1462 3404 alten

1832 3351 1962 3411 voll,
1989 3351 2084 3411 und
2130 3353 2251 3413 Ihre
2287 3357 2461 3417 Frisur
2506 3363 2618 3423 hält

347 3374 578 3434 „Griensteidl"
632 3379 832 3439 präsidierte.
875 3382 945 3442 Auf
987 3386 1152 3446 „Anatol"
1206 3387 1313 3447 folgten
1372 3390 1466 3450 „Das

351 3420 537 3480 Märchen",
574 3426 766 3486 „Liebelei",
803 3429 863 3489 und
906 3432 1057 3492 vielleicht
1093 3433 1135 3493 ist
1166 3434 1232 3494 noch
1281 3435 1443 3495 „Freiwild

1826 3432 1951 3492 nach
2000 3437 2087 3497 dem
2156 3441 2397 3501 Waschen
2437 3441 2532 3501 mit

337 3467 435 3527 dieser
466 3470 583 3530 Epoche
615 3470 670 3530 des
707 3476 904 3536 dichterischen
942 3479 1108 3539 Schaffens
1145 3482 1330 3542 Schnitzlers
1368 3484 1466 3544 beizu¬

341 3515 467 3575 zählen.
491 3518 560 3578 Das
596 3519 652 3579 sind
683 3521 751 3581 jene
781 3524 908 3584 Werke,
937 3524 960 3584 in
996 3525 1087 3585 denen
1123 3527 1169 3587 zum
1216 3529 1383 3589 erstenmal
1407 3528 1464 3588 das

337 3561 465 3621 Wiener
503 3566 570 3626 süße
601 3568 718 3628 Mädel
749 3568 792 3628 die
823 3569 934 3629 Bühne
971 3572 1087 3632 betrat,
1119 3573 1167 3633 das
1205 3575 1334 3635 freilich,
1365 3577 1457 3637 genau

346 3611 544 3671 genommen,
573 3611 595 3671 in
635 3614 845 3674 Grillparzers
885 3617 963 3677 Hero
998 3620 1060 3680 und
1094 3620 1218 3680 Melitta
1259 3620 1321 3680 ihre
1355 3622 1462 3682 Ahnen

1756 3643 2266 3703 ELIDA
2455 3653 3105 3713 SHAMI

338 3656 481 3716 verehren
515 3659 636 3719 müßte.
659 3660 779 3720 Anatol
813 3662 868 3722 und
902 3663 956 3723 das
990 3664 1061 3724 süße
1095 3666 1238 3726 Mädchen
1278 3666 1332 3726 und
1366 3668 1465 3728 Max,

338 3700 387 3760 der
416 3703 620 3763 Räsonneur,
649 3706 704 3766 sind
738 3709 926 3769 Blutzeugen
960 3712 1042 3772 einer
1071 3712 1237 3772 allerdings
1271 3715 1343 3775 weit
1366 3715 1465 3775 hinter

334 3745 392 3805 uns
425 3747 578 3807 liegenden
616 3751 728 3811 Epoche
755 3753 807 3813 des
840 3755 967 3815 Wiener
995 3757 1132 3817 Lebens.
1155 3760 1255 3820 Wenn
1293 3760 1346 3820 auf
1373 3763 1457 3823 ihnen

337 3793 379 3853 ein
423 3795 521 3855 wenig
564 3796 669 3856 Staub
713 3802 804 3862 liegt,
836 3803 866 3863 so
904 3804 947 3864 ist
984 3804 1014 3864 es
1058 3807 1119 3867 doch
1162 3807 1218 3867 der
1256 3808 1359 3868 Staub
1403 3808 1452 3868 von

1506 3814 1602 3874 Rolle
1637 3818 1691 3878 hat
1734 3818 1802 3878 eine
1830 3822 1891 3882 sehr
1934 3826 2120 3886 schwierige,
2155 3828 2230 3888 weil
2259 3829 2320 3889 sehr
2348 3832 2437 3892 lange
2472 3835 2623 3895 dauernde

342 3844 736 3904 Schmetterlingsflügeln.

2683 3838 2751 3898 Teil
2774 3843 3018 3903 umgearbeitet,
3041 3846 3109 3906 weil
3133 3847 3185 3907 er,
3209 3850 3261 3910 wie

1505 3862 1718 3922 Sterbeszene,
1742 3865 1793 3925 und
1828 3867 1862 3927 ich
1892 3870 1989 3930 durfte
2019 3873 2140 3933 damals
2169 3873 2221 3933 den
2250 3876 2371 3936 Dichter
2400 3879 2573 3939 wiederholt
2597 3880 2625 3940 in

2676 3882 2886 3942 Erlebnissen,
2917 3888 2960 3948 die
2992 3891 3084 3951 dieses
3122 3891 3214 3951 Werk
3252 3895 3307 3955 aus

428 3903 497 3963 Mit
521 3907 567 3967 der
599 3909 769 3969 „Liebelei"
793 3912 877 3972 hatte
901 3912 955 3972 sich
979 3915 1141 3975 Schnitzler
1173 3915 1219 3975 das
1251 3916 1451 3976 Burgtheaten

1511 3910 1602 3970 seinem
1643 3912 1718 3972 Heim
1759 3913 1931 3973 aufsuchen,
1949 3915 1989 3975 wo
2019 3916 2047 3976 er
2070 3919 2128 3979 mit
2146 3921 2312 3981 rührender
2330 3924 2474 3984 Hingabe
2498 3927 2555 3987 mit
2567 3927 2624 3987 mir
2671 3929 2895 3989 abgeklärtere
2925 3933 3057 3993 Distanz
3087 3938 3247 3998 gewonnen
3288 3939 3317 3999 ha

329 3951 470 4011 erobert.
495 3956 618 4016 Ludwig
650 3955 779 4015 Speidel
804 3960 952 4020 begrüßte
977 3962 1038 4022 mit
1063 3963 1298 4023 schwungvoller
1323 3963 1458 4023 Wärme

1506 3955 1667 4015 arbeitete.
1685 3957 1724 4017 In
1760 3957 1851 4017 seinem
1892 3966 2250 4026 Glüchwunschschreiben
2286 3969 2314 4029 zu
2343 3972 2458 4032 meinem
2499 3972 2556 4032 60.
2569 3971 2626 4031 Ge¬

2674 3974 2784 4034 anders
2813 3974 2885 4034 sah.
2902 3976 2946 4036 Es
2980 3981 3041 4041 war
3070 3981 3119 4041 der
3142 3984 3314 4044 ausdrückl

333 3997 385 4057 den
427 4001 538 4061 jungen
574 4002 680 4062 Autor
716 4004 775 4064 und
811 4005 899 4065 sagte
935 4008 981 4068 ihm
1035 4011 1218 4071 prophetisch
1260 4011 1324 4071 eine
1360 4011 1453 4071 große

1502 4002 1649 4062 burtstag
1678 4002 1796 4062 schreibt
1819 4005 1847 4065 er
1870 4007 2017 4067 darüber,
2035 4012 2158 4072 nachdem
2199 4014 2227 4074 er
2250 4014 2323 4074 mich
2352 4016 2402 4076 des
2426 4020 2623 4080 Ausdruckes

2673 4020 2729 4080 daß
2766 4020 2822 4080 das
2859 4024 3079 4084 Volkstheater
3116 4029 3208 4089 seinen
3244 4029 3307 4089 70.

330 4047 512 4107 dichterische
554 4051 701 4111 Zukunft
737 4053 871 4113 voraus.
902 4055 1002 4115 Jene,
1038 4059 1084 4119 die
1126 4058 1155 4118 da
1197 4059 1361 4119 glaubten,
1397 4060 1449 4120 daß

1504 4047 1600 4107 seiner
1629 4050 1820 4110 Sympathie
1854 4052 1911 4112 und
1945 4054 2041 4114 seiner
2075 4059 2312 4119 Bewunderung
2347 4063 2498 4123 versichert
2533 4067 2611 4127 hatte

2676 4065 2786 4125 Werke
2811 4065 2934 4125 begehe.

332 4092 503 4152 Schnitzler
527 4094 586 4154 nur
617 4094 638 4154 in
677 4094 721 4154 der
752 4097 871 4157 weichen
909 4097 983 4157 Luft
1007 4105 1118 4165 Wiens
1149 4100 1321 4160 dichterisch
1344 4103 1441 4163 atmer

1505 4092 1559 4152 wie
1587 4094 1698 4154 folgt:
1721 4098 1797 4158 „Ich
1832 4097 1903 4157 habe
1937 4100 1992 4160 Sie
2020 4104 2108 4164 heute
2142 4104 2263 4164 zufällig
2297 4108 2324 4168 in
2358 4109 2440 4169 einem
2486 4112 2607 4172 Tonfilm

2758 4115 2816 4175 Ich
2844 4112 2936 4172 werde
2964 4118 3110 4178 nunmehr
3132 4119 3262 4179 anregen
