3392 4352
186 284 244 344 2
353 288 954 348 Schnitzler's
1015 291 1250 351 Death

354 710 1075 770 DOBSERVER

443 779 468 839 1.
482 777 602 837 österr.
616 778 762 838 behördl.
776 780 1074 840 konzessioniertes

394 819 633 879 Unternehmen
664 819 712 879 für
735 822 1120 882 Zeitungs-Ausschnitte

451 879 601 939 WIEN,
630 882 677 942 I.,
698 882 987 942 WOLLZEILE
1036 882 1076 942 11

551 930 763 990 TELEPHON
800 933 970 993 R-23-0-43

347 1070 565 1130 Ausschnitt
592 1070 677 1130 aus:

953 1209 1048 1269 1931

374 1321 522 1381 Artur
553 1324 805 1384 Schnitzler
836 1323 896 1383 ist
927 1319 1208 1379 gestorben.

506 1377 724 1437 (Eigenbericht
751 1377 797 1437 des
824 1377 1078 1437 Arbeiterwille.)

388 1434 506 1494 Wien,
531 1434 583 1494 21.
608 1431 780 1491 Oktober.
816 1431 928 1491 Heute
976 1431 1083 1491 abend
1120 1431 1160 1491 ist
1185 1431 1213 1491 im

344 1482 444 1542 Alter
476 1482 534 1542 von
571 1482 608 1542 69
640 1480 771 1540 Jahren
810 1480 862 1540 der
915 1479 1089 1539 bekannte
1122 1479 1227 1539 öster¬

348 1530 511 1590 reichische
540 1530 675 1590 Dichter
710 1530 816 1590 Artur
862 1530 1122 1590 Schnitzler
1173 1529 1229 1589 ge¬

348 1580 499 1640 storben.

387 1626 460 1686 Mit
483 1630 658 1690 Schnitzler
687 1628 743 1688 hat
772 1628 947 1688 Österreich
982 1628 1071 1688 einen
1095 1625 1224 1685 Dichter

346 1677 407 1737 von
444 1679 594 1739 wirklich
647 1679 776 1739 großem
823 1678 962 1738 Können
1025 1676 1092 1736 und
1124 1676 1237 1736 inter¬

347 1727 542 1787 nationalem
589 1727 656 1787 Ruf
683 1727 853 1787 verloren.
874 1727 967 1787 Kaum
1014 1727 1060 1787 ein
1091 1726 1230 1786 zweiter

347 1774 584 1834 Schriftsteller
617 1774 676 1834 des
731 1774 898 1834 deutschen
941 1774 1227 1834 Sprachgebietes

350 1825 488 1885 erreicht
516 1823 565 1883 die
594 1823 847 1883 Meisterkraft,
870 1825 936 1885 mit
964 1822 1019 1882 der
1047 1824 1229 1884 Schnitzler

344 1876 375 1936 in
429 1876 539 1936 seinen
609 1873 890 1933 weltbekannten
949 1873 1224 1933 Theaterstücken

353 1924 456 1984 seinen
494 1924 640 1984 Figuren
678 1924 824 1984 wirklich
857 1922 1128 1982 Lebenswärme
1166 1924 1225 1984 und

350 1972 474 2032 Gestalt
503 1971 649 2031 verlieh.
693 1971 780 2031 Sein
819 1971 965 2031 Anatol,
993 1971 1052 2031 sein
1091 1971 1226 2031 herrlich

354 2020 770 2080 freiheitskämpferischer
860 2020 1077 2080 Medardus,

348 2070 531 2130 prächtiger
559 2073 691 2133 Roman
748 2071 836 2131 „Der
876 2070 953 2130 Weg
1004 2070 1059 2130 ins
1110 2070 1209 2130 Freie

349 2122 411 2182 sind
449 2121 663 2181 Marksteine
714 2124 826 2184 seines
878 2121 1053 2181 unerhört
1104 2120 1229 2180 reichen

351 2168 554 2228 Schaffens.

690 2382 916 2442 Vorariberger
943 2369 1109 2429 Volksblat

695 2465 788 2525 72.
808 2475 930 2535 0KT.
950 2476 1052 2536 1937

353 2550 418 2610 Der
444 2555 691 2615 österreichische
717 2564 840 2624 Dichter
866 2570 998 2630 Arthur
1023 2577 1197 2637 Schnitzler
1222 2582 1263 2642 ist
1280 2580 1395 2640 gestern

247 2599 472 2659 nachmittags
496 2606 525 2666 im
566 2609 629 2669 70.
647 2613 873 2673 Lebensjahre
902 2620 1087 2680 gestorben.

339 2726 523 2786 Schnitzler
550 2732 661 2792 wurde
688 2736 719 2796 am
767 2738 825 2798 15.
847 2741 926 2801 Mai
953 2743 1031 2803 1862
1064 2748 1089 2808 in
1122 2750 1212 2810 Wien
1244 2750 1407 2810 geboren.

237 2768 284 2828 Er
306 2773 373 2833 war
400 2777 569 2837 dortselbst
591 2785 685 2845 Arzt.
712 2788 839 2848 Seinen
866 2793 1040 2853 Romanen
1067 2798 1129 2858 und
1156 2801 1388 2861 Schauspielen

235 2821 305 2881 sagt
325 2825 400 2885 man
431 2828 526 2888 nach,
547 2832 602 2892 daß
633 2833 673 2893 sie
699 2836 819 2896 nervös
850 2843 1056 2903 überfeinert
1082 2848 1142 2908 und
1173 2849 1233 2909 aus
1264 2852 1399 2912 müder,

235 2874 478 2934 schwankender
505 2882 807 2942 Weltanschauung
840 2891 903 2951 mit
930 2892 982 2952 oft
1004 2897 1280 2957 unangenehmer
1312 2899 1396 2959 Seez

236 2919 547 2979 lenzeraliederung
576 2929 768 2989 geschrieben
797 2936 898 2996 seien.

394 3341 624 3401 Ausschnitt
651 3338 742 3398 aus:

775 3562 867 3622 22.
897 3565 1026 3625 UKI.
1046 3571 1147 3631 1931

413 3568 528 3628 vom:

515 3727 729 3787 Arthur
780 3738 1103 3798 Schnitzlei

642 3812 1008 3872 gestorben.

446 3864 578 3924 Wien,
591 3869 647 3929 21.
667 3870 817 3930 Oktober.
831 3874 956 3934 Arthur
976 3884 1221 3944 Schnitzler
1247 3890 1284 3950 ist

353 3903 444 3963 heute
470 3906 505 3966 um
556 3909 602 3969 ½7
638 3909 699 3969 Uhr
730 3913 821 3973 abend
853 3916 939 3976 einem
980 3922 1209 3982 Schlaganfall
1230 3929 1280 3989 er¬

355 3947 460 4007 legen.
488 3951 644 4011 (Näheres
672 3954 699 4014 im
745 3956 872 4016 Innern
912 3961 961 4021 des
995 3967 1162 4027 Blattes.)

1468 291 1594 351 box
1674 297 1863 357 42/6

2016 635 2543 695 TIROLERAZGK

2113 722 2213 782 22.
2241 722 2370 782 OKT.
2389 724 2489 784 1937

1758 850 1798 910 In
1834 858 1961 918 Wien
2002 858 2036 918 ist
2066 855 2124 915 der
2159 855 2333 915 bekannte
2363 858 2624 918 österreichische
2677 858 2810 918 Dichter

1718 905 1827 965 Artur
1849 903 2103 963 Schnitzler
2131 903 2158 963 im
2200 901 2255 961 70.
2270 900 2503 960 Lebensjahre
2532 903 2717 963 gestorben.

1880 1119 2029 1179 Artur
2077 1127 2331 1187 Schnitzler
2368 1133 2667 1193 gestorben.

1771 1177 1812 1237 on
1855 1178 1959 1238 seiner
2002 1183 2190 1243 Wohnung
2226 1186 2253 1246 in
2296 1189 2394 1249 Wien
2444 1192 2492 1252 ist
2521 1195 2639 1255 gestern
2682 1195 2737 1255 der
2773 1197 2835 1257 be¬

1672 1228 1807 1288 rühmte
1837 1231 1984 1291 Dichter
2014 1231 2084 1291 Dr.
2109 1233 2220 1293 Artur
2250 1239 2433 1299 Schnitzler
2463 1242 2492 1302 im
2534 1243 2598 1303 70.
2623 1248 2834 1308 Lebensjahr

1670 1276 1815 1336 plötzlich
1846 1279 2046 1339 gestorben.

2259 1388 2318 1448 27
2372 1395 2502 1455 OKT.
2529 1404 2624 1464 1934

2003 1460 2263 1520 Obersteirische
2292 1473 2542 1533 Voiazeitung,
2554 1477 2674 1537 Laobon

1874 2119 2681 2179 DOBSERVER“

1962 2177 1984 2237 I.
1999 2179 2117 2239 österr.
2132 2180 2278 2240 behördl.
2292 2183 2594 2243 konzessioniertes

1918 2219 2154 2279 Unternehmen
2183 2222 2232 2282 für
2256 2225 2644 2285 Zeitungs-Ausschnitte

1966 2279 2115 2339 WIEN,
2143 2282 2190 2342 I.,
2218 2285 2503 2345 WOLLZEILE
2551 2287 2591 2347 11

2065 2332 2282 2392 TELEPHON
2316 2335 2490 2395 R-23-0-43

1862 2473 2087 2533 Ausschnitt
2116 2476 2205 2536 aus:

1843 2684 2065 2744 AUSSCHNITT
2086 2682 2172 2742 VOM.

2250 2791 2335 2851 22.
2363 2787 2448 2847 OKI.
2467 2799 2579 2859 1931

1880 2877 2093 2937 Tilsiter
2138 2880 2288 2940 Allg.
2332 2879 2578 2939 Zeitung,
2612 2879 2772 2939 Tilsit

1874 3016 2109 3076 Arthur
2153 3019 2539 3079 Schnitzler

1881 3072 1944 3132 45

2468 3088 2573 3148 Wien,
2587 3091 2638 3151 21.
2653 3088 2724 3148 Okt.

1829 3123 1892 3183 Der
1921 3129 2066 3189 bekünnte
2095 3129 2320 3189 österreichische
2350 3132 2546 3192 Dramatiker
2576 3134 2633 3194 Dr.
2645 3135 2760 3195 Arthur

1753 3165 1979 3225 Schnitzler
2009 3167 2043 3227 ist
2068 3168 2102 3228 am
2147 3168 2304 3228 Mittwoch
2334 3171 2363 3231 im
2403 3171 2451 3231 69.
2477 3174 2688 3234 Lebensjahre
2713 3173 2761 3233 ge¬

1753 3204 1882 3264 storben.
1902 3204 1944 3264 Am
1983 3207 2155 3267 Vormittag
2184 3207 2270 3267 erlitt
2294 3207 2322 3267 er
2347 3208 2399 3268 auf
2423 3210 2504 3270 einem
2543 3211 2753 3271 Spaziergang

1747 3241 1812 3301 eine
1843 3243 2096 3303 Gehirnblutung
2137 3246 2197 3306 und
2234 3248 2375 3308 verschied
2412 3249 2477 3309 nach
2519 3252 2756 3312 mehrstündiger

1756 3279 2039 3339 Bewußtlosigkeit.

1819 3321 2000 3381 Schnitzler,
2037 3321 2126 3381 dessen
2163 3322 2266 3382 Vater
2298 3324 2376 3384 Arzt
2413 3325 2500 3385 war,
2527 3327 2667 3387 widmete
2710 3329 2756 3389 sich

1751 3358 1900 3418 ebenfalls
1932 3359 2064 3419 zunachst
2105 3362 2327 3422 medizinischen
2364 3362 2494 3422 Studien
2541 3365 2595 3425 und
2641 3365 2762 3425 promo¬

1750 3395 1845 3455 vierte
1869 3398 1903 3458 an
1937 3398 1984 3458 der
2009 3398 2133 3458 Wiener
2157 3400 2364 3460 Universität.
2403 3401 2445 3461 Er
2469 3403 2536 3463 war
2561 3404 2762 3464 Regiments¬

1742 3436 1830 3496 arzt,
1855 3434 1953 3494 später
1983 3437 2160 3497 praktischer
2186 3438 2279 3498 Arzt,
2304 3440 2338 3500 um
2383 3440 2426 3500 sich
2461 3442 2540 3502 dann
2575 3446 2757 3506 vollständig

1750 3471 1797 3531 der
1826 3476 2075 3536 Schriftstellerei
2099 3473 2127 3533 zu
2157 3476 2304 3536 widmen.
2343 3476 2424 3536 Eine
2453 3479 2548 3539 seiner
2578 3482 2663 3542 ersten
2697 3480 2759 3540 No¬

1749 3510 1835 3570 vellen
1879 3512 2056 3572 „Leutnant
2085 3515 2229 3575 Gustel“,
2254 3515 2302 3575 die
2336 3515 2359 3575 in
2398 3518 2451 3578 der
2485 3519 2604 3579 „Neuen
2643 3520 2748 3580 Freien

1755 3549 1865 3609 Presse“
1891 3551 2117 3611 veröffentlicht
2138 3553 2253 3613 wurde,
2274 3553 2354 3613 hatte
2380 3555 2429 3615 zur
2455 3556 2566 3616 Folge,
2581 3558 2631 3618 daß
2662 3559 2747 3619 gegen

1749 3586 1795 3646 ihn
1828 3589 1926 3649 wegen
1964 3592 2168 3652 Beleidigung
2197 3592 2248 3652 der
2276 3592 2383 3652 Armee
2416 3593 2458 3653 ein
2491 3595 2751 3655 ehrenrechtliches

1751 3628 1914 3688 Verfahren
1947 3628 2124 3688 eingeleitet
2148 3628 2204 3688 und
2233 3630 2260 3690 er
2284 3631 2382 3691 seines
2406 3635 2751 3695 Regimentsarzttitels

1754 3670 1797 3730 für
1827 3667 1971 3727 verlustig
2001 3667 2116 3727 erklärt
2146 3667 2261 3727 wurde.

1825 3700 1882 3760 Die
1907 3706 2114 3766 bekanntesten
2144 3706 2245 3766 Werke
2270 3706 2317 3766 des
2347 3708 2481 3768 Dichters
2511 3711 2569 3771 sind
2593 3712 2646 3772 vor
2671 3712 2747 3772 allem

1748 3744 1800 3804 der
1829 3744 1944 3804 Roman
1982 3744 2059 3804 „Der
2088 3744 2155 3804 Weg
2184 3744 2236 3804 ins
2266 3744 2371 3804 Freie“
2405 3747 2457 3807 und
2491 3747 2534 3807 die
2563 3750 2658 3810 später
2688 3750 2749 3810 auch

1749 3780 1906 3840 verfilmte
1936 3782 2064 3842 Novelle
2094 3783 2261 3843 „Fräulein
2291 3785 2399 3845 Else".
2434 3787 2616 3847 Schnitzlers
2646 3789 2758 3849 seiner¬

1747 3817 1802 3877 zeit
1833 3819 2081 3879 meistgespieltes
2118 3821 2300 3881 Schauspiel
2342 3822 2580 3882 „Liebelei“
2617 3823 2652 3883 ist
2693 3828 2743 3888 dem

1747 3858 1871 3918 Wiener
1906 3858 2021 3918 Milieu
2060 3858 2272 3918 entnommen.
2316 3860 2388 3920 Mit
2417 3863 2508 3923 diesem
2557 3864 2648 3924 Stück
2673 3867 2759 3927 hatte

1746 3897 1904 3957 Schnitzler
1933 3897 1957 3957 im
2001 3898 2101 3958 Jahre
2126 3900 2192 3960 1895
2227 3897 2250 3957 im
2294 3900 2505 3960 Burgtheater
2530 3903 2625 3963 seinen
2660 3903 2745 3963 ersten

1748 3935 1853 3995 großen
1887 3935 2140 3995 Bühnenerfolg.
2179 3935 2265 3995 Sehr
2295 3938 2466 3998 umstritten
2505 3939 2567 3999 war
2597 3942 2754 4002 seinerzeit

1746 3977 1828 4037 „Der
1851 3977 2005 4037 Reigen",
2023 3975 2067 4035 der
2095 3974 2166 4034 über
2189 3975 2266 4035 viele
2289 3977 2416 4037 deutsche
2439 3979 2565 4039 Bühnen
2594 3983 2682 4043 ging.
