3248 4384
351 350 935 410 Schnitzler's
1005 358 1242 418 Death

1449 361 1590 421 box
1670 366 1858 426 43/6

657 743 915 803 OS

1068 758 1375 818 RVER

747 799 769 859 I.
783 799 903 859 österr.
912 805 1065 865 behördl.
1079 811 1383 871 konzessioniertes

697 839 933 899 Unternehmen
965 843 1014 903 für
1041 850 1430 910 Zeitungs-Ausschnitte

752 898 905 958 WIEN,
933 906 979 966 I.,
1007 910 1295 970 WOLLZEILE
1336 913 1382 973 11

847 954 1069 1014 TELEPHON
1101 960 1281 1020 R-23-0-43

647 1091 867 1151 Ausschnitt
891 1094 981 1154 aus:

1000 1193 1061 1253 Der
1082 1184 1233 1244 Morgen,
1247 1176 1322 1236 Wien

640 1314 757 1374 vom:

1084 1357 1172 1417 26.
1191 1349 1323 1409 OKT.
1342 1337 1447 1397 1937

565 1384 660 1444 Seite

2021 1411 2103 1471 Der
2136 1411 2315 1471 Morgen

539 1603 928 1663 Priese,
1001 1610 1142 1670 die
1233 1615 1624 1675 Arthar
1680 1622 2195 1682 Schnihler
2269 1623 2693 1683 schrieb.

1222 1705 1452 1765 Mitgeteilt
1487 1705 1560 1765 von
1602 1705 1716 1765 Mitzi
1742 1710 2022 1770 Friedmann.

600 1775 676 1835 Nun
718 1776 752 1836 ist
783 1775 835 1835 der
872 1781 966 1841 große
996 1782 1266 1842 Puppenspieler,
1315 1784 1367 1844 der
1403 1784 1432 1844 so
1469 1785 1515 1845 oft
1545 1785 1591 1845 die

1650 1787 1751 1847 schrieb
1776 1789 1817 1849 ich
1842 1790 1884 1850 ihm
1927 1790 2010 1850 einen
2035 1790 2131 1850 Brief
2150 1795 2209 1855 und
2234 1796 2342 1856 erhielt
2361 1797 2524 1857 innerhalb
2548 1799 2584 1859 24
2609 1800 2710 1860 Stun¬

506 1817 718 1877 wunderbare
740 1817 838 1877 Weise
860 1821 914 1881 von
947 1823 1034 1883 Liebe
1057 1826 1116 1886 und
1144 1826 1209 1886 Tod
1232 1827 1384 1887 erklingen
1412 1829 1487 1889 ließ,
1510 1829 1596 1889 selbst

1648 1832 1696 1892 den
1734 1832 1892 1892 folgendes
1918 1835 2237 1895 Antwortschreiben:

509 1861 577 1921 „die
600 1860 707 1920 dunkle
736 1862 849 1922 Straße
872 1862 900 1922 in
929 1863 973 1923 ein
1002 1867 1104 1927 lichtes
1133 1868 1234 1928 Land"
1263 1869 1438 1929 gegangen,
1456 1872 1506 1932 hat
1535 1874 1579 1934 den

2473 1889 2519 1949 11.
2540 1890 2573 1950 2.
2588 1892 2675 1952 1926.

511 1901 606 1961 letzten
641 1902 792 1962 einsamen
824 1905 893 1965 Weg
919 1907 944 1967 in
980 1907 1030 1967 das
1061 1910 1151 1970 weite
1177 1910 1257 1970 Land
1288 1912 1338 1972 der
1364 1913 1515 1973 Ewigkeit
1535 1916 1595 1976 an¬

1792 1931 1945 1991 Verehrtes
1969 1931 2127 1991 Fröulein,
2145 1933 2247 1993 Vielen
2270 1936 2355 1996 Dank
2379 1936 2418 1996 für
2441 1936 2503 1996 Ihr
2527 1937 2708 1997 freundliches

507 1942 664 2002 getreten!
690 1943 733 2003 Er
758 1945 851 2005 schien
887 1945 999 2005 immer
1029 1948 1083 2008 von
1118 1951 1196 2011 weit
1222 1954 1276 2014 her
1306 1954 1330 2014 zu
1365 1954 1522 2014 kommen,
1547 1957 1591 2017 die

1718 1968 1883 2028 Interesse,
1906 1969 1966 2029 aber
1989 1969 2027 2029 ich
2056 1969 2121 2029 kann
2150 1972 2216 2032 mich
2244 1972 2394 2032 vorläufig
2422 1975 2532 2035 absolut
2561 1975 2626 2035 nicht
2655 1974 2715 2034 ent¬

509 1987 699 2047 wunderbar
726 1990 859 2050 einsache
886 1993 1130 2053 Menschlichkeit
1157 1996 1252 2056 seines
1279 1996 1400 2056 Wesens
1433 1997 1496 2057 war
1518 1999 1592 2059 stets

1716 2005 1865 2065 schließen,
1896 2005 1994 2065 irgend
2031 2005 2128 2065 welche
2170 2011 2453 2071 „Jugendarbeiten"
2489 2012 2515 2072 zu
2556 2014 2711 2074 veröffent¬

508 2029 564 2089 von
595 2032 776 2092 Geheimnis
807 2033 987 2093 umwoben.
1009 2038 1096 2098 „Gut
1118 2038 1127 2098 —
1179 2040 1236 2100 gut
1257 2041 1334 2101 wird
1355 2041 1385 2101 er
1412 2041 1494 2101 wohl
1520 2044 1597 2104 sein.

1714 2043 1819 2103 lichen,
1836 2044 1857 2104 es
1884 2044 1957 2104 wäre
1979 2045 2063 2105 denn,
2080 2047 2127 2107 daß
2154 2047 2191 2107 ich
2212 2050 2243 2110 sie
2270 2050 2291 2110 zu
2324 2050 2435 2110 gleicher
2456 2052 2524 2112 Zeit
2541 2053 2710 2113 künstlerisch

506 2072 575 2132 Das
608 2072 668 2132 sind
696 2074 754 2134 wir
782 2076 804 2136 ja
837 2077 890 2137 alle
918 2080 1005 2140 mehr
1032 2080 1103 2140 oder
1130 2083 1287 2143 weniger.
1304 2083 1385 2143 Aber
1413 2086 1520 2146 gütig?

1715 2083 1744 2143 zu
1774 2083 1925 2143 verwerten
1950 2083 2087 2143 imstande
2107 2084 2194 2144 wäre.
2215 2087 2357 2147 Übrigens
2382 2089 2489 2149 stimmt
2504 2089 2533 2149 es
2558 2091 2641 2151 nicht,
2656 2092 2685 2152 da

506 2116 565 2176 Ich
598 2117 673 2177 weiß
707 2118 782 2178 nicht
809 2119 950 2179 recht...
972 2122 1140 2182 Verstehen
1173 2125 1232 2185 Sie
1265 2126 1335 2186 mich
1368 2128 1464 2188 wohl!
1492 2128 1594 2188 Güte,

1711 2119 1752 2179 ich
1778 2122 1824 2182 zur
1846 2121 1912 2181 Zeit
1934 2121 1980 2181 der
2006 2123 2187 2183 Publikation
2219 2125 2265 2185 der
2291 2128 2446 2188 „Liebelei"
2473 2128 2524 2188 und
2545 2130 2591 2190 des
2613 2130 2715 2190 „Grü¬

1710 2160 1759 2220 nen
1784 2160 1917 2220 Kakadu"
1937 2160 1992 2220 viel
2012 2161 2115 2221 jünger
2135 2163 2194 2223 war
2220 2162 2259 2222 als
2284 2165 2348 2225 das,
2363 2166 2422 2226 was
2442 2166 2496 2226 Sie
2517 2169 2629 2229 „unsere
2645 2168 2708 2228 heu¬

505 2160 563 2220 das
590 2160 621 2220 ist
643 2160 769 2220 namlich
791 2163 891 2223 etwas
918 2163 975 2223 sehr
997 2163 1097 2223 Hohes
1124 2166 1182 2226 und
1209 2169 1378 2229 Seltenes"
1410 2172 1589 2232 („Komödie

1710 2197 1764 2257 tige
1784 2199 1981 2259 Generation“
2007 2199 2135 2259 nennen.
2150 2203 2391 2263 Erstaufführung
2417 2208 2456 2268 der
2481 2208 2629 2268 „Liebelei“
2649 2208 2707 2268 war

506 2199 555 2259 der
583 2203 744 2263 Worte“.)
766 2205 882 2265 Arthur
910 2208 1076 2268 Schnitzler
1104 2210 1187 2270 besaß
1221 2213 1309 2273 dieses
1337 2212 1436 2272 Hohe,
1459 2215 1586 2275 Seltene

1710 2237 1800 2297 1895,
1820 2238 1862 2298 des
1897 2238 2030 2298 „Grünen
2060 2241 2193 2301 Kakadu"
2223 2241 2308 2301 1899,
2328 2244 2337 2304 —
2386 2244 2409 2304 in
2439 2244 2548 2304 meinem
2587 2245 2644 2305 34.,
2664 2243 2706 2303 re¬

505 2246 534 2306 in
570 2245 680 2305 reichem
731 2250 841 2310 Maße,
866 2250 926 2310 und
962 2252 1016 2312 wir
1052 2251 1122 2311 alle,
1148 2253 1197 2313 die
1228 2255 1283 2315 wir
1313 2256 1368 2316 das
1404 2258 1589 2318 einmalige,

1719 2277 1832 2337 spektive
1863 2277 1914 2337 38.
1940 2277 2130 2337 Lebensjahr.
2172 2280 2239 2340 Das
2275 2280 2326 2340 sind
2363 2283 2439 2343 wohl
2471 2286 2542 2346 nicht
2574 2286 2707 2346 Jugend¬

503 2289 600 2349 große
627 2289 718 2349 Glück
740 2292 838 2352 seiner
865 2294 1065 2354 persönlichen
1098 2298 1335 2358 Bekanntschaft
1358 2301 1513 2361 genossen,
1541 2301 1584 2361 be¬

1711 2314 1841 2374 arbeiten
1867 2316 1891 2376 in
1912 2316 2007 2376 Ihrem
2043 2316 2118 2376 Sinn

507 2332 633 2392 wahren
663 2333 707 2393 die
732 2336 932 2396 Erinnerung
962 2338 996 2398 an
1026 2340 1255 2400 Begegnungen
1290 2340 1348 2400 mit
1373 2343 1417 2403 dem
1456 2343 1583 2403 Dichter

1787 2357 1829 2417 Es
1861 2355 1929 2415 wird
1962 2355 2024 2415 wich
2057 2358 2114 2418 sehr
2146 2359 2262 2419 freuen,
2283 2361 2383 2421 Ihnen
2415 2361 2526 2421 einmal
2553 2361 2700 2421 persönlich

505 2373 554 2433 als
580 2375 674 2435 etwas
700 2378 981 2438 Unvergängliches
1012 2379 1021 2439 —
1073 2379 1097 2439 es
1128 2382 1227 2442 waren
1258 2384 1409 2444 lebendige
1434 2387 1574 2447 Stunden

1714 2395 1740 2455 zu
1772 2393 1930 2453 begegnen;
1952 2393 1967 2453 —
2015 2397 2089 2457 „Der
2116 2399 2173 2459 Tag
2206 2397 2252 2457 der
2280 2401 2417 2461 Jugend"
2444 2399 2612 2459 interessiert
2639 2399 2702 2459 mich

500 2418 568 2478 voll
595 2420 886 2480 unvergleichlicher
918 2424 1108 2484 Schönheit.
1136 2428 1379 2488 Persönlichkeit
1412 2429 1581 2489 offenbarte

1712 2432 1882 2492 manchmal
1903 2433 1976 2493 sehr.

506 2465 551 2525 sich
585 2465 613 2525 in
642 2465 726 2525 jedem
766 2465 873 2525 Wort,
897 2468 1003 2528 spricht
1032 2468 1088 2528 aus
1117 2471 1201 2531 jeder
1230 2472 1314 2532 Zeile
1338 2472 1433 2532 seiner
1456 2473 1585 2533 Briefe!

1783 2477 1850 2537 Mit
1878 2483 2079 2543 verbindlichen
2108 2483 2224 2543 Grüßen

586 2514 635 2574 Da
674 2516 707 2576 ist
735 2516 779 2576 ein
812 2518 906 2578 Brief
934 2519 966 2579 an
1006 2522 1094 2582 Anna
1128 2525 1348 2585 Kallina;
1371 2524 1409 2584 sie
1437 2525 1503 2585 war
1537 2528 1580 2588 die

2043 2534 2104 2594 Ihr
2127 2534 2182 2594 sehr
2212 2534 2362 2594 ergebener

504 2558 577 2618 erste
612 2559 877 2619 Schlager=Mizzi
906 2564 934 2624 in
974 2564 1217 2624 „Liebelei“
1252 2567 1506 2627 (Uraufführung
1540 2568 1568 2628 im

2363 2582 2477 2642 Arthur
2502 2584 2670 2644 Schnitzler.

503 2602 713 2662 Burgtheater
740 2602 835 2662 1895)
857 2604 914 2664 und
947 2605 1030 2665 mehr
1053 2606 1100 2666 als
1127 2608 1173 2668 ein
1200 2608 1449 2668 Menschenalter
1471 2611 1586 2671 später,

498 2645 654 2705 anläßlich
682 2644 730 2704 des
757 2647 935 2707 50jährigen
969 2652 1364 2712 Burgtheaterjubiläums
1391 2653 1440 2713 der
1468 2655 1580 2715 Künst¬

1715 2679 1799 2739 Bald
1820 2681 1930 2741 darauf
1950 2683 2080 2743 forderte
2107 2683 2152 2743 der
2179 2683 2296 2743 Dichter
2323 2683 2394 2743 mich
2414 2686 2609 2746 telephonisch
2636 2689 2707 2749 auf,

504 2689 605 2749 lerin,
628 2689 753 2749 gedenkt
776 2692 900 2752 Arthur
929 2692 1098 2752 Schnitzler
1127 2695 1263 2755 dankbar
1297 2695 1387 2755 dieses
1422 2698 1585 2758 Erfolges:

1633 2722 1684 2782 ihn
1718 2724 1746 2784 zu
1781 2722 1921 2782 besuchen

2007 2723 2099 2783 nie
2133 2725 2154 2785 im
2203 2725 2295 2785 Leben
2334 2727 2431 2787 werde
2459 2728 2497 2788 ich
2530 2728 2600 2788 diese
2634 2728 2703 2788 erste

755 2759 900 2819 Verehrte
924 2761 1047 2821 gnädige
1070 2764 1170 2824 Frau,

1634 2766 1823 2826 Begegnung
1850 2766 1908 2826 mit
1925 2767 2040 2827 Arthur
2061 2767 2230 2827 Schnitzler
2246 2772 2414 2832 vergessen!
2436 2773 2489 2833 Ich
2516 2773 2636 2833 wartete
2663 2773 2683 2833 im

1637 2808 1758 2868 Salon,
1774 2809 1832 2869 und
1859 2809 1979 2869 plötzlich
2012 2809 2090 2869 stand
2117 2810 2159 2870 ER
2202 2809 2254 2869 vor
2281 2811 2338 2871 mir
2365 2813 2375 2873 —
2423 2813 2554 2873 wortlos
2576 2814 2691 2874 blickten

646 2814 764 2874 nehmen
794 2815 844 2875 Sie
869 2817 957 2877 meine
987 2817 1155 2877 herzlichsten
1185 2820 1398 2880 Glückwünsche
1418 2823 1442 2883 zu
1472 2823 1566 2883 Ihrem

577 2853 829 2913 Jubiläumstage

1634 2851 1692 2911 wir
1719 2852 1776 2912 uns
1803 2850 1844 2910 die
1871 2853 1981 2913 längste
2008 2853 2076 2913 Zeit
2098 2854 2150 2914 an,
2172 2853 2246 2913 dann
2278 2855 2383 2915 reichte
2404 2856 2435 2916 er
2462 2856 2519 2916 mir
2541 2856 2588 2916 die
2610 2859 2693 2919 Hand

944 2856 1002 2916 und
1030 2858 1148 2918 nehmen
1181 2859 1235 2919 Sie
1263 2859 1285 2919 es
1318 2859 1390 2919 nicht
1414 2859 1459 2919 als
1487 2862 1568 2922 Unbe

573 2893 773 2953 scheidenheit,
792 2892 868 2952 wenn
893 2892 926 2952 ich
950 2895 1069 2955 zugleich
1094 2895 1122 2955 an
1151 2895 1203 2955 alle
1227 2898 1433 2958 gemeinsamen
1462 2899 1576 2959 Erfolge

1634 2893 1692 2953 und
1724 2892 1760 2952 ich
1798 2893 1883 2953 hörte
1910 2895 1988 2955 ganz
2021 2895 2095 2955 nahe
2127 2896 2179 2956 den
2217 2898 2323 2958 seltsam
2371 2899 2561 2959 melodischen
2599 2901 2698 2961 Klang

575 2934 727 2994 erinnere:
752 2932 847 2992 Ihrer
881 2934 1116 2994 verführerischen
1160 2936 1307 2996 Sängerin
1347 2935 1370 2995 im
1423 2940 1581 3000 Zwischen¬

1632 2938 1727 2998 seiner
1754 2937 1911 2997 Stimme:
1938 2940 2006 3000 „So
2034 2940 2107 3000 jung
2134 2940 2197 3000 sind
2224 2941 2340 3001 Sie?!“
2372 2943 2451 3003 Über
2483 2943 2546 3003 eine
2573 2943 2699 3003 Stunde

578 2973 644 3033 spiel
673 2969 687 3029 —
740 2970 792 3030 und
821 2970 893 3030 ganz
922 2970 1074 3030 besonders
1103 2973 1151 3033 der
1185 2973 1432 3033 Schlager=Mizzi
1457 2977 1471 3037 —
1524 2976 1576 3036 Sie

1633 2978 1751 3038 währte
1773 2979 1821 3039 der
1843 2981 1951 3041 Besuch
1978 2982 2118 3042 damals,
2135 2982 2183 3042 der
2205 2984 2264 3044 mit
2281 2982 2334 3042 der
2357 2985 2556 3045 Gewährung
2583 2985 2696 3045 meiner

575 3011 670 3071 waren
697 3009 738 3069 die
761 3008 824 3068 erste
843 3007 852 3067 —
898 3008 952 3068 und
975 3010 1034 3070 eine
1057 3012 1161 3072 bessere
1180 3012 1229 3072 hab
1252 3012 1283 3072 ich
1312 3014 1433 3074 niemais
1457 3016 1561 3076 gesehen

1638 3022 1716 3082 Bitte
1744 3024 1854 3084 schloß.

646 3047 722 3107 Aber
747 3047 818 3107 nicht
843 3047 895 3107 nur
915 3047 962 3107 der
987 3050 1078 3110 Autor
1098 3050 1159 3110 will
1179 3051 1275 3111 Ihnen
1304 3052 1386 3112 heute
1406 3053 1554 3113 danken;¬

1710 3065 1775 3125 Zum
1817 3063 1929 3123 Schluß
1959 3065 2024 3125 eine
2048 3065 2130 3125 kurze
2155 3065 2303 3125 Anzeige:
2327 3067 2374 3127 als
2399 3068 2475 3128 seine
2499 3071 2700 3131 heißgeliebte

573 3086 627 3146 wie
653 3086 713 3146 sehr
739 3086 778 3146 bin
809 3087 843 3147 ich
869 3089 964 3149 Ihnen
1000 3089 1060 3149 auch
1091 3089 1131 3149 als
1162 3090 1302 3150 einfacher
1327 3092 1573 3152 Theaterbesucher

1629 3104 1752 3164 Tochter
1778 3104 1839 3164 Lili
1861 3104 1984 3164 geboren
2020 3107 2138 3167 wurde,
2159 3110 2365 3170 verständigte
2386 3113 2504 3173 Arthur
2530 3113 2694 3173 Schnitzler

570 3125 751 3185 verpflichtet
776 3124 784 3184 —
833 3124 856 3184 in
886 3125 1000 3185 wieviel
1029 3128 1124 3188 Rollen
1158 3128 1244 3188 haben
1278 3130 1330 3190 Sie
1359 3128 1574 3188 Außerordent¬

1626 3146 1672 3206 als
1704 3146 1765 3206 eine
1792 3148 1843 3208 der
1869 3149 1957 3209 ersten
1994 3151 2087 3211 Julie
2113 3152 2492 3212 Wassermann=Speyer,
2518 3155 2559 3215 die
2585 3155 2693 3215 Gattin

567 3164 650 3224 liches
684 3164 796 3224 geboten
834 3162 843 3222 —
900 3163 956 3223 wie
984 3167 1097 3227 wußten
1135 3167 1191 3227 Sie
1224 3166 1266 3226 sich
1299 3165 1313 3225 —
1365 3167 1426 3227 auch
1459 3167 1576 3227 hervor¬

1632 3193 1727 3253 Jakob
1765 3191 1997 3251 Wassermanns

2050 3191 2054 3251 —
2100 3194 2225 3254 damals
2256 3194 2351 3254 ahnte
2382 3197 2431 3257 der
2462 3197 2582 3257 Dichter
2613 3200 2698 3260 wohl

573 3203 701 3263 tretend,
721 3203 821 3263 immer
845 3204 1055 3264 einzuwerten,
1075 3209 1371 3269 Burgschauspielerin
1400 3208 1423 3268 im
1462 3209 1566 3269 schönen

1634 3235 1725 3295 nicht,
1749 3236 1806 3296 daß
1841 3236 1916 3296 diese
1945 3236 2071 3296 Tochter
2107 3238 2129 3298 in
2170 3239 2371 3299 Wirklichkeit
2401 3241 2458 3301 das
2488 3242 2637 3302 Schicksal
2666 3245 2695 3305 so

568 3242 667 3302 alten,
689 3242 791 3302 immer
818 3242 878 3302 noch
909 3242 1059 3302 modernen
1093 3245 1192 3305 Sinn!

1632 3276 1724 3336 vieler
1771 3277 2019 3337 Schnitzlerscher
2066 3278 2226 3338 Gestalten
2278 3280 2397 3340 erleben
2454 3283 2516 3343 und
2568 3283 2691 3343 erleiden

647 3280 724 3340 Darf
750 3280 786 3340 ich
813 3280 858 3340 bei
880 3282 967 3342 dieser
994 3283 1128 3343 festlichen
1160 3283 1350 3343 Gelegenheit
1377 3283 1439 3343 auch
1465 3285 1557 3345 Ihrem

568 3319 716 3379 verehrten
745 3319 852 3379 Gatten
885 3319 935 3379 und
969 3319 1015 3379 der
1039 3322 1141 3382 jungen
1174 3322 1336 3382 Künstlerin
1369 3322 1486 3382 Tochter
1514 3322 1574 3382 ver¬

1632 3319 1753 3379 würde;
1775 3321 1837 3381 auch
1870 3322 1932 3382 eine
1954 3322 2069 3382 andere
2091 3322 2344 3382 Schnitzler=Lili
2365 3325 2402 3385 ist
2423 3325 2497 3385 jung
2524 3328 2697 3388 gestorben:

571 3358 732 3418 bindlichste
757 3357 858 3417 Grüße
884 3360 979 3420 senden
1015 3358 1025 3418 —
1071 3361 1135 3421 auch
1167 3361 1212 3421 der
1237 3362 1409 3422 Schwester,
1435 3361 1510 3421 wenn
1541 3364 1575 3424 sie

1626 3364 1679 3424 das
1716 3364 1907 3424 Töchterchen
1944 3364 1991 3424 des
2029 3367 2246 3427 unsterblichen
2283 3370 2383 3430 Herrn
2421 3370 2479 3430 von
2517 3371 2595 3431 Sala
2633 3373 2690 3433 aus

565 3399 677 3459 meiner
709 3400 765 3460 noch
791 3400 950 3460 gedenken?

1629 3407 1680 3467 dem
1722 3409 1907 3469 „Einsamen
1937 3409 2046 3469 Weg".

903 3448 969 3508 Ihr
997 3450 1052 3510 sehr
1081 3450 1235 3510 ergebener

1229 3495 1339 3555 Arthur
1369 3498 1538 3558 Schnitzler.

2281 3524 2402 3584 N.8.
2413 3517 2468 3577 03

1657 3538 1704 3598 D.
1725 3538 1815 3598 Getker
1838 3540 1986 3600 alekntaler

569 3565 727 3625 Dankbar
751 3564 891 3624 erinnert
921 3567 966 3627 sich
995 3567 1164 3627 Schnitzler
1193 3567 1300 3627 derer,
1318 3566 1362 3626 die
1391 3566 1442 3626 bei
1465 3566 1560 3626 seinen

1679 3579 1746 3639 We
1766 3581 1775 3641 n
1805 3582 1960 3642 dgrkelgen!

495 3609 638 3669 Erfolgen
666 3609 849 3669 mithalfen;
866 3609 976 3669 seitens
1005 3609 1048 3669 der
1071 3609 1176 3669 Kritik
1199 3609 1320 3669 wurden
1348 3609 1392 3669 ihm
1432 3610 1564 3670 anfangs

492 3651 567 3711 diese
595 3652 718 3712 Erfolge
751 3654 778 3714 ja
811 3651 891 3711 nicht
919 3654 988 3714 eben
1021 3654 1108 3714 leicht
1136 3654 1291 3714 gemacht,
1314 3653 1383 3713 aber
1416 3654 1443 3714 er
1470 3654 1572 3714 selbst,

492 3692 544 3752 der
571 3695 692 3755 damals
719 3695 776 3755 von
809 3695 888 3755 einem
930 3695 1004 3755 Teil
1026 3695 1073 3755 der
1100 3696 1205 3756 Presse
1238 3695 1326 3755 nichts
1359 3695 1491 3755 weniger
1523 3696 1570 3756 als

486 3737 644 3797 ermutigt
676 3737 798 3797 wurde,
825 3737 935 3797 erwies
973 3740 1019 3800 sich
1063 3740 1089 3800 in
1132 3740 1178 3800 der
1216 3740 1311 3800 Folge
1349 3738 1395 3798 als
1433 3740 1575 3800 gütiger,

1760 3770 1956 3830 Guteg
2004 3760 2177 3820 Anf
2248 3749 2328 3809 tei
2387 3745 2583 3805 tadt

489 3781 700 3841 hilfsbereiter
727 3782 880 3842 Förderer
907 3782 1134 3842 aufstrebender
1166 3782 1314 3842 Jugend.
1330 3782 1372 3842 Es
1405 3782 1467 3842 war
1494 3784 1573 3844 viel¬

490 3824 575 3884 leicht
598 3823 613 3883 —
663 3823 722 3883 und
750 3824 911 3884 besonders
940 3826 966 3886 in
999 3827 1052 3887 der
1080 3825 1177 3885 letzten
1210 3824 1280 3884 Zeit
1308 3826 1318 3886 —
1373 3826 1448 3886 nicht
1476 3827 1572 3887 leicht,

1801 3864 1913 3924 ge
2078 3848 2481 3908 Albenot

489 3866 523 3926 an
559 3866 604 3926 ihn
640 3866 937 3926 heranzukommen;
963 3868 1023 3928 und
1054 3868 1114 3928 mit
1140 3869 1174 3929 um
1220 3869 1245 3929 so
1276 3869 1417 3929 größerer
1448 3868 1568 3928 inniger

489 3907 699 3967 Dankbarkeit
721 3907 844 3967 gedenke
865 3910 900 3970 ich
932 3908 978 3968 des
1004 3907 1168 3967 Dichters,
1189 3907 1235 3967 der
1267 3909 1317 3969 vor
1339 3910 1462 3970 Jahren
1493 3909 1559 3969 mich

489 3951 591 4011 selbst,
623 3950 669 4010 die
705 3952 901 4012 unbekannte
937 3952 1035 4012 kleine
1071 3952 1292 4012 Anfängerin,
1329 3952 1390 4012 voll
1427 3952 1565 4012 warmer

489 3994 715 4054 Anteilnahme
742 3994 917 4054 ermutigte.
933 3998 989 4058 Ich
1015 3994 1175 4054 redigierte
1196 3994 1319 4054 damals
1340 3995 1392 4055 den
1423 3997 1500 4057 „Tag
1521 3997 1567 4057 der

2117 4009 2454 4069 utete

487 4039 638 4099 Jugend"
676 4039 730 4099 und
763 4039 844 4099 hatte
871 4039 919 4099 den
958 4039 1217 4099 journalistischen
1256 4039 1401 4099 Ehrgeiz,
1424 4041 1569 4101 Jugend¬

484 4080 583 4140 werke
610 4081 737 4141 unserer
764 4081 870 4141 großen
902 4081 1151 4141 österreichischen
1183 4081 1310 4141 Dichter
1337 4083 1362 4143 zu
1400 4084 1569 4144 veröffent¬

489 4123 601 4183 lichen.
618 4125 674 4185 Als
695 4124 731 4184 ich
762 4123 814 4183 das
840 4125 979 4185 erstemal
1000 4125 1051 4185 von
1083 4125 1201 4185 meinen
1233 4125 1382 4185 Absichten
1408 4125 1500 4185 sprach

483 4167 580 4227 lachte
607 4167 674 4227 man
705 4168 771 4228 mich
803 4167 875 4227 aus.
891 4167 1076 4227 Lächerlich,
1093 4167 1159 4227 auch
1190 4167 1247 4227 nur
1268 4167 1360 4227 daran
1393 4169 1418 4229 zu
1444 4167 1572 4227 denken,

821 4209 901 4269 titzler
932 4209 1116 4269 empfangen
1154 4212 1183 4272 zu
1220 4209 1360 4269 werden.

1404 4210 1546 4270 Trotzdem
