3392 4320
143 285 158 345 2

296 300 775 360 Seitzler
834 297 967 357 sI

1049 297 1137 357 At

1398 282 1520 342 box
1597 282 1781 342 43/3

1247 1089 1422 1149 OE

1642 1103 1970 1163 ERVER

1336 1151 1361 1211 I.
1375 1151 1495 1211 österr.
1508 1157 1653 1217 behördl.
1667 1166 1968 1226 konzessioniertes

1292 1195 1528 1255 Unternehmen
1559 1198 1606 1258 für
1628 1204 2014 1264 Zeitungs-Ausschnitte

1342 1253 1486 1313 WIEN,
1513 1259 1559 1319 I.,
1586 1264 1877 1324 WOLLZEILE
1924 1270 1969 1330 11

1436 1309 1651 1369 TELEPHON
1688 1315 1861 1375 R-23-0-43

1232 1446 1455 1506 Ausschnitt
1478 1453 1567 1513 aus:

1127 1757 1444 1817 Ausschnitt
1480 1754 1555 1814 aus

1130 1864 1738 1924 ochaltertnedy
1809 1852 1902 1912 die

1649 2030 2018 2090 193

1140 2052 1225 2112 Nr.
1236 2054 1244 2114 1
1332 2052 1349 2112 0
1399 2046 1503 2106 vom.

1392 2181 1592 2241 Arthur
1625 2187 1903 2247 Schnitzler

1208 2229 1264 2289 Der
1291 2234 1441 2294 bekannte
1462 2240 1695 2300 österreichische
1722 2244 1924 2304 Dramatiker
1951 2247 2012 2307 und
2034 2249 2184 2309 Erzähler

1175 2277 1238 2337 Dr.
1259 2282 1433 2342 Arthur
1466 2285 1709 2345 Schnitzler
1736 2286 1789 2346 ist,
1811 2290 1868 2350 wie
1895 2291 2011 2351 bereits
2038 2295 2112 2355 kurz
2133 2297 2186 2357 ge¬

1171 2324 1297 2384 meldet,
1318 2325 1353 2385 am
1400 2326 1562 2386 Mittwoch
1598 2329 1695 2389 abend
1726 2330 1751 2390 im
1798 2333 1853 2393 69.
1874 2336 2077 2396 Lebensjahr
2113 2338 2184 2398 ge¬

1170 2368 1361 2428 storben.
1402 2370 1447 2430 Am
1493 2375 1680 2435 Vormittag
1706 2377 1796 2437 erlitt
1822 2377 1852 2437 er
1883 2378 1938 2438 auf
1964 2381 2049 2441 einem
2096 2383 2186 2443 Spa¬

1175 2411 1313 2471 ziergang
1350 2414 1411 2474 eine
1437 2417 1700 2477 Gehirnblutung
1731 2421 1792 2481 und
1819 2425 1963 2485 verschied
1994 2428 2060 2488 nach
2082 2428 2184 2488 mehr¬

1174 2456 1327 2516 stündiger
1354 2458 1648 2518 Bewußtlosigkeit.

1198 2500 1277 2560 Der
1303 2503 1429 2563 Dichter
1455 2505 1581 2565 Arthur
1612 2508 1798 2568 Schnitzler,
1839 2511 1925 2571 einer
1961 2510 2015 2570 der
2052 2515 2182 2575 hervor¬

1166 2546 1346 2606 ragendsten
1382 2548 1548 2608 Vertreter
1579 2551 1628 2611 des
1659 2555 1916 2615 österreichischen
1952 2559 2188 2619 Schrifttums,

1166 2588 1235 2648 war
1281 2591 1311 2651 in
1342 2590 1427 2650 Wien
1483 2593 1532 2653 als
1563 2596 1648 2656 Sohn
1705 2596 1754 2656 des
1785 2602 2177 2662 Universitätsprofessors

1166 2636 1301 2696 Johann
1337 2638 1507 2698 Schnitzler
1533 2640 1688 2700 geboren.
1729 2640 1799 2700 Wie
1830 2642 1885 2702 sein
1925 2646 2030 2706 Vater
2071 2649 2176 2709 wurde

1165 2679 1234 2739 auch
1260 2677 1290 2737 er
1315 2679 1395 2739 Arzt
1416 2682 1471 2742 und
1501 2685 1566 2745 war
1587 2684 1637 2744 von
1667 2682 1743 2742 1886
1769 2684 1813 2744 bis
1844 2682 1914 2742 1889
1950 2689 1974 2749 in
2005 2691 2054 2751 der
2070 2694 2180 2754 Klinik

1163 2724 1260 2784 seines
1287 2725 1406 2785 Vaters
1437 2726 1483 2786 als
1510 2730 1659 2790 Assistent
1687 2731 1779 2791 tätig.
1821 2733 1867 2793 Er
1894 2734 1976 2794 hatte
2002 2736 2085 2796 schon
2117 2739 2178 2799 viel

1164 2769 1371 2829 geschrieben,
1392 2770 1438 2830 als
1464 2771 1495 2831 er
1527 2772 1604 2832 1893
1636 2774 1692 2834 mit
1719 2776 1770 2836 dem
1812 2779 2003 2839 „Märchen“
2041 2782 2097 2842 und
2129 2782 2180 2842 der

1165 2810 1334 2870 „Liehelei“
1372 2814 1472 2874 seinen
1515 2814 1609 2874 ersten
1642 2820 1880 2880 Theatererfolg
1918 2826 2055 2886 errang.
2108 2828 2155 2888 Im

1156 2855 1248 2915 selben
1280 2856 1368 2916 Jahr
1395 2860 1498 2920 mußte
1524 2860 1555 2920 er
1577 2861 1628 2921 den
1659 2865 1877 2925 militärischen
1909 2869 2038 2929 Dienst,
2054 2870 2085 2930 zu
2111 2872 2157 2932 dem

1155 2897 1188 2957 er
1213 2903 1337 2963 damals
1357 2903 1535 2963 einberufen
1569 2908 1650 2968 war,
1670 2909 1766 2969 wegen
1795 2910 1891 2970 seiner
1916 2915 2045 2975 Novelle
2070 2917 2180 2977 „Leut¬

1158 2945 1238 3005 nant
1263 2945 1394 3005 Gustel“
1430 2951 1600 3011 verlassen.
1646 2952 1722 3012 1895
1753 2954 1807 3014 gab
1838 2956 1918 3016 dann
1964 2957 2019 3017 das
2060 2960 2175 3020 Burg¬

1156 2990 1271 3050 theater
1302 2988 1352 3048 den
1393 2993 1671 3053 Anatol-Zyklus,
1697 2999 1782 3059 durch
1818 2999 1868 3059 den
1909 3002 2080 3062 Schnitzler
2116 3005 2176 3065 mit

1150 3033 1234 3093 einem
1274 3034 1387 3094 Schlag
1418 3038 1447 3098 zu
1477 3039 1521 3099 dem
1561 3041 1649 3101 ersten
1680 3042 1932 3102 österreichischen
1963 3046 2170 3106 Dramatiker

1154 3078 1278 3138 wurde.
1317 3081 1365 3141 In
1399 3081 1514 3141 rascher
1544 3085 1639 3145 Folge
1664 3088 1788 3148 brachte
1813 3088 1841 3148 er
1871 3090 1932 3150 nun
1967 3091 2009 3151 ein
2044 3093 2163 3153 Drama

1154 3122 1221 3182 nach
1250 3125 1297 3185 dem
1341 3126 1470 3186 anderen
1504 3129 1561 3189 auf
1585 3129 1628 3189 die
1652 3130 1786 3190 Bühne.
1825 3134 1891 3194 Der
1921 3136 1997 3196 schon
2040 3138 2068 3198 in
2107 3139 2159 3199 den

1152 3163 1222 3223 90er
1258 3167 1384 3227 Jahren
1435 3173 1647 3233 geschriebene
1683 3178 1946 3238 Einakterzyklus
1997 3184 2138 3244 „Reigen

1148 3211 1256 3271 wurde
1286 3211 1345 3271 erst
1370 3213 1443 3273 1920
1473 3217 1680 3277 aufgeführt,
1701 3222 1803 3282 wobei
1824 3223 1853 3283 es
1883 3226 1961 3286 dann
1991 3226 2021 3286 in
2051 3228 2159 3288 Berlin

1150 3255 1210 3315 und
1243 3255 1340 3315 vielen
1373 3259 1504 3319 anderen
1542 3260 1677 3320 Städten
1733 3266 1761 3326 zu
1799 3270 2050 3330 Skandalszenen
2088 3273 2139 3333 kam

1151 3298 1306 3358 Während
1337 3303 1382 3363 die
1407 3306 1487 3366 Zahl
1513 3308 1608 3368 seiner
1634 3309 1779 3369 Novellen
1815 3311 1860 3371 der
1891 3314 1986 3374 seiner
2012 3315 2162 3375 Theater¬

1148 3346 1233 3406 stücke
1258 3347 1339 3407 nahe
1370 3350 1602 3410 gleichkommt,
1623 3355 1678 3415 hat
1704 3355 1875 3415 Schnitzler
1901 3360 1966 3420 nur
1997 3361 2072 3421 zwei
2098 3361 2168 3421 No¬

1151 3392 1238 3452 mane
1259 3393 1465 3453 geschrieben,
1486 3396 1563 3456 1908
1589 3396 1640 3456 den
1667 3402 1759 3462 „Weg
1786 3404 1836 3464 ins
1863 3405 1971 3465 Freie“
1997 3407 2058 3467 und
2080 3407 2156 3467 192.

1143 3433 1195 3493 das
1227 3438 1497 3498 Frauenschicksal
1524 3443 1674 3503 „Therese

1187 3480 1357 3540 Schnitzler
1389 3485 1512 3545 wohnte
1549 3486 1579 3546 in
1611 3488 1709 3548 letzter
1735 3491 1812 3551 Zeit
1844 3491 1874 3551 in
1906 3494 2159 3554 unmittelbaer

1142 3523 1235 3583 Nähe
1260 3524 1309 3584 des
1339 3527 1466 3587 Wiener
1492 3530 1619 3590 Waldes
1649 3533 1712 3593 sehr
1743 3535 1973 3595 zurückgezogen
2008 3539 2067 3599 und
2097 3539 2165 3599 ein¬

1138 3570 1218 3630 sam,
1239 3572 1406 3632 besonders
1438 3571 1488 3631 seit
1514 3573 1544 3633 er
1569 3575 1696 3635 schwere
1722 3581 2159 3641 Familienschicksalsschläge

1138 3616 1261 3676 erlitten
1292 3617 1390 3677 hatte.
1431 3619 1603 3679 Schnitzler
1629 3623 1712 3683 hatte
1738 3623 1762 3683 in
1797 3625 1846 3685 den
1876 3626 1969 3686 letzten
2000 3630 2153 3690 Monaten

1136 3661 1170 3721 an
1199 3659 1286 3719 einer
1306 3662 1533 3722 Umschaffung
1558 3664 1610 3724 von
1640 3665 1731 3725 „Ruf
1751 3666 1799 3726 des
1823 3667 1964 3727 Lebens“
1988 3673 2162 3733 gearbeitet

1142 3701 1203 3761 und
1226 3701 1291 3761 war
1320 3703 1436 3763 bereits
1464 3706 1525 3766 mit
1548 3708 1641 3768 seiner
1666 3709 1777 3769 Arbeit
1801 3712 1861 3772 beim
1899 3715 1996 3775 letzten
2025 3717 2085 3777 Akt
2100 3718 2160 3778 an¬

1138 3748 1337 3808 gekommen,
1361 3749 1407 3809 als
1436 3750 1482 3810 ihm
1529 3751 1579 3811 der
1608 3751 1668 3811 Tod
1696 3754 1742 3814 die
1771 3757 1868 3817 Feder
1897 3761 1952 3821 aus
1985 3762 2031 3822 der
2064 3762 2152 3822 Hand

1137 3793 1250 3853 nahm.
1287 3791 1369 3851 Auch
1401 3794 1462 3854 mit
1484 3797 1602 3857 einigen
1634 3802 1878 3862 Filmprojekten
1909 3808 1966 3868 hat
1987 3808 2017 3868 er
2044 3809 2090 3869 sich
2122 3812 2168 3872 in¬

1140 3838 1239 3898 letzter
1272 3832 1343 3892 Zeit
1367 3841 1565 3901 beschäftigt.
