3392 4352
130 262 263 322 12.

335 273 910 333 Schnitzler's
969 260 1202 320 Death

854 489 1051 549 VER

1048 562 1144 622 Nr.
1158 563 1178 623 1

477 722 735 782 ERIINVV
773 717 1081 777 TAERIATT

393 822 602 882 NDAU

758 851 903 911 OKT.
921 842 1023 902 1932

253 971 569 1031 Arthur-Schnitzler
583 974 760 1034 -Denkmal
783 975 805 1035 in
838 977 937 1037 Wien.
973 980 1036 1040 Wie
1064 980 1118 1040 uns
1141 980 1190 1040 aus
1222 983 1299 1043 Wien

139 1016 493 1076 gemeldet-wird.-soll
510 1019 631 1079 Arthur
653 1019 822 1079 Schnitzler
855 1020 880 1080 in
907 1022 960 1082 der
987 1022 1071 1082 Nähe
1098 1025 1199 1085 seiner
1231 1027 1304 1087 Villa

142 1060 177 1120 ein
204 1058 358 1118 Denkmal
377 1061 526 1121 erhalten.
562 1062 597 1122 Es
620 1061 655 1121 ist
673 1062 717 1122 ein
744 1064 827 1124 Werk
854 1065 902 1125 des
925 1067 1110 1127 Bildhauers
1129 1069 1305 1129 Alexander

128 1102 237 1162 Jaray,
266 1102 333 1162 der,
363 1103 414 1163 wie
448 1106 649 1166 erinnerlich,
673 1106 721 1166 das
755 1110 907 1170 Denkmal
937 1112 984 1172 für
1014 1112 1099 1172 Josef
1129 1114 1219 1174 Kainz
1253 1116 1305 1176 ge¬

136 1145 264 1205 schaffen
293 1147 359 1207 hat.

564 1935 625 1995 Der
647 1930 727 1990 Morg

750 2017 855 2077 OWT

255 2150 324 2210 Ein
372 2146 983 2206 Arthur=Schnitzler=Denkmal
1023 2141 1061 2201 am

463 2206 886 2266 Sommerhaidenweg

276 2257 315 2317 Am
367 2255 695 2315 Sommerhaidenweg,
722 2252 768 2312 den
808 2252 855 2312 der
890 2251 1002 2311 Dichter
1037 2249 1105 2309 über

236 2312 306 2372 alles
333 2310 443 2370 geliebt
470 2308 523 2368 und
554 2306 598 2366 dem
639 2306 669 2366 er
696 2305 775 2365 selbst
802 2303 824 2363 in
855 2303 943 2363 seinem
984 2302 1098 2362 Roman

235 2364 312 2424 „Der
337 2362 403 2422 Weg
433 2359 481 2419 ins
505 2357 606 2417 Freie“
636 2356 688 2416 das
718 2356 838 2416 denkbar
863 2354 978 2414 schönste
1007 2350 1103 2410 Denk¬

238 2416 300 2476 nul
320 2413 411 2473 gesetzt
431 2412 498 2472 hat,
513 2410 565 2470 soll
580 2410 624 2470 ein
643 2407 1106 2467 Schnitzler=Denkmal

232 2465 281 2525 von
312 2464 475 2524 Bildhauer
500 2461 639 2521 Jaray
670 2460 719 2520 zur
744 2458 923 2518 Aufstellung
953 2458 1111 2518 gelangen.

538 3303 795 3363 LAA
837 3343 974 3403 PpAO

722 3492 847 3552 OKT.

302 3592 361 3652 Til
400 3588 728 3648 Schnitzler=Denkmal
759 3582 788 3642 in
826 3577 930 3637 Wien.
976 3576 1042 3636 Wie
1096 3571 1155 3631 aus

229 3634 310 3694 Wien
344 3628 493 3688 gemeldet
518 3625 608 3685 wird,
633 3623 685 3683 soll
715 3622 830 3682 Arthur
859 3616 1023 3676 Schnitzler
1057 3613 1080 3673 in
1115 3612 1162 3672 der

228 3673 312 3733 Nähe
340 3669 433 3729 seiner
457 3664 536 3724 Villa
570 3663 611 3723 ein
645 3661 794 3721 Denkmal
818 3658 971 3718 erhalten.
990 3655 1027 3715 Es
1061 3652 1093 3712 ist
1117 3649 1163 3709 ein

230 3711 314 3771 Werk
338 3709 384 3769 des
408 3705 594 3765 Bildhauers
623 3700 786 3760 Alexander
810 3697 931 3757 Jaray,
951 3697 996 3757 der
1020 3694 1086 3754 auch
1109 3691 1137 3751 de

218 3751 379 3811 Denkmal
406 3747 456 3807 für
481 3744 572 3804 Josef
593 3741 694 3801 Kainz
720 3737 872 3797 geschaffen
908 3735 973 3795 hat.

1431 258 1550 318 box
1626 263 1806 323 44/3

1748 1467 2445 1527 „OBSERVER

1816 1527 1842 1587 I.
1864 1525 1981 1585 österr.
1999 1524 2151 1584 behördl.
2169 1521 2464 1581 konzessioniertes

1790 1574 2025 1634 Unternehmen
2052 1574 2100 1634 für
2127 1571 2500 1631 Zeitungs-Ausschnitte

1855 1635 1995 1695 WIEN,
2015 1639 2059 1699 I.,
2086 1637 2341 1697 WOLLZEILE
2380 1634 2424 1694 11

1931 1690 2139 1750 TELEPHON
2176 1688 2355 1748 R-23-0-43

1732 1828 1956 1888 Ausschnitt
1982 1825 2050 1885 aus
2066 1822 2081 1882 :

2060 1891 2155 1951 Rene
2174 1900 2269 1960 Freie
2288 1910 2426 1970 Frese,
2445 1916 2531 1976 Hies

1729 2052 1862 2112 vom:

2232 2068 2259 2128 7
2309 2061 2558 2121 OKT..2

1672 2251 1913 2311 Theater=
1951 2243 2042 2303 und
2088 2236 2585 2296 Kunstnachrichten.

1665 2311 1837 2371 (Entwurf
1873 2306 1964 2366 eines
2005 2291 2576 2351 Artur=Schnitzler=Denkmals.)
2611 2279 2674 2339 Der

1567 2359 1723 2419 Bildhauer
1751 2354 1886 2414 Jaray
1919 2348 1988 2408 stellt
2016 2347 2037 2407 in
2075 2344 2118 2404 der
2140 2339 2259 2399 Gäkerle
2286 2335 2437 2395 Würthle,
2459 2333 2486 2393 I.
2508 2327 2686 2387 Weihburg¬

1571 2405 1640 2465 gasse
1681 2401 1720 2461 9,
1762 2397 1841 2457 einen
1892 2392 2037 2452 Entwurf
2083 2386 2133 2446 für
2179 2383 2219 2443 ein
2269 2373 2686 2433 Artur=Schnitzler¬

1570 2443 1780 2503 Denkmal
1811 2437 1885 2497 aus.
1911 2434 1976 2494 Von
2016 2430 2091 2490 einem
2143 2428 2212 2488 ganz
2248 2422 2328 2482 guten
2368 2414 2529 2474 plastischen
2569 2408 2684 2468 Einfall

1565 2491 1634 2551 geht
1654 2486 1683 2546 er
1708 2482 1786 2542 aus:
1807 2480 1865 2540 Der
1890 2476 2008 2536 Dichter
2033 2470 2126 2530 sitzend
2152 2466 2161 2526 —
2216 2464 2259 2524 der
2285 2460 2446 2520 Bildhauer
2472 2454 2574 2514 dachte:
2600 2450 2688 2510 sitzend

1563 2531 1599 2591 am
1640 2525 1943 2585 Sommerhaidenweg
1975 2517 2029 2577 und
2061 2515 2106 2575 der
2134 2508 2296 2568 Betrachter
2324 2503 2409 2563 denkt
2437 2500 2495 2560 auch
2528 2495 2658 2555 daran¬

1567 2573 1597 2633 ein
1629 2571 1701 2631 Buch
1733 2571 1753 2631 in
1785 2564 1831 2624 der
1853 2562 1935 2622 Hand
1962 2558 2091 2618 haltend.
2107 2554 2169 2614 Der
2190 2550 2268 2610 linhe
2289 2547 2346 2607 Arm
2388 2542 2486 2602 strecht
2508 2541 2549 2601 sich
2580 2536 2694 2596 zurick,

1565 2619 1589 2679 er
1615 2614 1675 2674 hält
1696 2611 1746 2671 das
1772 2609 1847 2669 Buch
1878 2607 1949 2667 (was
1974 2602 2049 2662 nicht
2070 2599 2125 2659 sehr
2152 2591 2374 2651 wahrscheinlich
2399 2586 2521 2646 wirkt),
2536 2582 2581 2642 der
2607 2577 2692 2637 rechte

1570 2656 1635 2716 liegt
1655 2655 1720 2715 vorn
1751 2652 1811 2712 auf,
1832 2649 1872 2709 die
1893 2648 1978 2708 rechte
1999 2643 2084 2703 Hand
2110 2638 2231 2698 zwischen
2262 2633 2306 2693 den
2337 2629 2443 2689 Knien.
2469 2626 2523 2686 Und
2549 2622 2599 2682 das
2625 2619 2685 2679 eben

1575 2702 1603 2762 ist
1627 2698 1675 2758 das
1699 2694 1865 2754 Gelungene
1890 2691 1922 2751 an
1952 2689 1995 2749 dem
2038 2682 2166 2742 Einfall,
2186 2680 2233 2740 daß
2262 2675 2309 2735 der
2330 2670 2510 2730 Oberkörper
2535 2667 2586 2727 von
2616 2663 2682 2723 allen

1567 2741 1678 2801 Seiten,
1693 2740 1754 2800 auch
1780 2735 1845 2795 halb
1871 2729 2063 2789 abgewendet,
2079 2725 2129 2785 eine
2145 2722 2210 2782 gute
2226 2717 2393 2777 Silhouette
2414 2712 2520 2772 ergibt.
2530 2708 2586 2768 Die
2601 2705 2692 2765 Beine

1574 2785 1637 2845 aber
1662 2781 1750 2841 stören
1785 2776 1834 2836 den
1868 2774 2064 2834 Linienfluß;
2089 2768 2148 2828 eine
2178 2760 2379 2820 angedeutete,
2404 2754 2428 2814 im
2472 2751 2619 2811 Material
2649 2746 2693 2806 sich

1571 2826 1743 2886 verlierende
1768 2821 1868 2881 Decke,
1888 2816 1926 2876 die
1950 2815 2003 2875 mit
2023 2809 2186 2869 Querfalten
2215 2804 2282 2864 über
2307 2800 2349 2860 den
2379 2795 2484 2855 Beinen
2513 2795 2589 2855 läge,
2604 2790 2700 2850 würde

1571 2869 1610 2929 die
1636 2866 1798 2926 Bewegung
1828 2861 1873 2921 des
1899 2857 2066 2917 Oberleibes
2097 2852 2177 2912 ruhig
2203 2844 2375 2904 ausklingen
2406 2840 2522 2900 lassen;
2542 2837 2577 2897 sie
2603 2831 2698 2891 würde

1577 2911 1614 2971 die
1644 2909 1758 2969 Gestalt
1787 2906 1834 2966 des
1868 2899 2011 2959 Sitzenden
2050 2894 2192 2954 scheinbar
2226 2889 2288 2949 nach
2327 2885 2407 2945 unten
2446 2882 2488 2942 hin
2527 2877 2689 2937 verlängern

1578 2953 1632 3013 und
1667 2951 1740 3011 nicht
1770 2947 1794 3007 so
1830 2944 1893 3004 steil
1923 2940 2046 3000 abfallen
2086 2934 2184 2994 lassen.
2214 2929 2302 2989 Wenn
2342 2927 2406 2987 man
2446 2921 2608 2981 überhaupt
2643 2916 2701 2976 eine

1585 2992 1704 3052 Porträt
1746 2989 1790 3049 als
1821 2985 1977 3045 Denkmal
2013 2979 2098 3039 haben
2149 2975 2229 3035 will.
2265 2968 2339 3028 Eine
2380 2966 2481 3026 andere
2516 2959 2702 3019 Möglichkeit

1573 3037 1661 3097 wäre,
1685 3034 1745 3094 nach
1779 3028 1904 3088 manchem
1952 3022 2175 3082 reichsdeutschen
2209 3015 2348 3075 Muster:
2367 3006 2624 3066 Bildnismedaille
2652 3001 2685 3061 am

1576 3079 1679 3139 Sockel
1704 3075 1758 3135 und
1788 3070 1950 3130 Gestalten,
1975 3067 2014 3127 die
2039 3063 2088 3123 das
2118 3059 2295 3119 Tiefsinnige
2320 3054 2374 3114 und
2404 3052 2551 3112 Sensitive
2576 3045 2704 3105 Schnitz¬

1582 3121 1694 3181 lerscher
1724 3115 1886 3175 Dichtung,
1911 3112 1984 3172 seine
2009 3103 2245 3163 Gedankenlyrik
2285 3096 2505 3156 symbolisieren.
2535 3088 2628 3148 Jaray
2663 3084 2706 3144 er¬

1576 3160 1649 3220 weist
1681 3158 1726 3218 sich
1768 3156 1831 3216 auch
1864 3154 1890 3214 in
1927 3149 2046 3209 anderen
2087 3146 2210 3206 Büsten,
2238 3138 2374 3198 darunter
2411 3135 2484 3195 einer
2521 3132 2607 3192 neuen
2648 3129 2698 3189 von

2549 3174 2601 3234 W.
2619 3174 2665 3234 D.

1583 3202 1696 3262 Hofrat
1724 3198 1837 3258 Glosty,
1856 3195 1899 3255 als
1926 3195 2040 3255 sicherer
2059 3187 2216 3247 geschichter
2235 3183 2410 3243 Porträtist.
