3392 4352
131 306 274 366 12.

337 309 918 369 Schnitzler's
987 308 1218 368 Death

1429 309 1566 369 box
1644 312 1834 372 44/2

382 695 674 755 RVER

139 717 229 777 3S

118 772 209 832 terr.
218 765 368 825 behördl.
381 753 681 813 konzessionierte:

117 812 241 872 hehmen
272 804 319 864 für
345 793 732 853 Zeltungs-Ausschnitte

122 870 209 930 EN,
237 868 283 928 I.,
311 862 594 922 WOLLZEILE
642 848 681 908 11

162 920 374 980 TELEPHON
411 907 588 967 R-23-0-43

121 1067 143 1127 r
222 1067 307 1127 drte
316 1065 369 1125 che
385 1061 625 1121 Sonntagspost.
643 1049 781 1109 Mnchen

294 1251 363 1311 7.
391 1255 487 1315 NOV
542 1250 646 1310 1931

1051 1660 1666 1720 Süddarbeke
1765 1685 2273 1745 Umschau.

615 1826 826 1886 Die
918 1842 1451 1902 Legende
1543 1844 1738 1904 vom
1883 1858 2219 1918 sußen
2330 1877 2772 1937 Mädel

1222 1941 1374 2001 Arthur
1417 1947 1643 2007 Schnitzlers
1684 1954 2001 2014 volkstümlichste
2034 1965 2154 2025 Figur

2224 3547 2320 3607 Photos
2348 3550 2396 3610 aus
2425 3553 2464 3613 der
2493 3555 2645 3615 Sammlung
2678 3559 2766 3619 Raoul
2791 3563 2887 3623 Korty,
2907 3565 2975 3625 Wien

451 3594 513 3654 Das
544 3598 572 3658 ist
592 3601 640 3661 das
665 3604 728 3664 süße
753 3606 860 3666 Mädel

1176 3613 1327 3673 geliebtes
1357 3619 1581 3679 Förstermädel
1606 3626 1684 3686 nicht
1709 3630 1801 3690 weiß,
1821 3631 1879 3691 wen
1909 3631 1938 3691 es
1967 3632 2021 3692 vor
2046 3633 2094 3693 sich
2134 3637 2275 3697 dustrie=
2300 3642 2353 3702 und
2388 3646 2637 3706 Bankjunioren,
2657 3651 2725 3711 der,
2745 3655 2954 3715 unsachlicher,
2979 3659 3067 3719 wirk¬

443 3637 509 3697 Das
534 3639 591 3699 just
610 3638 634 3698 so
663 3642 777 3702 akkurat

1182 3658 1247 3718 hat.
1275 3658 1317 3718 Es
1350 3661 1420 3721 war
1449 3663 1477 3723 im
1519 3668 1650 3728 Grund,
1679 3672 1763 3732 wenn
1801 3676 1866 3736 man
1904 3677 1961 3737 alle
1994 3679 2101 3739 Poesie

452 3673 489 3733 In
519 3679 604 3739 seiner
629 3681 713 3741 besten
744 3682 832 3742 Laune

2137 3685 2376 3745 lichkeitsferner
2410 3691 2453 3751 als
2487 3691 2539 3751 der
2568 3694 2688 3754 Vater,
2712 3696 2765 3756 vor
2794 3701 2908 3761 dreißig
2943 3706 3057 3766 Jahren

1179 3702 1275 3762 davon
1314 3706 1444 3766 abzieht,
1469 3709 1512 3769 ein
1546 3714 1715 3774 schäbiger,
1745 3718 1841 3778 lyrisch
1880 3722 2102 3782 ausstaffierter

451 3715 513 3775 Der
533 3718 668 3778 Herrgott
688 3723 828 3783 g'schaffen
853 3725 958 3785 hat...

2138 3724 2193 3784 den
2236 3732 2479 3792 Puppenspieler
2512 3735 2567 3795 und
2605 3739 2829 3799 Sterbeknaben
2867 3744 2969 3804 spielte
3007 3747 3058 3807 und

1185 3747 1317 3807 Handel.
1337 3749 1420 3809 Denn
1455 3751 1523 3811 diese
1549 3756 1657 3816 jungen
1687 3760 1819 3820 Herren,
1839 3762 1882 3822 die
1908 3765 1951 3825 sich
1981 3765 2030 3825 für
2055 3767 2099 3827 ihr

247 3765 297 3825 So
327 3774 476 3834 rauschten
511 3776 566 3836 und
596 3778 765 3838 knauschten
795 3781 849 3841 vor
875 3783 989 3843 dreißig
1019 3786 1133 3846 Jahren

2137 3773 2348 3833 infolgedessen
2388 3777 2477 3837 heute
2507 3782 2605 3842 wegen
2645 3786 2837 3846 fahrlässiger
2867 3789 2960 3849 Krida
3000 3791 3063 3851 ein¬

1177 3789 1374 3849 Taschengeld
1408 3798 1624 3858 parfürmierte
1658 3803 1793 3863 Freuden
1832 3804 1884 3864 der
1914 3810 2100 3870 Arwüchsig¬

2142 3816 2281 3876 gesperrt

219 3811 276 3871 alle
310 3816 434 3876 Werkel
469 3819 492 3879 in
536 3820 583 3880 den
637 3822 713 3882 alten
757 3825 881 3885 Wiener
921 3828 1146 3888 Häuserhöfen.

1181 3832 1235 3892 keit
1258 3837 1395 3897 kauften,
1418 3839 1513 3899 waren
1550 3843 1618 3903 weit
1641 3845 1741 3905 davon
1774 3850 1924 3910 entfernt,
1942 3852 1964 3912 im
2011 3857 2092 3917 süßen

221 3853 286 3913 Der
315 3861 469 3921 Herrgott
497 3861 586 3921 aber,
614 3866 665 3926 der
699 3867 754 3927 das
787 3869 848 3929 viel
877 3871 1044 3931 besungene
1078 3870 1138 3930 Ge¬

2185 3856 2245 3916 Der
2276 3864 2342 3924 süße
2373 3864 2443 3924 Bub
2474 3864 2489 3924 —
2555 3868 2611 3928 das
2642 3870 2677 3930 ist
2703 3872 2753 3932 der
2785 3873 2865 3933 Fleck
2891 3876 2921 3936 am
2967 3879 3053 3939 süßen

1176 3879 1291 3939 Mädel
1326 3882 1368 3942 die
1403 3886 1557 3946 Vorbotin
1601 3891 1658 3951 und
1697 3894 1750 3954 den
1789 3897 1977 3957 Nachwuchs
2017 3900 2098 3960 einer

222 3903 317 3963 schöpf
341 3903 403 3963 kurz
432 3906 523 3966 zuvor
547 3906 576 3966 in
605 3909 700 3969 seiner
725 3911 815 3971 besten
849 3912 950 3972 Laune
974 3915 1131 3975 geschaffen

2137 3903 2267 3963 Mädel.
2286 3906 2363 3966 Was
2393 3909 2469 3969 sonst
2494 3910 2547 3970 von
2577 3912 2619 3972 ihm
2663 3915 2755 3975 blieb,
2780 3916 2832 3976 das
2861 3918 2924 3978 mag
2958 3921 3059 3981 wahr¬

215 3944 315 4004 hatte,
336 3947 396 4007 war
427 3947 467 4007 ein
498 3951 639 4011 Dichter;
665 3950 694 4010 er
720 3953 780 4013 hieß
816 3954 932 4014 Arthur
958 3959 1124 4019 Schnitz

2139 3946 2229 4006 haftig
2273 3947 2320 4007 der
2354 3953 2507 4013 Herrgott
2541 3955 2564 4015 in
2604 3956 2699 4016 seiner
2733 3959 2823 4019 besten
2867 3962 2967 4022 Laune
3006 3965 3053 4025 ge¬

2134 3992 2259 4052 schaffen
2294 3992 2408 4052 haben.

215 3989 283 4049 ter
326 3992 495 4052 (gestorben
532 3995 569 4055 am
617 3997 674 4057 21.
702 3998 838 4058 Oktober
881 4001 960 4061 1931
1008 4002 1034 4062 im
1082 4004 1119 4064 70

2846 4003 2946 4063 Anton
2982 4010 3075 4070 Kuh,

209 4033 422 4093 Lebensjahr)

259 4074 341 4134 War
367 4076 398 4136 es
429 4079 501 4139 oenn
537 4079 599 4139 also
630 4080 686 4140 kein
718 4082 867 4142 Gewächs
898 4082 949 4142 der
976 4088 1135 4148 Wirklich¬

205 4115 279 4175 keit,
308 4117 434 4177 sondern
477 4121 537 4181 eine
575 4123 692 4183 Blume
730 4125 786 4185 aus
824 4126 870 4186 dem
923 4129 1040 4189 Garten
1082 4129 1133 4189 der

212 4165 417 4225 dichterischen
446 4167 632 4227 Phantalie?
661 4170 753 4230 Hatte
773 4169 810 4229 es
839 4170 894 4230 vor
914 4170 950 4230 de

2975 1705 3050 1765 Nr.
3074 1706 3111 1766 44
