<?xml version="1.0" encoding="UTF-8" standalone="yes"?>
<PcGts xmlns="http://schema.primaresearch.org/PAGE/gts/pagecontent/2013-07-15" xmlns:xsi="http://www.w3.org/2001/XMLSchema-instance" xsi:schemaLocation="http://schema.primaresearch.org/PAGE/gts/pagecontent/2013-07-15 http://schema.primaresearch.org/PAGE/gts/pagecontent/2013-07-15/pagecontent.xsd">
    <Metadata>
        <Creator>prov=READ-COOP:name=PyLaia@TranskribusPlatform:version=2.12.1:model_id=39995:lm=none:date=09_04_2024_22:50</Creator>
        <Created>2019-10-07T20:38:52.768+02:00</Created>
        <LastChange>2024-04-09T22:50:32.540+02:00</LastChange>
        <TranskribusMetadata docId="224459" pageId="9582085" pageNr="356" tsid="157630304" status="IN_PROGRESS" userId="64420" imgUrl="https://files.transkribus.eu/Get?id=KVEIHKMQFXHJZRKKNPBHIOSG&amp;fileType=view" xmlUrl="https://files.transkribus.eu/Get?id=RVSXSAXCZOSRAKMLQRCHBQVF" imageId="6209107"/>
    </Metadata>
    <Page imageFilename="224459_0356.jpeg" imageWidth="3392" imageHeight="4320">
        <ReadingOrder>
            <OrderedGroup id="ro_1712938138267" caption="Regions reading order">
                <RegionRefIndexed index="0" regionRef="tr_1"/>
                <RegionRefIndexed index="1" regionRef="tr_2"/>
            </OrderedGroup>
        </ReadingOrder>
        <TextRegion orientation="0.0" id="tr_1" custom="readingOrder {index:0;}">
            <Coords points="194,240 194,393 268,393 268,240"/>
            <TextLine id="tr_1_tl_1" custom="readingOrder {index:0;}">
                <Coords points="175,365 197,362 208,369 219,362 263,362 263,289 241,292 230,281 227,285 219,278 208,281 205,278 197,285 175,285"/>
                <Baseline points="194,343 231,340 268,343"/>
                <Word id="tr_1_tl_1_w1" custom="readingOrder {index:0;}">
                    <Coords points="182,300 182,360 262,360 262,300"/>
                    <TextEquiv>
                        <Unicode>2.</Unicode>
                    </TextEquiv>
                </Word>
                <TextEquiv>
                    <Unicode>2.</Unicode>
                </TextEquiv>
            </TextLine>
            <TextEquiv>
                <Unicode></Unicode>
            </TextEquiv>
        </TextRegion>
        <TextRegion orientation="0.0" id="tr_2" custom="readingOrder {index:1;}">
            <Coords points="164,319 164,3401 3104,3401 3104,319"/>
            <TextLine id="tr_2_tl_1" custom="readingOrder {index:0;}">
                <Coords points="1418,354 1491,343 1524,362 1611,351 1651,365 1794,347 1827,369 1896,373 1896,278 1845,296 1823,278 1666,278 1641,300 1418,278"/>
                <Baseline points="1439,340 1465,340 1491,340 1517,340 1543,341 1569,343 1595,342 1621,340 1647,340 1673,340 1699,340 1725,341 1751,343 1777,343 1803,343 1829,341 1855,340 1881,340 1907,340"/>
                <Word id="tr_2_tl_1_w1" custom="readingOrder {index:0;}">
                    <Coords points="1415,300 1415,360 1546,360 1546,300"/>
                    <TextEquiv>
                        <Unicode>box</Unicode>
                    </TextEquiv>
                </Word>
                <Word id="tr_2_tl_1_w2" custom="readingOrder {index:1;}">
                    <Coords points="1625,302 1625,362 1865,362 1865,302"/>
                    <TextEquiv>
                        <Unicode>43/14</Unicode>
                    </TextEquiv>
                </Word>
                <TextEquiv>
                    <Unicode>box 43/14</Unicode>
                </TextEquiv>
            </TextLine>
            <TextLine id="tr_2_tl_2" custom="readingOrder {index:1;}">
                <Coords points="314,365 1231,373 1231,274 994,274 965,300 892,274 314,285"/>
                <Baseline points="334,340 379,343 424,340 470,343 515,343 560,343 606,343 651,343 696,343 742,343 787,343 832,343 878,343 923,343 968,343 1014,343 1059,343 1104,343 1150,343 1195,344 1241,346"/>
                <Word id="tr_2_tl_2_w1" custom="readingOrder {index:0;}">
                    <Coords points="322,303 322,363 908,363 908,303"/>
                    <TextEquiv>
                        <Unicode>Schnitzler's</Unicode>
                    </TextEquiv>
                </Word>
                <Word id="tr_2_tl_2_w2" custom="readingOrder {index:1;}">
                    <Coords points="975,303 975,363 1210,363 1210,303"/>
                    <TextEquiv>
                        <Unicode>Death</Unicode>
                    </TextEquiv>
                </Word>
                <TextEquiv>
                    <Unicode>Schnitzler's Death</Unicode>
                </TextEquiv>
            </TextLine>
            <TextLine id="tr_2_tl_3" custom="readingOrder {index:2;}">
                <Coords points="164,1483 274,1487 311,1469 329,1483 398,1480 402,1403 380,1403 336,1359 281,1337 234,1356 216,1341 205,1352 172,1352"/>
                <Baseline points="185,1465 212,1465 239,1465 266,1465 294,1462 321,1459 348,1459 375,1458 403,1456"/>
                <Word id="tr_2_tl_3_w1" custom="readingOrder {index:0;}">
                    <Coords points="180,1423 180,1483 382,1483 382,1423"/>
                    <TextEquiv>
                        <Unicode>ERa</Unicode>
                    </TextEquiv>
                </Word>
                <TextEquiv>
                    <Unicode>ERa</Unicode>
                </TextEquiv>
            </TextLine>
            <TextLine id="tr_2_tl_4" custom="readingOrder {index:3;}">
                <Coords points="157,1527 292,1527 292,1487 270,1487 267,1483 259,1487 252,1483 205,1487 197,1480 179,1487 157,1487"/>
                <Baseline points="176,1516 201,1516 226,1516 251,1516 276,1517 301,1519"/>
                <Word id="tr_2_tl_4_w1" custom="readingOrder {index:0;}">
                    <Coords points="157,1476 157,1536 285,1536 285,1476"/>
                    <TextEquiv>
                        <Unicode>niertes</Unicode>
                    </TextEquiv>
                </Word>
                <TextEquiv>
                    <Unicode>niertes</Unicode>
                </TextEquiv>
            </TextLine>
            <TextLine id="tr_2_tl_5" custom="readingOrder {index:4;}">
                <Coords points="157,1578 208,1567 230,1578 256,1575 267,1582 278,1575 285,1582 296,1575 347,1575 347,1498 325,1498 303,1520 278,1531 252,1524 157,1527"/>
                <Baseline points="179,1561 204,1559 229,1558 254,1558 279,1558 304,1558 329,1558 355,1558"/>
                <Word id="tr_2_tl_5_w1" custom="readingOrder {index:0;}">
                    <Coords points="157,1518 157,1578 339,1578 339,1518"/>
                    <TextEquiv>
                        <Unicode>sschnitte</Unicode>
                    </TextEquiv>
                </Word>
                <TextEquiv>
                    <Unicode>sschnitte</Unicode>
                </TextEquiv>
            </TextLine>
            <TextLine id="tr_2_tl_6" custom="readingOrder {index:5;}">
                <Coords points="153,1633 208,1633 216,1641 259,1633 274,1648 296,1648 300,1578 281,1578 278,1571 270,1578 230,1578 208,1567 197,1575 190,1571 179,1582 157,1575"/>
                <Baseline points="176,1624 201,1624 227,1623 252,1621 278,1621 304,1621"/>
                <Word id="tr_2_tl_6_w1" custom="readingOrder {index:0;}">
                    <Coords points="158,1584 158,1644 197,1644 197,1584"/>
                    <TextEquiv>
                        <Unicode>LE</Unicode>
                    </TextEquiv>
                </Word>
                <Word id="tr_2_tl_6_w2" custom="readingOrder {index:1;}">
                    <Coords points="238,1581 238,1641 285,1641 285,1581"/>
                    <TextEquiv>
                        <Unicode>11</Unicode>
                    </TextEquiv>
                </Word>
                <TextEquiv>
                    <Unicode>LE 11</Unicode>
                </TextEquiv>
            </TextLine>
            <TextLine id="tr_2_tl_7" custom="readingOrder {index:6;}">
                <Coords points="464,2108 2207,2108 2207,2057 1297,2028 628,2061 464,2024"/>
                <Baseline points="483,2101 569,2104 656,2101 742,2104 829,2102 916,2103 1002,2101 1089,2099 1175,2098 1262,2097 1349,2097 1435,2098 1522,2098 1608,2098 1695,2098 1782,2097 1868,2096 1955,2098 2041,2098 2128,2098 2215,2095"/>
                <Word id="tr_2_tl_7_w1" custom="readingOrder {index:0;}">
                    <Coords points="472,2063 472,2123 670,2123 670,2063"/>
                    <TextEquiv>
                        <Unicode>Mädchens,</Unicode>
                    </TextEquiv>
                </Word>
                <Word id="tr_2_tl_7_w2" custom="readingOrder {index:1;}">
                    <Coords points="690,2062 690,2122 736,2122 736,2062"/>
                    <TextEquiv>
                        <Unicode>das</Unicode>
                    </TextEquiv>
                </Word>
                <Word id="tr_2_tl_7_w3" custom="readingOrder {index:2;}">
                    <Coords points="766,2063 766,2123 793,2123 793,2063"/>
                    <TextEquiv>
                        <Unicode>zu</Unicode>
                    </TextEquiv>
                </Word>
                <Word id="tr_2_tl_7_w4" custom="readingOrder {index:3;}">
                    <Coords points="823,2062 823,2122 916,2122 916,2062"/>
                    <TextEquiv>
                        <Unicode>lieben</Unicode>
                    </TextEquiv>
                </Word>
                <Word id="tr_2_tl_7_w5" custom="readingOrder {index:4;}">
                    <Coords points="946,2060 946,2120 1068,2120 1068,2060"/>
                    <TextEquiv>
                        <Unicode>weiß!"</Unicode>
                    </TextEquiv>
                </Word>
                <Word id="tr_2_tl_7_w6" custom="readingOrder {index:5;}">
                    <Coords points="1088,2058 1088,2118 1134,2118 1134,2058"/>
                    <TextEquiv>
                        <Unicode>Er</Unicode>
                    </TextEquiv>
                </Word>
                <Word id="tr_2_tl_7_w7" custom="readingOrder {index:6;}">
                    <Coords points="1154,2057 1154,2117 1323,2117 1323,2057"/>
                    <TextEquiv>
                        <Unicode>umrahmt</Unicode>
                    </TextEquiv>
                </Word>
                <Word id="tr_2_tl_7_w8" custom="readingOrder {index:7;}">
                    <Coords points="1354,2057 1354,2117 1391,2117 1391,2057"/>
                    <TextEquiv>
                        <Unicode>sie</Unicode>
                    </TextEquiv>
                </Word>
                <Word id="tr_2_tl_7_w9" custom="readingOrder {index:8;}">
                    <Coords points="1420,2058 1420,2118 1466,2118 1466,2058"/>
                    <TextEquiv>
                        <Unicode>sich</Unicode>
                    </TextEquiv>
                </Word>
                <Word id="tr_2_tl_7_w10" custom="readingOrder {index:9;}">
                    <Coords points="1496,2058 1496,2118 1570,2118 1570,2058"/>
                    <TextEquiv>
                        <Unicode>über</Unicode>
                    </TextEquiv>
                </Word>
                <Word id="tr_2_tl_7_w11" custom="readingOrder {index:10;}">
                    <Coords points="1600,2058 1600,2118 1656,2118 1656,2058"/>
                    <TextEquiv>
                        <Unicode>alle</Unicode>
                    </TextEquiv>
                </Word>
                <Word id="tr_2_tl_7_w12" custom="readingOrder {index:11;}">
                    <Coords points="1676,2057 1676,2117 1779,2117 1779,2057"/>
                    <TextEquiv>
                        <Unicode>engen</Unicode>
                    </TextEquiv>
                </Word>
                <Word id="tr_2_tl_7_w13" custom="readingOrder {index:12;}">
                    <Coords points="1808,2056 1808,2116 1977,2116 1977,2056"/>
                    <TextEquiv>
                        <Unicode>Schranken</Unicode>
                    </TextEquiv>
                </Word>
                <Word id="tr_2_tl_7_w14" custom="readingOrder {index:13;}">
                    <Coords points="2017,2058 2017,2118 2063,2118 2063,2058"/>
                    <TextEquiv>
                        <Unicode>des</Unicode>
                    </TextEquiv>
                </Word>
                <Word id="tr_2_tl_7_w15" custom="readingOrder {index:14;}">
                    <Coords points="2092,2057 2092,2117 2195,2117 2195,2057"/>
                    <TextEquiv>
                        <Unicode>Klein¬</Unicode>
                    </TextEquiv>
                </Word>
                <TextEquiv>
                    <Unicode>Mädchens, das zu lieben weiß!" Er umrahmt sie sich über alle engen Schranken des Klein¬</Unicode>
                </TextEquiv>
            </TextLine>
            <TextLine id="tr_2_tl_8" custom="readingOrder {index:7;}">
                <Coords points="2265,2097 3087,2108 3087,2068 2883,2072 2832,2028 2265,2064"/>
                <Baseline points="2286,2092 2326,2095 2367,2097 2407,2098 2448,2098 2489,2098 2529,2098 2570,2099 2610,2101 2651,2101 2692,2101 2732,2101 2773,2101 2813,2103 2854,2102 2895,2101 2935,2101 2976,2101 3016,2101 3057,2100 3098,2098"/>
                <Word id="tr_2_tl_8_w1" custom="readingOrder {index:0;}">
                    <Coords points="2284,2054 2284,2114 2361,2114 2361,2054"/>
                    <TextEquiv>
                        <Unicode>die,</Unicode>
                    </TextEquiv>
                </Word>
                <Word id="tr_2_tl_8_w2" custom="readingOrder {index:1;}">
                    <Coords points="2382,2057 2382,2117 2410,2117 2410,2057"/>
                    <TextEquiv>
                        <Unicode>um</Unicode>
                    </TextEquiv>
                </Word>
                <Word id="tr_2_tl_8_w3" custom="readingOrder {index:2;}">
                    <Coords points="2450,2058 2450,2118 2527,2118 2527,2058"/>
                    <TextEquiv>
                        <Unicode>ihren</Unicode>
                    </TextEquiv>
                </Word>
                <Word id="tr_2_tl_8_w4" custom="readingOrder {index:3;}">
                    <Coords points="2558,2061 2558,2121 2674,2121 2674,2061"/>
                    <TextEquiv>
                        <Unicode>Vater,</Unicode>
                    </TextEquiv>
                </Word>
                <Word id="tr_2_tl_8_w5" custom="readingOrder {index:4;}">
                    <Coords points="2695,2061 2695,2121 2733,2121 2733,2061"/>
                    <TextEquiv>
                        <Unicode>der</Unicode>
                    </TextEquiv>
                </Word>
                <Word id="tr_2_tl_8_w6" custom="readingOrder {index:5;}">
                    <Coords points="2764,2061 2764,2121 3007,2121 3007,2061"/>
                    <TextEquiv>
                        <Unicode>Mündelgelder</Unicode>
                    </TextEquiv>
                </Word>
                <Word id="tr_2_tl_8_w7" custom="readingOrder {index:6;}">
                    <Coords points="3028,2060 3028,2120 3076,2120 3076,2060"/>
                    <TextEquiv>
                        <Unicode>de¬</Unicode>
                    </TextEquiv>
                </Word>
                <TextEquiv>
                    <Unicode>die, um ihren Vater, der Mündelgelder de¬</Unicode>
                </TextEquiv>
            </TextLine>
            <TextLine id="tr_2_tl_9" custom="readingOrder {index:8;}">
                <Coords points="164,2145 194,2152 216,2141 241,2159 296,2141 332,2156 351,2145 435,2148 435,2068 362,2086 311,2086 278,2064 259,2072 164,2068"/>
                <Baseline points="185,2131 210,2129 236,2128 262,2128 288,2130 314,2131 340,2131 366,2131 392,2131 418,2127 444,2122"/>
                <Word id="tr_2_tl_9_w1" custom="readingOrder {index:0;}">
                    <Coords points="171,2090 171,2150 416,2150 416,2090"/>
                    <TextEquiv>
                        <Unicode>Wiener</Unicode>
                    </TextEquiv>
                </Word>
                <TextEquiv>
                    <Unicode>Wiener</Unicode>
                </TextEquiv>
            </TextLine>
            <TextLine id="tr_2_tl_10" custom="readingOrder {index:9;}">
                <Coords points="2225,2145 3091,2152 3091,2108 3025,2101 2225,2101"/>
                <Baseline points="2245,2137 2287,2140 2330,2140 2373,2140 2416,2140 2459,2140 2501,2142 2544,2141 2587,2142 2630,2143 2673,2143 2715,2143 2758,2143 2801,2143 2844,2144 2887,2145 2929,2144 2972,2145 3015,2143 3058,2143 3101,2140"/>
                <Word id="tr_2_tl_10_w1" custom="readingOrder {index:0;}">
                    <Coords points="2225,2100 2225,2160 2385,2160 2385,2100"/>
                    <TextEquiv>
                        <Unicode>fraudiert</Unicode>
                    </TextEquiv>
                </Word>
                <Word id="tr_2_tl_10_w2" custom="readingOrder {index:1;}">
                    <Coords points="2416,2100 2416,2160 2483,2160 2483,2100"/>
                    <TextEquiv>
                        <Unicode>hat,</Unicode>
                    </TextEquiv>
                </Word>
                <Word id="tr_2_tl_10_w3" custom="readingOrder {index:2;}">
                    <Coords points="2504,2101 2504,2161 2535,2161 2535,2101"/>
                    <TextEquiv>
                        <Unicode>zu</Unicode>
                    </TextEquiv>
                </Word>
                <Word id="tr_2_tl_10_w4" custom="readingOrder {index:3;}">
                    <Coords points="2571,2102 2571,2162 2685,2162 2685,2102"/>
                    <TextEquiv>
                        <Unicode>retten,</Unicode>
                    </TextEquiv>
                </Word>
                <Word id="tr_2_tl_10_w5" custom="readingOrder {index:4;}">
                    <Coords points="2712,2103 2712,2163 2799,2163 2799,2103"/>
                    <TextEquiv>
                        <Unicode>durch</Unicode>
                    </TextEquiv>
                </Word>
                <Word id="tr_2_tl_10_w6" custom="readingOrder {index:5;}">
                    <Coords points="2836,2104 2836,2164 2882,2164 2882,2104"/>
                    <TextEquiv>
                        <Unicode>die</Unicode>
                    </TextEquiv>
                </Word>
                <Word id="tr_2_tl_10_w7" custom="readingOrder {index:6;}">
                    <Coords points="2914,2104 2914,2164 3073,2164 3073,2104"/>
                    <TextEquiv>
                        <Unicode>flehenden</Unicode>
                    </TextEquiv>
                </Word>
                <TextEquiv>
                    <Unicode>fraudiert hat, zu retten, durch die flehenden</Unicode>
                </TextEquiv>
            </TextLine>
            <TextLine id="tr_2_tl_11" custom="readingOrder {index:10;}">
                <Coords points="468,2163 2192,2152 2192,2105 2123,2101 468,2112"/>
                <Baseline points="486,2146 571,2149 657,2149 743,2149 828,2146 914,2146 1000,2144 1085,2145 1171,2144 1257,2143 1343,2142 1428,2141 1514,2143 1600,2143 1685,2143 1771,2142 1857,2140 1942,2140 2028,2140 2114,2143 2200,2140"/>
                <Word id="tr_2_tl_11_w1" custom="readingOrder {index:0;}">
                    <Coords points="469,2106 469,2166 506,2166 506,2106"/>
                    <TextEquiv>
                        <Unicode>sie</Unicode>
                    </TextEquiv>
                </Word>
                <Word id="tr_2_tl_11_w2" custom="readingOrder {index:1;}">
                    <Coords points="540,2108 540,2168 600,2168 600,2108"/>
                    <TextEquiv>
                        <Unicode>mit</Unicode>
                    </TextEquiv>
                </Word>
                <Word id="tr_2_tl_11_w3" custom="readingOrder {index:2;}">
                    <Coords points="628,2109 628,2169 677,2169 677,2109"/>
                    <TextEquiv>
                        <Unicode>dem</Unicode>
                    </TextEquiv>
                </Word>
                <Word id="tr_2_tl_11_w4" custom="readingOrder {index:3;}">
                    <Coords points="728,2107 728,2167 854,2167 854,2107"/>
                    <TextEquiv>
                        <Unicode>Zauber</Unicode>
                    </TextEquiv>
                </Word>
                <Word id="tr_2_tl_11_w5" custom="readingOrder {index:4;}">
                    <Coords points="887,2106 887,2166 937,2166 937,2106"/>
                    <TextEquiv>
                        <Unicode>der</Unicode>
                    </TextEquiv>
                </Word>
                <Word id="tr_2_tl_11_w6" custom="readingOrder {index:5;}">
                    <Coords points="971,2104 971,2164 1097,2164 1097,2104"/>
                    <TextEquiv>
                        <Unicode>Wiener</Unicode>
                    </TextEquiv>
                </Word>
                <Word id="tr_2_tl_11_w7" custom="readingOrder {index:6;}">
                    <Coords points="1130,2103 1130,2163 1323,2163 1323,2103"/>
                    <TextEquiv>
                        <Unicode>Landschaft,</Unicode>
                    </TextEquiv>
                </Word>
                <Word id="tr_2_tl_11_w8" custom="readingOrder {index:7;}">
                    <Coords points="1352,2101 1352,2161 1555,2161 1555,2101"/>
                    <TextEquiv>
                        <Unicode>bürgertums</Unicode>
                    </TextEquiv>
                </Word>
                <Word id="tr_2_tl_11_w9" custom="readingOrder {index:8;}">
                    <Coords points="1588,2103 1588,2163 1726,2163 1726,2103"/>
                    <TextEquiv>
                        <Unicode>hinweg,</Unicode>
                    </TextEquiv>
                </Word>
                <Word id="tr_2_tl_11_w10" custom="readingOrder {index:9;}">
                    <Coords points="1743,2102 1743,2162 1781,2162 1781,2102"/>
                    <TextEquiv>
                        <Unicode>sie</Unicode>
                    </TextEquiv>
                </Word>
                <Word id="tr_2_tl_11_w11" custom="readingOrder {index:10;}">
                    <Coords points="1804,2100 1804,2160 1919,2160 1919,2100"/>
                    <TextEquiv>
                        <Unicode>schenkt</Unicode>
                    </TextEquiv>
                </Word>
                <Word id="tr_2_tl_11_w12" custom="readingOrder {index:11;}">
                    <Coords points="1942,2100 1942,2160 1991,2160 1991,2100"/>
                    <TextEquiv>
                        <Unicode>ihm</Unicode>
                    </TextEquiv>
                </Word>
                <Word id="tr_2_tl_11_w13" custom="readingOrder {index:12;}">
                    <Coords points="2036,2101 2036,2161 2079,2161 2079,2101"/>
                    <TextEquiv>
                        <Unicode>ein</Unicode>
                    </TextEquiv>
                </Word>
                <Word id="tr_2_tl_11_w14" custom="readingOrder {index:13;}">
                    <Coords points="2107,2101 2107,2161 2184,2161 2184,2101"/>
                    <TextEquiv>
                        <Unicode>Kind</Unicode>
                    </TextEquiv>
                </Word>
                <TextEquiv>
                    <Unicode>sie mit dem Zauber der Wiener Landschaft, bürgertums hinweg, sie schenkt ihm ein Kind</Unicode>
                </TextEquiv>
            </TextLine>
            <TextLine id="tr_2_tl_12" custom="readingOrder {index:11;}">
                <Coords points="2221,2192 3087,2192 3087,2152 2221,2145"/>
                <Baseline points="2242,2182 2284,2182 2327,2182 2370,2182 2413,2182 2456,2184 2498,2185 2541,2185 2584,2185 2627,2185 2670,2185 2712,2187 2755,2188 2798,2188 2841,2187 2884,2186 2926,2188 2969,2188 3012,2188 3055,2188 3098,2185"/>
                <Word id="tr_2_tl_12_w1" custom="readingOrder {index:0;}">
                    <Coords points="2227,2142 2227,2202 2337,2202 2337,2142"/>
                    <TextEquiv>
                        <Unicode>Briefe</Unicode>
                    </TextEquiv>
                </Word>
                <Word id="tr_2_tl_12_w2" custom="readingOrder {index:1;}">
                    <Coords points="2366,2142 2366,2202 2415,2202 2415,2142"/>
                    <TextEquiv>
                        <Unicode>der</Unicode>
                    </TextEquiv>
                </Word>
                <Word id="tr_2_tl_12_w3" custom="readingOrder {index:2;}">
                    <Coords points="2443,2145 2443,2205 2564,2205 2564,2145"/>
                    <TextEquiv>
                        <Unicode>Mutter</Unicode>
                    </TextEquiv>
                </Word>
                <Word id="tr_2_tl_12_w4" custom="readingOrder {index:3;}">
                    <Coords points="2593,2145 2593,2205 2664,2205 2664,2145"/>
                    <TextEquiv>
                        <Unicode>aufs</Unicode>
                    </TextEquiv>
                </Word>
                <Word id="tr_2_tl_12_w5" custom="readingOrder {index:4;}">
                    <Coords points="2687,2148 2687,2208 2830,2208 2830,2148"/>
                    <TextEquiv>
                        <Unicode>äußerste</Unicode>
                    </TextEquiv>
                </Word>
                <Word id="tr_2_tl_12_w6" custom="readingOrder {index:5;}">
                    <Coords points="2858,2147 2858,2207 2974,2207 2974,2147"/>
                    <TextEquiv>
                        <Unicode>erregt,</Unicode>
                    </TextEquiv>
                </Word>
                <Word id="tr_2_tl_12_w7" custom="readingOrder {index:6;}">
                    <Coords points="2997,2148 2997,2208 3074,2208 3074,2148"/>
                    <TextEquiv>
                        <Unicode>denn</Unicode>
                    </TextEquiv>
                </Word>
                <TextEquiv>
                    <Unicode>Briefe der Mutter aufs äußerste erregt, denn</Unicode>
                </TextEquiv>
            </TextLine>
            <TextLine id="tr_2_tl_13" custom="readingOrder {index:12;}">
                <Coords points="464,2200 2196,2192 2196,2152 2024,2141 464,2167"/>
                <Baseline points="483,2191 568,2194 654,2194 740,2192 826,2191 912,2191 998,2191 1083,2190 1169,2187 1255,2187 1341,2185 1427,2185 1513,2185 1599,2185 1684,2185 1770,2185 1856,2185 1942,2182 2028,2185 2114,2185 2200,2185"/>
                <Word id="tr_2_tl_13_w1" custom="readingOrder {index:0;}">
                    <Coords points="470,2152 470,2212 555,2212 555,2152"/>
                    <TextEquiv>
                        <Unicode>führt</Unicode>
                    </TextEquiv>
                </Word>
                <Word id="tr_2_tl_13_w2" custom="readingOrder {index:1;}">
                    <Coords points="577,2154 577,2214 614,2214 614,2154"/>
                    <TextEquiv>
                        <Unicode>sie</Unicode>
                    </TextEquiv>
                </Word>
                <Word id="tr_2_tl_13_w3" custom="readingOrder {index:2;}">
                    <Coords points="642,2153 642,2213 722,2213 722,2153"/>
                    <TextEquiv>
                        <Unicode>durch</Unicode>
                    </TextEquiv>
                </Word>
                <Word id="tr_2_tl_13_w4" custom="readingOrder {index:3;}">
                    <Coords points="755,2151 755,2211 798,2211 798,2151"/>
                    <TextEquiv>
                        <Unicode>die</Unicode>
                    </TextEquiv>
                </Word>
                <Word id="tr_2_tl_13_w5" custom="readingOrder {index:4;}">
                    <Coords points="820,2151 820,2211 954,2211 954,2151"/>
                    <TextEquiv>
                        <Unicode>breiten,</Unicode>
                    </TextEquiv>
                </Word>
                <Word id="tr_2_tl_13_w6" custom="readingOrder {index:5;}">
                    <Coords points="976,2150 976,2210 1067,2210 1067,2150"/>
                    <TextEquiv>
                        <Unicode>hellen</Unicode>
                    </TextEquiv>
                </Word>
                <Word id="tr_2_tl_13_w7" custom="readingOrder {index:6;}">
                    <Coords points="1100,2147 1100,2207 1234,2207 1234,2147"/>
                    <TextEquiv>
                        <Unicode>Straßen</Unicode>
                    </TextEquiv>
                </Word>
                <Word id="tr_2_tl_13_w8" custom="readingOrder {index:7;}">
                    <Coords points="1267,2146 1267,2206 1315,2206 1315,2146"/>
                    <TextEquiv>
                        <Unicode>der</Unicode>
                    </TextEquiv>
                </Word>
                <Word id="tr_2_tl_13_w9" custom="readingOrder {index:8;}">
                    <Coords points="1348,2145 1348,2205 1428,2205 1428,2145"/>
                    <TextEquiv>
                        <Unicode>Doch</Unicode>
                    </TextEquiv>
                </Word>
                <Word id="tr_2_tl_13_w10" custom="readingOrder {index:9;}">
                    <Coords points="1456,2145 1456,2205 1584,2205 1584,2145"/>
                    <TextEquiv>
                        <Unicode>nachdem</Unicode>
                    </TextEquiv>
                </Word>
                <Word id="tr_2_tl_13_w11" custom="readingOrder {index:10;}">
                    <Coords points="1623,2145 1623,2205 1649,2205 1649,2145"/>
                    <TextEquiv>
                        <Unicode>es</Unicode>
                    </TextEquiv>
                </Word>
                <Word id="tr_2_tl_13_w12" custom="readingOrder {index:11;}">
                    <Coords points="1677,2145 1677,2205 1725,2205 1725,2145"/>
                    <TextEquiv>
                        <Unicode>tot</Unicode>
                    </TextEquiv>
                </Word>
                <Word id="tr_2_tl_13_w13" custom="readingOrder {index:12;}">
                    <Coords points="1747,2145 1747,2205 1795,2205 1795,2145"/>
                    <TextEquiv>
                        <Unicode>zur</Unicode>
                    </TextEquiv>
                </Word>
                <Word id="tr_2_tl_13_w14" custom="readingOrder {index:13;}">
                    <Coords points="1822,2144 1822,2204 1902,2204 1902,2144"/>
                    <TextEquiv>
                        <Unicode>Welt</Unicode>
                    </TextEquiv>
                </Word>
                <Word id="tr_2_tl_13_w15" custom="readingOrder {index:14;}">
                    <Coords points="1925,2144 1925,2204 2096,2204 2096,2144"/>
                    <TextEquiv>
                        <Unicode>gekommen</Unicode>
                    </TextEquiv>
                </Word>
                <Word id="tr_2_tl_13_w16" custom="readingOrder {index:15;}">
                    <Coords points="2124,2145 2124,2205 2183,2205 2183,2145"/>
                    <TextEquiv>
                        <Unicode>war</Unicode>
                    </TextEquiv>
                </Word>
                <TextEquiv>
                    <Unicode>führt sie durch die breiten, hellen Straßen der Doch nachdem es tot zur Welt gekommen war</Unicode>
                </TextEquiv>
            </TextLine>
            <TextLine id="tr_2_tl_14" custom="readingOrder {index:13;}">
                <Coords points="1348,2236 2192,2243 2174,2189 1348,2192"/>
                <Baseline points="1370,2227 1411,2230 1453,2230 1494,2230 1536,2228 1577,2227 1619,2229 1660,2230 1702,2229 1743,2228 1785,2230 1826,2229 1868,2227 1909,2227 1951,2227 1992,2227 2034,2227 2075,2227 2117,2229 2158,2228 2200,2227"/>
                <Word id="tr_2_tl_14_w1" custom="readingOrder {index:0;}">
                    <Coords points="1349,2188 1349,2248 1431,2248 1431,2188"/>
                    <TextEquiv>
                        <Unicode>fühlt</Unicode>
                    </TextEquiv>
                </Word>
                <Word id="tr_2_tl_14_w2" custom="readingOrder {index:1;}">
                    <Coords points="1459,2190 1459,2250 1514,2250 1514,2190"/>
                    <TextEquiv>
                        <Unicode>sie,</Unicode>
                    </TextEquiv>
                </Word>
                <Word id="tr_2_tl_14_w3" custom="readingOrder {index:2;}">
                    <Coords points="1536,2187 1536,2247 1591,2247 1591,2187"/>
                    <TextEquiv>
                        <Unicode>wie</Unicode>
                    </TextEquiv>
                </Word>
                <Word id="tr_2_tl_14_w4" custom="readingOrder {index:3;}">
                    <Coords points="1626,2189 1626,2249 1675,2249 1675,2189"/>
                    <TextEquiv>
                        <Unicode>der</Unicode>
                    </TextEquiv>
                </Word>
                <Word id="tr_2_tl_14_w5" custom="readingOrder {index:4;}">
                    <Coords points="1697,2189 1697,2249 1913,2249 1913,2189"/>
                    <TextEquiv>
                        <Unicode>feinnervige,</Unicode>
                    </TextEquiv>
                </Word>
                <Word id="tr_2_tl_14_w6" custom="readingOrder {index:5;}">
                    <Coords points="1936,2187 1936,2247 2062,2247 2062,2187"/>
                    <TextEquiv>
                        <Unicode>nervöse</Unicode>
                    </TextEquiv>
                </Word>
                <Word id="tr_2_tl_14_w7" custom="readingOrder {index:6;}">
                    <Coords points="2090,2188 2090,2248 2189,2248 2189,2188"/>
                    <TextEquiv>
                        <Unicode>Künst</Unicode>
                    </TextEquiv>
                </Word>
                <TextEquiv>
                    <Unicode>fühlt sie, wie der feinnervige, nervöse Künst</Unicode>
                </TextEquiv>
            </TextLine>
            <TextLine id="tr_2_tl_15" custom="readingOrder {index:14;}">
                <Coords points="2225,2232 3098,2240 3073,2192 2225,2196"/>
                <Baseline points="2245,2230 2290,2227 2335,2227 2380,2227 2425,2227 2471,2227 2516,2227 2561,2230 2606,2230 2651,2230 2697,2230 2742,2230 2787,2230 2832,2230 2877,2230 2923,2230 2968,2230 3013,2230 3058,2230 3104,2230"/>
                <Word id="tr_2_tl_15_w1" custom="readingOrder {index:0;}">
                    <Coords points="2230,2187 2230,2247 2341,2247 2341,2187"/>
                    <TextEquiv>
                        <Unicode>„Papa</Unicode>
                    </TextEquiv>
                </Word>
                <Word id="tr_2_tl_15_w2" custom="readingOrder {index:1;}">
                    <Coords points="2379,2187 2379,2247 2458,2247 2458,2187"/>
                    <TextEquiv>
                        <Unicode>wird</Unicode>
                    </TextEquiv>
                </Word>
                <Word id="tr_2_tl_15_w3" custom="readingOrder {index:2;}">
                    <Coords points="2496,2190 2496,2250 2649,2250 2649,2190"/>
                    <TextEquiv>
                        <Unicode>verhaftet</Unicode>
                    </TextEquiv>
                </Word>
                <Word id="tr_2_tl_15_w4" custom="readingOrder {index:3;}">
                    <Coords points="2682,2190 2682,2250 2798,2250 2798,2190"/>
                    <TextEquiv>
                        <Unicode>werden</Unicode>
                    </TextEquiv>
                </Word>
                <Word id="tr_2_tl_15_w5" custom="readingOrder {index:4;}">
                    <Coords points="2842,2190 2842,2250 2904,2250 2904,2190"/>
                    <TextEquiv>
                        <Unicode>und</Unicode>
                    </TextEquiv>
                </Word>
                <Word id="tr_2_tl_15_w6" custom="readingOrder {index:5;}">
                    <Coords points="2937,2190 2937,2250 2984,2250 2984,2190"/>
                    <TextEquiv>
                        <Unicode>sich</Unicode>
                    </TextEquiv>
                </Word>
                <Word id="tr_2_tl_15_w7" custom="readingOrder {index:6;}">
                    <Coords points="3027,2190 3027,2250 3090,2250 3090,2190"/>
                    <TextEquiv>
                        <Unicode>tot¬</Unicode>
                    </TextEquiv>
                </Word>
                <TextEquiv>
                    <Unicode>„Papa wird verhaftet werden und sich tot¬</Unicode>
                </TextEquiv>
            </TextLine>
            <TextLine id="tr_2_tl_16" custom="readingOrder {index:15;}">
                <Coords points="460,2243 1326,2240 1326,2196 1264,2189 460,2200"/>
                <Baseline points="480,2236 522,2236 565,2236 608,2236 650,2238 693,2237 736,2236 778,2234 821,2235 864,2234 907,2233 949,2233 992,2232 1035,2231 1077,2232 1120,2230 1163,2230 1205,2230 1248,2230 1291,2230 1334,2227"/>
                <Word id="tr_2_tl_16_w1" custom="readingOrder {index:0;}">
                    <Coords points="466,2196 466,2256 636,2256 636,2196"/>
                    <TextEquiv>
                        <Unicode>behäbigen</Unicode>
                    </TextEquiv>
                </Word>
                <Word id="tr_2_tl_16_w2" custom="readingOrder {index:1;}">
                    <Coords points="688,2194 688,2254 857,2254 857,2194"/>
                    <TextEquiv>
                        <Unicode>Vorstadt,</Unicode>
                    </TextEquiv>
                </Word>
                <Word id="tr_2_tl_16_w3" custom="readingOrder {index:2;}">
                    <Coords points="903,2193 903,2253 994,2253 994,2193"/>
                    <TextEquiv>
                        <Unicode>unter</Unicode>
                    </TextEquiv>
                </Word>
                <Word id="tr_2_tl_16_w4" custom="readingOrder {index:3;}">
                    <Coords points="1046,2191 1046,2251 1096,2251 1096,2191"/>
                    <TextEquiv>
                        <Unicode>die</Unicode>
                    </TextEquiv>
                </Word>
                <Word id="tr_2_tl_16_w5" custom="readingOrder {index:4;}">
                    <Coords points="1142,2190 1142,2250 1317,2250 1317,2190"/>
                    <TextEquiv>
                        <Unicode>blühenden</Unicode>
                    </TextEquiv>
                </Word>
                <TextEquiv>
                    <Unicode>behäbigen Vorstadt, unter die blühenden</Unicode>
                </TextEquiv>
            </TextLine>
            <TextLine id="tr_2_tl_17" custom="readingOrder {index:16;}">
                <Coords points="157,2258 216,2269 296,2269 354,2254 438,2265 438,2189 413,2181 380,2181 365,2196 329,2189 318,2200 292,2181 241,2196 190,2181 157,2192"/>
                <Baseline points="176,2260 203,2257 230,2257 257,2255 284,2254 311,2254 338,2254 365,2254 392,2252 419,2249 447,2245"/>
                <Word id="tr_2_tl_17_w1" custom="readingOrder {index:0;}">
                    <Coords points="154,2220 154,2280 185,2280 185,2220"/>
                    <TextEquiv>
                        <Unicode>In</Unicode>
                    </TextEquiv>
                </Word>
                <Word id="tr_2_tl_17_w2" custom="readingOrder {index:1;}">
                    <Coords points="209,2214 209,2274 343,2274 343,2214"/>
                    <TextEquiv>
                        <Unicode>Dichter</Unicode>
                    </TextEquiv>
                </Word>
                <Word id="tr_2_tl_17_w3" custom="readingOrder {index:2;}">
                    <Coords points="368,2210 368,2270 438,2270 438,2210"/>
                    <TextEquiv>
                        <Unicode>ver¬</Unicode>
                    </TextEquiv>
                </Word>
                <TextEquiv>
                    <Unicode>In Dichter ver¬</Unicode>
                </TextEquiv>
            </TextLine>
            <TextLine id="tr_2_tl_18" custom="readingOrder {index:17;}">
                <Coords points="2225,2280 3080,2287 3076,2243 3011,2236 2221,2236"/>
                <Baseline points="2245,2268 2287,2268 2329,2268 2371,2270 2413,2271 2456,2269 2498,2270 2540,2271 2582,2271 2624,2272 2667,2274 2709,2274 2751,2274 2793,2274 2835,2274 2878,2274 2920,2274 2962,2274 3004,2274 3046,2274 3089,2274"/>
                <Word id="tr_2_tl_18_w1" custom="readingOrder {index:0;}">
                    <Coords points="2227,2228 2227,2288 2397,2288 2397,2228"/>
                    <TextEquiv>
                        <Unicode>schießen",</Unicode>
                    </TextEquiv>
                </Word>
                <Word id="tr_2_tl_18_w2" custom="readingOrder {index:1;}">
                    <Coords points="2420,2230 2420,2290 2595,2290 2595,2230"/>
                    <TextEquiv>
                        <Unicode>beschließt,</Unicode>
                    </TextEquiv>
                </Word>
                <Word id="tr_2_tl_18_w3" custom="readingOrder {index:2;}">
                    <Coords points="2618,2232 2618,2292 2663,2292 2663,2232"/>
                    <TextEquiv>
                        <Unicode>sich</Unicode>
                    </TextEquiv>
                </Word>
                <Word id="tr_2_tl_18_w4" custom="readingOrder {index:3;}">
                    <Coords points="2698,2234 2698,2294 2748,2294 2748,2234"/>
                    <TextEquiv>
                        <Unicode>der</Unicode>
                    </TextEquiv>
                </Word>
                <Word id="tr_2_tl_18_w5" custom="readingOrder {index:4;}">
                    <Coords points="2777,2234 2777,2294 2935,2294 2935,2234"/>
                    <TextEquiv>
                        <Unicode>perversen</Unicode>
                    </TextEquiv>
                </Word>
                <Word id="tr_2_tl_18_w6" custom="readingOrder {index:5;}">
                    <Coords points="2970,2234 2970,2294 3077,2294 3077,2234"/>
                    <TextEquiv>
                        <Unicode>Laune</Unicode>
                    </TextEquiv>
                </Word>
                <TextEquiv>
                    <Unicode>schießen", beschließt, sich der perversen Laune</Unicode>
                </TextEquiv>
            </TextLine>
            <TextLine id="tr_2_tl_19" custom="readingOrder {index:18;}">
                <Coords points="457,2287 2200,2280 2163,2232 457,2247"/>
                <Baseline points="477,2280 563,2280 650,2277 736,2278 823,2276 910,2277 996,2272 1083,2274 1169,2274 1256,2273 1343,2271 1429,2271 1516,2270 1602,2271 1689,2269 1776,2268 1862,2268 1949,2268 2035,2268 2122,2271 2209,2265"/>
                <Word id="tr_2_tl_19_w1" custom="readingOrder {index:0;}">
                    <Coords points="463,2238 463,2298 755,2298 755,2238"/>
                    <TextEquiv>
                        <Unicode>Kastanienbäume</Unicode>
                    </TextEquiv>
                </Word>
                <Word id="tr_2_tl_19_w2" custom="readingOrder {index:1;}">
                    <Coords points="794,2236 794,2296 877,2296 877,2236"/>
                    <TextEquiv>
                        <Unicode>eines</Unicode>
                    </TextEquiv>
                </Word>
                <Word id="tr_2_tl_19_w3" custom="readingOrder {index:2;}">
                    <Coords points="916,2233 916,2293 1202,2293 1202,2233"/>
                    <TextEquiv>
                        <Unicode>Praterfrühlings</Unicode>
                    </TextEquiv>
                </Word>
                <Word id="tr_2_tl_19_w4" custom="readingOrder {index:3;}">
                    <Coords points="1247,2232 1247,2292 1313,2292 1313,2232"/>
                    <TextEquiv>
                        <Unicode>oder</Unicode>
                    </TextEquiv>
                </Word>
                <Word id="tr_2_tl_19_w5" custom="readingOrder {index:4;}">
                    <Coords points="1353,2231 1353,2291 1396,2291 1396,2231"/>
                    <TextEquiv>
                        <Unicode>ler</Unicode>
                    </TextEquiv>
                </Word>
                <Word id="tr_2_tl_19_w6" custom="readingOrder {index:5;}">
                    <Coords points="1414,2230 1414,2290 1468,2290 1468,2230"/>
                    <TextEquiv>
                        <Unicode>vom</Unicode>
                    </TextEquiv>
                </Word>
                <Word id="tr_2_tl_19_w7" custom="readingOrder {index:6;}">
                    <Coords points="1507,2230 1507,2290 1617,2290 1617,2230"/>
                    <TextEquiv>
                        <Unicode>bunten</Unicode>
                    </TextEquiv>
                </Word>
                <Word id="tr_2_tl_19_w8" custom="readingOrder {index:7;}">
                    <Coords points="1646,2228 1646,2288 1739,2288 1739,2228"/>
                    <TextEquiv>
                        <Unicode>Spiel</Unicode>
                    </TextEquiv>
                </Word>
                <Word id="tr_2_tl_19_w9" custom="readingOrder {index:8;}">
                    <Coords points="1756,2228 1756,2288 1805,2288 1805,2228"/>
                    <TextEquiv>
                        <Unicode>der</Unicode>
                    </TextEquiv>
                </Word>
                <Word id="tr_2_tl_19_w10" custom="readingOrder {index:9;}">
                    <Coords points="1828,2228 1828,2288 1915,2288 1915,2228"/>
                    <TextEquiv>
                        <Unicode>Welt</Unicode>
                    </TextEquiv>
                </Word>
                <Word id="tr_2_tl_19_w11" custom="readingOrder {index:10;}">
                    <Coords points="1933,2228 1933,2288 1993,2288 1993,2228"/>
                    <TextEquiv>
                        <Unicode>und</Unicode>
                    </TextEquiv>
                </Word>
                <Word id="tr_2_tl_19_w12" custom="readingOrder {index:11;}">
                    <Coords points="2016,2228 2016,2288 2109,2288 2109,2228"/>
                    <TextEquiv>
                        <Unicode>seinen</Unicode>
                    </TextEquiv>
                </Word>
                <Word id="tr_2_tl_19_w13" custom="readingOrder {index:12;}">
                    <Coords points="2137,2227 2137,2287 2203,2287 2203,2227"/>
                    <TextEquiv>
                        <Unicode>ehr¬</Unicode>
                    </TextEquiv>
                </Word>
                <TextEquiv>
                    <Unicode>Kastanienbäume eines Praterfrühlings oder ler vom bunten Spiel der Welt und seinen ehr¬</Unicode>
                </TextEquiv>
            </TextLine>
            <TextLine id="tr_2_tl_20" custom="readingOrder {index:19;}">
                <Coords points="157,2313 186,2302 223,2313 303,2302 358,2309 373,2298 395,2313 435,2302 435,2265 391,2258 380,2265 358,2254 325,2265 311,2258 292,2269 157,2262"/>
                <Baseline points="176,2301 202,2299 229,2298 256,2298 283,2298 310,2298 336,2298 363,2297 390,2296 417,2294 444,2292"/>
                <Word id="tr_2_tl_20_w1" custom="readingOrder {index:0;}">
                    <Coords points="163,2258 163,2318 365,2318 365,2258"/>
                    <TextEquiv>
                        <Unicode>Frauenlob,</Unicode>
                    </TextEquiv>
                </Word>
                <Word id="tr_2_tl_20_w2" custom="readingOrder {index:1;}">
                    <Coords points="388,2254 388,2314 438,2314 438,2254"/>
                    <TextEquiv>
                        <Unicode>hat</Unicode>
                    </TextEquiv>
                </Word>
                <TextEquiv>
                    <Unicode>Frauenlob, hat</Unicode>
                </TextEquiv>
            </TextLine>
            <TextLine id="tr_2_tl_21" custom="readingOrder {index:20;}">
                <Coords points="1345,2327 3076,2324 3076,2284 3003,2276 1345,2280"/>
                <Baseline points="1364,2316 1450,2313 1536,2313 1622,2313 1708,2313 1794,2313 1880,2313 1966,2311 2052,2313 2138,2313 2225,2310 2311,2312 2397,2313 2483,2313 2569,2313 2655,2314 2741,2316 2827,2316 2913,2319 2999,2316 3086,2316"/>
                <Word id="tr_2_tl_21_w1" custom="readingOrder {index:0;}">
                    <Coords points="1351,2274 1351,2334 1444,2334 1444,2274"/>
                    <TextEquiv>
                        <Unicode>geizig</Unicode>
                    </TextEquiv>
                </Word>
                <Word id="tr_2_tl_21_w2" custom="readingOrder {index:1;}">
                    <Coords points="1467,2273 1467,2333 1494,2333 1494,2273"/>
                    <TextEquiv>
                        <Unicode>in</Unicode>
                    </TextEquiv>
                </Word>
                <Word id="tr_2_tl_21_w3" custom="readingOrder {index:2;}">
                    <Coords points="1527,2273 1527,2333 1571,2333 1571,2273"/>
                    <TextEquiv>
                        <Unicode>die</Unicode>
                    </TextEquiv>
                </Word>
                <Word id="tr_2_tl_21_w4" custom="readingOrder {index:3;}">
                    <Coords points="1599,2273 1599,2333 1698,2333 1698,2273"/>
                    <TextEquiv>
                        <Unicode>Ferne</Unicode>
                    </TextEquiv>
                </Word>
                <Word id="tr_2_tl_21_w5" custom="readingOrder {index:4;}">
                    <Coords points="1726,2273 1726,2333 1941,2333 1941,2273"/>
                    <TextEquiv>
                        <Unicode>schweifenden</Unicode>
                    </TextEquiv>
                </Word>
                <Word id="tr_2_tl_21_w6" custom="readingOrder {index:5;}">
                    <Coords points="1970,2272 1970,2332 2123,2332 2123,2272"/>
                    <TextEquiv>
                        <Unicode>Träumen</Unicode>
                    </TextEquiv>
                </Word>
                <Word id="tr_2_tl_21_w7" custom="readingOrder {index:6;}">
                    <Coords points="2151,2271 2151,2331 2200,2331 2200,2271"/>
                    <TextEquiv>
                        <Unicode>er=</Unicode>
                    </TextEquiv>
                </Word>
                <Word id="tr_2_tl_21_w8" custom="readingOrder {index:7;}">
                    <Coords points="2224,2270 2224,2330 2278,2330 2278,2270"/>
                    <TextEquiv>
                        <Unicode>des</Unicode>
                    </TextEquiv>
                </Word>
                <Word id="tr_2_tl_21_w9" custom="readingOrder {index:8;}">
                    <Coords points="2312,2272 2312,2332 2449,2332 2449,2272"/>
                    <TextEquiv>
                        <Unicode>reichen,</Unicode>
                    </TextEquiv>
                </Word>
                <Word id="tr_2_tl_21_w10" custom="readingOrder {index:9;}">
                    <Coords points="2483,2273 2483,2333 2670,2333 2670,2273"/>
                    <TextEquiv>
                        <Unicode>widerlichen</Unicode>
                    </TextEquiv>
                </Word>
                <Word id="tr_2_tl_21_w11" custom="readingOrder {index:10;}">
                    <Coords points="2704,2276 2704,2336 2853,2336 2853,2276"/>
                    <TextEquiv>
                        <Unicode>Dorsday</Unicode>
                    </TextEquiv>
                </Word>
                <Word id="tr_2_tl_21_w12" custom="readingOrder {index:11;}">
                    <Coords points="2897,2278 2897,2338 2930,2338 2930,2278"/>
                    <TextEquiv>
                        <Unicode>zu</Unicode>
                    </TextEquiv>
                </Word>
                <Word id="tr_2_tl_21_w13" custom="readingOrder {index:12;}">
                    <Coords points="2975,2276 2975,2336 3068,2336 3068,2276"/>
                    <TextEquiv>
                        <Unicode>fügen</Unicode>
                    </TextEquiv>
                </Word>
                <TextEquiv>
                    <Unicode>geizig in die Ferne schweifenden Träumen er= des reichen, widerlichen Dorsday zu fügen</Unicode>
                </TextEquiv>
            </TextLine>
            <TextLine id="tr_2_tl_22" custom="readingOrder {index:21;}">
                <Coords points="457,2335 1319,2324 1319,2284 1246,2276 457,2287"/>
                <Baseline points="477,2322 519,2325 562,2325 604,2323 647,2324 689,2323 732,2322 774,2322 817,2320 859,2319 902,2319 945,2319 987,2319 1030,2319 1072,2319 1115,2318 1157,2316 1200,2316 1242,2316 1285,2316 1328,2313"/>
                <Word id="tr_2_tl_22_w1" custom="readingOrder {index:0;}">
                    <Coords points="469,2284 469,2344 556,2344 556,2284"/>
                    <TextEquiv>
                        <Unicode>durch</Unicode>
                    </TextEquiv>
                </Word>
                <Word id="tr_2_tl_22_w2" custom="readingOrder {index:1;}">
                    <Coords points="585,2283 585,2343 734,2343 734,2283"/>
                    <TextEquiv>
                        <Unicode>herbstlich</Unicode>
                    </TextEquiv>
                </Word>
                <Word id="tr_2_tl_22_w3" custom="readingOrder {index:2;}">
                    <Coords points="768,2279 768,2339 961,2339 961,2279"/>
                    <TextEquiv>
                        <Unicode>leuchtendes</Unicode>
                    </TextEquiv>
                </Word>
                <Word id="tr_2_tl_22_w4" custom="readingOrder {index:3;}">
                    <Coords points="990,2278 990,2338 1155,2338 1155,2278"/>
                    <TextEquiv>
                        <Unicode>Weinland</Unicode>
                    </TextEquiv>
                </Word>
                <Word id="tr_2_tl_22_w5" custom="readingOrder {index:4;}">
                    <Coords points="1184,2276 1184,2336 1239,2336 1239,2276"/>
                    <TextEquiv>
                        <Unicode>auf</Unicode>
                    </TextEquiv>
                </Word>
                <Word id="tr_2_tl_22_w6" custom="readingOrder {index:5;}">
                    <Coords points="1267,2275 1267,2335 1316,2335 1316,2275"/>
                    <TextEquiv>
                        <Unicode>den</Unicode>
                    </TextEquiv>
                </Word>
                <TextEquiv>
                    <Unicode>durch herbstlich leuchtendes Weinland auf den</Unicode>
                </TextEquiv>
            </TextLine>
            <TextLine id="tr_2_tl_23" custom="readingOrder {index:22;}">
                <Coords points="157,2371 234,2342 248,2353 278,2349 307,2360 351,2342 384,2357 395,2349 427,2353 431,2302 395,2313 380,2298 365,2309 336,2302 234,2313 186,2302 161,2309"/>
                <Baseline points="179,2346 205,2342 231,2340 257,2340 283,2340 310,2340 336,2338 362,2337 388,2337 414,2336 441,2334"/>
                <Word id="tr_2_tl_23_w1" custom="readingOrder {index:0;}">
                    <Coords points="159,2303 159,2363 228,2363 228,2303"/>
                    <TextEquiv>
                        <Unicode>aißt,</Unicode>
                    </TextEquiv>
                </Word>
                <Word id="tr_2_tl_23_w2" custom="readingOrder {index:1;}">
                    <Coords points="248,2297 248,2357 426,2357 426,2297"/>
                    <TextEquiv>
                        <Unicode>meisterhaf</Unicode>
                    </TextEquiv>
                </Word>
                <TextEquiv>
                    <Unicode>aißt, meisterhaf</Unicode>
                </TextEquiv>
            </TextLine>
            <TextLine id="tr_2_tl_24" custom="readingOrder {index:23;}">
                <Coords points="2225,2360 3080,2364 3080,2324 3022,2320 2225,2320"/>
                <Baseline points="2245,2352 2287,2355 2329,2358 2371,2358 2413,2358 2456,2356 2498,2357 2540,2358 2582,2358 2624,2359 2667,2360 2709,2359 2751,2361 2793,2360 2835,2359 2878,2361 2920,2358 2962,2361 3004,2361 3046,2361 3089,2358"/>
                <Word id="tr_2_tl_24_w1" custom="readingOrder {index:0;}">
                    <Coords points="2226,2314 2226,2374 2330,2374 2330,2314"/>
                    <TextEquiv>
                        <Unicode>damit</Unicode>
                    </TextEquiv>
                </Word>
                <Word id="tr_2_tl_24_w2" custom="readingOrder {index:1;}">
                    <Coords points="2364,2318 2364,2378 2457,2378 2457,2318"/>
                    <TextEquiv>
                        <Unicode>dieser</Unicode>
                    </TextEquiv>
                </Word>
                <Word id="tr_2_tl_24_w3" custom="readingOrder {index:2;}">
                    <Coords points="2491,2317 2491,2377 2535,2377 2535,2317"/>
                    <TextEquiv>
                        <Unicode>die</Unicode>
                    </TextEquiv>
                </Word>
                <Word id="tr_2_tl_24_w4" custom="readingOrder {index:3;}">
                    <Coords points="2569,2319 2569,2379 2784,2379 2784,2319"/>
                    <TextEquiv>
                        <Unicode>notwendigen</Unicode>
                    </TextEquiv>
                </Word>
                <Word id="tr_2_tl_24_w5" custom="readingOrder {index:4;}">
                    <Coords points="2823,2320 2823,2380 3077,2380 3077,2320"/>
                    <TextEquiv>
                        <Unicode>dreißigtausend</Unicode>
                    </TextEquiv>
                </Word>
                <TextEquiv>
                    <Unicode>damit dieser die notwendigen dreißigtausend</Unicode>
                </TextEquiv>
            </TextLine>
            <TextLine id="tr_2_tl_25" custom="readingOrder {index:24;}">
                <Coords points="453,2379 2189,2368 2189,2327 2075,2316 453,2331"/>
                <Baseline points="474,2367 560,2367 646,2365 732,2364 818,2364 904,2364 990,2361 1077,2361 1163,2361 1249,2360 1335,2356 1421,2358 1507,2358 1593,2358 1680,2358 1766,2358 1852,2358 1938,2358 2024,2358 2110,2355 2197,2355"/>
                <Word id="tr_2_tl_25_w1" custom="readingOrder {index:0;}">
                    <Coords points="459,2326 459,2386 674,2386 674,2326"/>
                    <TextEquiv>
                        <Unicode>Kahlenberg.</Unicode>
                    </TextEquiv>
                </Word>
                <Word id="tr_2_tl_25_w2" custom="readingOrder {index:1;}">
                    <Coords points="697,2324 697,2384 742,2384 742,2324"/>
                    <TextEquiv>
                        <Unicode>Er</Unicode>
                    </TextEquiv>
                </Word>
                <Word id="tr_2_tl_25_w3" custom="readingOrder {index:2;}">
                    <Coords points="771,2324 771,2384 935,2384 935,2324"/>
                    <TextEquiv>
                        <Unicode>vergleicht</Unicode>
                    </TextEquiv>
                </Word>
                <Word id="tr_2_tl_25_w4" custom="readingOrder {index:3;}">
                    <Coords points="964,2321 964,2381 997,2381 997,2321"/>
                    <TextEquiv>
                        <Unicode>sie</Unicode>
                    </TextEquiv>
                </Word>
                <Word id="tr_2_tl_25_w5" custom="readingOrder {index:4;}">
                    <Coords points="1032,2321 1032,2381 1088,2381 1088,2321"/>
                    <TextEquiv>
                        <Unicode>mit</Unicode>
                    </TextEquiv>
                </Word>
                <Word id="tr_2_tl_25_w6" custom="readingOrder {index:5;}">
                    <Coords points="1117,2320 1117,2380 1218,2380 1218,2320"/>
                    <TextEquiv>
                        <Unicode>„einem</Unicode>
                    </TextEquiv>
                </Word>
                <Word id="tr_2_tl_25_w7" custom="readingOrder {index:6;}">
                    <Coords points="1264,2318 1264,2378 1314,2378 1314,2318"/>
                    <TextEquiv>
                        <Unicode>ge=</Unicode>
                    </TextEquiv>
                </Word>
                <Word id="tr_2_tl_25_w8" custom="readingOrder {index:7;}">
                    <Coords points="1343,2317 1343,2377 1427,2377 1427,2317"/>
                    <TextEquiv>
                        <Unicode>faßt,</Unicode>
                    </TextEquiv>
                </Word>
                <Word id="tr_2_tl_25_w9" custom="readingOrder {index:8;}">
                    <Coords points="1456,2318 1456,2378 1512,2378 1512,2318"/>
                    <TextEquiv>
                        <Unicode>nun</Unicode>
                    </TextEquiv>
                </Word>
                <Word id="tr_2_tl_25_w10" custom="readingOrder {index:9;}">
                    <Coords points="1553,2318 1553,2378 1631,2378 1631,2318"/>
                    <TextEquiv>
                        <Unicode>nicht</Unicode>
                    </TextEquiv>
                </Word>
                <Word id="tr_2_tl_25_w11" custom="readingOrder {index:10;}">
                    <Coords points="1660,2318 1660,2378 1745,2378 1745,2318"/>
                    <TextEquiv>
                        <Unicode>mehr</Unicode>
                    </TextEquiv>
                </Word>
                <Word id="tr_2_tl_25_w12" custom="readingOrder {index:11;}">
                    <Coords points="1779,2318 1779,2378 1864,2378 1864,2318"/>
                    <TextEquiv>
                        <Unicode>durch</Unicode>
                    </TextEquiv>
                </Word>
                <Word id="tr_2_tl_25_w13" custom="readingOrder {index:12;}">
                    <Coords points="1898,2318 1898,2378 1977,2378 1977,2318"/>
                    <TextEquiv>
                        <Unicode>seine</Unicode>
                    </TextEquiv>
                </Word>
                <Word id="tr_2_tl_25_w14" custom="readingOrder {index:13;}">
                    <Coords points="2012,2316 2012,2376 2113,2376 2113,2316"/>
                    <TextEquiv>
                        <Unicode>Liebe,</Unicode>
                    </TextEquiv>
                </Word>
                <Word id="tr_2_tl_25_w15" custom="readingOrder {index:14;}">
                    <Coords points="2136,2315 2136,2375 2169,2375 2169,2315"/>
                    <TextEquiv>
                        <Unicode>nu</Unicode>
                    </TextEquiv>
                </Word>
                <TextEquiv>
                    <Unicode>Kahlenberg. Er vergleicht sie mit „einem ge= faßt, nun nicht mehr durch seine Liebe, nu</Unicode>
                </TextEquiv>
            </TextLine>
            <TextLine id="tr_2_tl_26" custom="readingOrder {index:25;}">
                <Coords points="175,2408 201,2415 219,2397 245,2401 267,2390 292,2401 311,2386 362,2401 380,2390 431,2393 431,2353 395,2349 387,2357 332,2346 311,2360 300,2349 248,2353 234,2342 219,2357 175,2346"/>
                <Baseline points="194,2388 221,2385 248,2385 276,2385 303,2385 331,2385 358,2385 386,2383 413,2381 441,2379"/>
                <Word id="tr_2_tl_26_w1" custom="readingOrder {index:0;}">
                    <Coords points="185,2345 185,2405 288,2405 288,2345"/>
                    <TextEquiv>
                        <Unicode>spürte</Unicode>
                    </TextEquiv>
                </Word>
                <Word id="tr_2_tl_26_w2" custom="readingOrder {index:1;}">
                    <Coords points="329,2343 329,2403 418,2403 418,2343"/>
                    <TextEquiv>
                        <Unicode>ihren</Unicode>
                    </TextEquiv>
                </Word>
                <TextEquiv>
                    <Unicode>spürte ihren</Unicode>
                </TextEquiv>
            </TextLine>
            <TextLine id="tr_2_tl_27" custom="readingOrder {index:26;}">
                <Coords points="2221,2408 3087,2415 3087,2368 3062,2364 2221,2364"/>
                <Baseline points="2242,2394 2284,2397 2327,2400 2370,2400 2413,2400 2456,2400 2498,2400 2541,2400 2584,2402 2627,2403 2670,2403 2712,2403 2755,2402 2798,2400 2841,2400 2884,2401 2926,2403 2969,2402 3012,2400 3055,2400 3098,2403"/>
                <Word id="tr_2_tl_27_w1" custom="readingOrder {index:0;}">
                    <Coords points="2226,2357 2226,2417 2353,2417 2353,2357"/>
                    <TextEquiv>
                        <Unicode>Gulden</Unicode>
                    </TextEquiv>
                </Word>
                <Word id="tr_2_tl_27_w2" custom="readingOrder {index:1;}">
                    <Coords points="2385,2360 2385,2420 2533,2420 2533,2360"/>
                    <TextEquiv>
                        <Unicode>anweist.</Unicode>
                    </TextEquiv>
                </Word>
                <Word id="tr_2_tl_27_w3" custom="readingOrder {index:2;}">
                    <Coords points="2555,2362 2555,2422 2618,2422 2618,2362"/>
                    <TextEquiv>
                        <Unicode>Und</Unicode>
                    </TextEquiv>
                </Word>
                <Word id="tr_2_tl_27_w4" custom="readingOrder {index:3;}">
                    <Coords points="2651,2363 2651,2423 2730,2423 2730,2363"/>
                    <TextEquiv>
                        <Unicode>dann</Unicode>
                    </TextEquiv>
                </Word>
                <Word id="tr_2_tl_27_w5" custom="readingOrder {index:4;}">
                    <Coords points="2762,2361 2762,2421 2777,2421 2777,2361"/>
                    <TextEquiv>
                        <Unicode>—</Unicode>
                    </TextEquiv>
                </Word>
                <Word id="tr_2_tl_27_w6" custom="readingOrder {index:5;}">
                    <Coords points="2831,2360 2831,2420 2868,2420 2868,2360"/>
                    <TextEquiv>
                        <Unicode>um</Unicode>
                    </TextEquiv>
                </Word>
                <Word id="tr_2_tl_27_w7" custom="readingOrder {index:6;}">
                    <Coords points="2916,2362 2916,2422 2974,2422 2974,2362"/>
                    <TextEquiv>
                        <Unicode>nur</Unicode>
                    </TextEquiv>
                </Word>
                <Word id="tr_2_tl_27_w8" custom="readingOrder {index:7;}">
                    <Coords points="3006,2360 3006,2420 3085,2420 3085,2360"/>
                    <TextEquiv>
                        <Unicode>nicht</Unicode>
                    </TextEquiv>
                </Word>
                <TextEquiv>
                    <Unicode>Gulden anweist. Und dann — um nur nicht</Unicode>
                </TextEquiv>
            </TextLine>
            <TextLine id="tr_2_tl_28" custom="readingOrder {index:27;}">
                <Coords points="460,2415 2046,2419 2192,2411 2196,2368 460,2379"/>
                <Baseline points="480,2412 566,2409 652,2409 738,2408 824,2406 910,2404 996,2405 1082,2406 1168,2405 1254,2403 1340,2397 1426,2399 1512,2398 1598,2398 1684,2397 1770,2397 1856,2400 1942,2397 2028,2397 2114,2397 2200,2397"/>
                <Word id="tr_2_tl_28_w1" custom="readingOrder {index:0;}">
                    <Coords points="466,2369 466,2429 612,2429 612,2369"/>
                    <TextEquiv>
                        <Unicode>tragenen</Unicode>
                    </TextEquiv>
                </Word>
                <Word id="tr_2_tl_28_w2" custom="readingOrder {index:1;}">
                    <Coords points="636,2368 636,2428 759,2428 759,2368"/>
                    <TextEquiv>
                        <Unicode>Wiener</Unicode>
                    </TextEquiv>
                </Word>
                <Word id="tr_2_tl_28_w3" custom="readingOrder {index:2;}">
                    <Coords points="782,2365 782,2425 917,2425 917,2365"/>
                    <TextEquiv>
                        <Unicode>Walzer“</Unicode>
                    </TextEquiv>
                </Word>
                <Word id="tr_2_tl_28_w4" custom="readingOrder {index:3;}">
                    <Coords points="941,2364 941,2424 951,2424 951,2364"/>
                    <TextEquiv>
                        <Unicode>—</Unicode>
                    </TextEquiv>
                </Word>
                <Word id="tr_2_tl_28_w5" custom="readingOrder {index:4;}">
                    <Coords points="997,2365 997,2425 1199,2425 1199,2365"/>
                    <TextEquiv>
                        <Unicode>„Lächelnde,</Unicode>
                    </TextEquiv>
                </Word>
                <Word id="tr_2_tl_28_w6" custom="readingOrder {index:5;}">
                    <Coords points="1211,2362 1211,2422 1318,2422 1318,2362"/>
                    <TextEquiv>
                        <Unicode>schalk-</Unicode>
                    </TextEquiv>
                </Word>
                <Word id="tr_2_tl_28_w7" custom="readingOrder {index:6;}">
                    <Coords points="1353,2358 1353,2418 1437,2418 1437,2358"/>
                    <TextEquiv>
                        <Unicode>mehr</Unicode>
                    </TextEquiv>
                </Word>
                <Word id="tr_2_tl_28_w8" custom="readingOrder {index:7;}">
                    <Coords points="1477,2358 1477,2418 1561,2418 1561,2358"/>
                    <TextEquiv>
                        <Unicode>durch</Unicode>
                    </TextEquiv>
                </Word>
                <Word id="tr_2_tl_28_w9" custom="readingOrder {index:8;}">
                    <Coords points="1601,2357 1601,2417 1651,2417 1651,2357"/>
                    <TextEquiv>
                        <Unicode>ihr</Unicode>
                    </TextEquiv>
                </Word>
                <Word id="tr_2_tl_28_w10" custom="readingOrder {index:9;}">
                    <Coords points="1686,2357 1686,2417 1758,2417 1758,2357"/>
                    <TextEquiv>
                        <Unicode>Leid</Unicode>
                    </TextEquiv>
                </Word>
                <Word id="tr_2_tl_28_w11" custom="readingOrder {index:10;}">
                    <Coords points="1798,2358 1798,2418 1849,2418 1849,2358"/>
                    <TextEquiv>
                        <Unicode>sich</Unicode>
                    </TextEquiv>
                </Word>
                <Word id="tr_2_tl_28_w12" custom="readingOrder {index:11;}">
                    <Coords points="1883,2358 1883,2418 1922,2418 1922,2358"/>
                    <TextEquiv>
                        <Unicode>an</Unicode>
                    </TextEquiv>
                </Word>
                <Word id="tr_2_tl_28_w13" custom="readingOrder {index:12;}">
                    <Coords points="1962,2357 1962,2417 2001,2417 2001,2357"/>
                    <TextEquiv>
                        <Unicode>sie</Unicode>
                    </TextEquiv>
                </Word>
                <Word id="tr_2_tl_28_w14" custom="readingOrder {index:13;}">
                    <Coords points="2035,2357 2035,2417 2187,2417 2187,2357"/>
                    <TextEquiv>
                        <Unicode>gebunden</Unicode>
                    </TextEquiv>
                </Word>
                <TextEquiv>
                    <Unicode>tragenen Wiener Walzer“ — „Lächelnde, schalk- mehr durch ihr Leid sich an sie gebunden</Unicode>
                </TextEquiv>
            </TextLine>
            <TextLine id="tr_2_tl_29" custom="readingOrder {index:28;}">
                <Coords points="157,2444 435,2433 435,2393 376,2390 362,2401 300,2386 285,2401 270,2390 197,2401 179,2382 157,2386"/>
                <Baseline points="179,2433 205,2431 232,2430 258,2430 285,2430 311,2430 338,2428 364,2427 391,2427 417,2428 444,2430"/>
                <Word id="tr_2_tl_29_w1" custom="readingOrder {index:0;}">
                    <Coords points="159,2393 159,2453 178,2453 178,2393"/>
                    <TextEquiv>
                        <Unicode>g</Unicode>
                    </TextEquiv>
                </Word>
                <Word id="tr_2_tl_29_w2" custom="readingOrder {index:1;}">
                    <Coords points="211,2390 211,2450 275,2450 275,2390"/>
                    <TextEquiv>
                        <Unicode>mit</Unicode>
                    </TextEquiv>
                </Word>
                <Word id="tr_2_tl_29_w3" custom="readingOrder {index:2;}">
                    <Coords points="295,2387 295,2447 436,2447 436,2387"/>
                    <TextEquiv>
                        <Unicode>weicher,</Unicode>
                    </TextEquiv>
                </Word>
                <TextEquiv>
                    <Unicode>g mit weicher,</Unicode>
                </TextEquiv>
            </TextLine>
            <TextLine id="tr_2_tl_30" custom="readingOrder {index:29;}">
                <Coords points="1345,2448 1381,2448 1392,2455 1436,2452 1447,2463 1472,2463 1472,2415 1454,2415 1436,2408 1425,2411 1414,2404 1345,2408"/>
                <Baseline points="1364,2442 1393,2445 1422,2443 1451,2441 1480,2439"/>
                <Word id="tr_2_tl_30_w1" custom="readingOrder {index:0;}">
                    <Coords points="1346,2404 1346,2464 1438,2464 1438,2404"/>
                    <TextEquiv>
                        <Unicode>fühlt</Unicode>
                    </TextEquiv>
                </Word>
                <TextEquiv>
                    <Unicode>fühlt</Unicode>
                </TextEquiv>
            </TextLine>
            <TextLine id="tr_2_tl_31" custom="readingOrder {index:30;}">
                <Coords points="1513,2452 2192,2455 2192,2411 2152,2408 1513,2411"/>
                <Baseline points="1534,2442 1567,2444 1600,2445 1634,2445 1667,2445 1701,2445 1734,2444 1768,2443 1801,2445 1835,2443 1868,2443 1901,2444 1935,2442 1968,2442 2002,2442 2035,2443 2069,2445 2102,2445 2136,2444 2169,2443 2203,2445"/>
                <Word id="tr_2_tl_31_w1" custom="readingOrder {index:0;}">
                    <Coords points="1525,2402 1525,2462 1564,2462 1564,2402"/>
                    <TextEquiv>
                        <Unicode>da</Unicode>
                    </TextEquiv>
                </Word>
                <Word id="tr_2_tl_31_w2" custom="readingOrder {index:1;}">
                    <Coords points="1599,2405 1599,2465 1666,2465 1666,2405"/>
                    <TextEquiv>
                        <Unicode>gibt</Unicode>
                    </TextEquiv>
                </Word>
                <Word id="tr_2_tl_31_w3" custom="readingOrder {index:2;}">
                    <Coords points="1690,2404 1690,2464 1723,2464 1723,2404"/>
                    <TextEquiv>
                        <Unicode>sie</Unicode>
                    </TextEquiv>
                </Word>
                <Word id="tr_2_tl_31_w4" custom="readingOrder {index:3;}">
                    <Coords points="1758,2403 1758,2463 1803,2463 1803,2403"/>
                    <TextEquiv>
                        <Unicode>ihn</Unicode>
                    </TextEquiv>
                </Word>
                <Word id="tr_2_tl_31_w5" custom="readingOrder {index:4;}">
                    <Coords points="1838,2403 1838,2463 1910,2463 1910,2403"/>
                    <TextEquiv>
                        <Unicode>frei.</Unicode>
                    </TextEquiv>
                </Word>
                <Word id="tr_2_tl_31_w6" custom="readingOrder {index:5;}">
                    <Coords points="1934,2402 1934,2462 2001,2462 2001,2402"/>
                    <TextEquiv>
                        <Unicode>Und</Unicode>
                    </TextEquiv>
                </Word>
                <Word id="tr_2_tl_31_w7" custom="readingOrder {index:6;}">
                    <Coords points="2030,2403 2030,2463 2058,2463 2058,2403"/>
                    <TextEquiv>
                        <Unicode>in</Unicode>
                    </TextEquiv>
                </Word>
                <Word id="tr_2_tl_31_w8" custom="readingOrder {index:7;}">
                    <Coords points="2093,2404 2093,2464 2177,2464 2177,2404"/>
                    <TextEquiv>
                        <Unicode>diesen</Unicode>
                    </TextEquiv>
                </Word>
                <TextEquiv>
                    <Unicode>da gibt sie ihn frei. Und in diesen</Unicode>
                </TextEquiv>
            </TextLine>
            <TextLine id="tr_2_tl_32" custom="readingOrder {index:31;}">
                <Coords points="2218,2452 3091,2455 3091,2411 2992,2401 2218,2408"/>
                <Baseline points="2239,2442 2284,2442 2329,2445 2374,2442 2419,2442 2465,2445 2510,2445 2555,2445 2600,2445 2645,2445 2691,2445 2736,2448 2781,2445 2826,2442 2871,2442 2917,2445 2962,2445 3007,2448 3052,2445 3098,2442"/>
                <Word id="tr_2_tl_32_w1" custom="readingOrder {index:0;}">
                    <Coords points="2224,2402 2224,2462 2342,2462 2342,2402"/>
                    <TextEquiv>
                        <Unicode>wieder</Unicode>
                    </TextEquiv>
                </Word>
                <Word id="tr_2_tl_32_w2" custom="readingOrder {index:1;}">
                    <Coords points="2375,2402 2375,2462 2450,2462 2450,2402"/>
                    <TextEquiv>
                        <Unicode>dran</Unicode>
                    </TextEquiv>
                </Word>
                <Word id="tr_2_tl_32_w3" custom="readingOrder {index:2;}">
                    <Coords points="2483,2405 2483,2465 2591,2465 2591,2405"/>
                    <TextEquiv>
                        <Unicode>denken</Unicode>
                    </TextEquiv>
                </Word>
                <Word id="tr_2_tl_32_w4" custom="readingOrder {index:3;}">
                    <Coords points="2624,2405 2624,2465 2656,2465 2656,2405"/>
                    <TextEquiv>
                        <Unicode>zu</Unicode>
                    </TextEquiv>
                </Word>
                <Word id="tr_2_tl_32_w5" custom="readingOrder {index:4;}">
                    <Coords points="2689,2407 2689,2467 2802,2467 2802,2407"/>
                    <TextEquiv>
                        <Unicode>müssen</Unicode>
                    </TextEquiv>
                </Word>
                <Word id="tr_2_tl_32_w6" custom="readingOrder {index:5;}">
                    <Coords points="2840,2402 2840,2462 2850,2462 2850,2402"/>
                    <TextEquiv>
                        <Unicode>—</Unicode>
                    </TextEquiv>
                </Word>
                <Word id="tr_2_tl_32_w7" custom="readingOrder {index:6;}">
                    <Coords points="2911,2405 2911,2465 2937,2465 2937,2405"/>
                    <TextEquiv>
                        <Unicode>in</Unicode>
                    </TextEquiv>
                </Word>
                <Word id="tr_2_tl_32_w8" custom="readingOrder {index:7;}">
                    <Coords points="2975,2407 2975,2467 3061,2467 3061,2407"/>
                    <TextEquiv>
                        <Unicode>ihrem</Unicode>
                    </TextEquiv>
                </Word>
                <TextEquiv>
                    <Unicode>wieder dran denken zu müssen — in ihrem</Unicode>
                </TextEquiv>
            </TextLine>
            <TextLine id="tr_2_tl_33" custom="readingOrder {index:32;}">
                <Coords points="457,2466 1315,2455 1315,2415 1282,2408 457,2419"/>
                <Baseline points="477,2454 519,2454 561,2454 604,2454 646,2454 689,2454 731,2454 773,2452 816,2451 858,2451 901,2451 943,2450 985,2448 1028,2448 1070,2448 1113,2448 1155,2447 1197,2445 1240,2448 1282,2445 1325,2448"/>
                <Word id="tr_2_tl_33_w1" custom="readingOrder {index:0;}">
                    <Coords points="463,2414 463,2474 551,2474 551,2414"/>
                    <TextEquiv>
                        <Unicode>hafte</Unicode>
                    </TextEquiv>
                </Word>
                <Word id="tr_2_tl_33_w2" custom="readingOrder {index:1;}">
                    <Coords points="574,2414 574,2474 740,2474 740,2414"/>
                    <TextEquiv>
                        <Unicode>Weisheit,</Unicode>
                    </TextEquiv>
                </Word>
                <Word id="tr_2_tl_33_w3" custom="readingOrder {index:2;}">
                    <Coords points="763,2411 763,2471 812,2471 812,2411"/>
                    <TextEquiv>
                        <Unicode>das</Unicode>
                    </TextEquiv>
                </Word>
                <Word id="tr_2_tl_33_w4" custom="readingOrder {index:3;}">
                    <Coords points="841,2411 841,2471 879,2471 879,2411"/>
                    <TextEquiv>
                        <Unicode>ist</Unicode>
                    </TextEquiv>
                </Word>
                <Word id="tr_2_tl_33_w5" custom="readingOrder {index:4;}">
                    <Coords points="896,2410 896,2470 923,2470 923,2410"/>
                    <TextEquiv>
                        <Unicode>so</Unicode>
                    </TextEquiv>
                </Word>
                <Word id="tr_2_tl_33_w6" custom="readingOrder {index:5;}">
                    <Coords points="946,2408 946,2468 995,2468 995,2408"/>
                    <TextEquiv>
                        <Unicode>ihr</Unicode>
                    </TextEquiv>
                </Word>
                <Word id="tr_2_tl_33_w7" custom="readingOrder {index:6;}">
                    <Coords points="1018,2408 1018,2468 1162,2468 1162,2408"/>
                    <TextEquiv>
                        <Unicode>Wesen,"</Unicode>
                    </TextEquiv>
                </Word>
                <Word id="tr_2_tl_33_w8" custom="readingOrder {index:7;}">
                    <Coords points="1185,2405 1185,2465 1196,2465 1196,2405"/>
                    <TextEquiv>
                        <Unicode>—</Unicode>
                    </TextEquiv>
                </Word>
                <Word id="tr_2_tl_33_w9" custom="readingOrder {index:8;}">
                    <Coords points="1246,2405 1246,2465 1318,2465 1318,2405"/>
                    <TextEquiv>
                        <Unicode>aber</Unicode>
                    </TextEquiv>
                </Word>
                <TextEquiv>
                    <Unicode>hafte Weisheit, das ist so ihr Wesen," — aber</Unicode>
                </TextEquiv>
            </TextLine>
            <TextLine id="tr_2_tl_34" custom="readingOrder {index:33;}">
                <Coords points="142,2499 179,2503 223,2477 248,2485 259,2477 289,2492 340,2477 431,2481 431,2433 398,2441 270,2433 252,2444 205,2437 168,2452 142,2448"/>
                <Baseline points="164,2477 191,2474 218,2474 246,2472 273,2472 301,2474 328,2472 355,2471 383,2471 410,2471 438,2471"/>
                <Word id="tr_2_tl_34_w1" custom="readingOrder {index:0;}">
                    <Coords points="144,2434 144,2494 235,2494 235,2434"/>
                    <TextEquiv>
                        <Unicode>Ihrer</Unicode>
                    </TextEquiv>
                </Word>
                <Word id="tr_2_tl_34_w2" custom="readingOrder {index:1;}">
                    <Coords points="261,2431 261,2491 427,2491 427,2431"/>
                    <TextEquiv>
                        <Unicode>Heiterkeit</Unicode>
                    </TextEquiv>
                </Word>
                <TextEquiv>
                    <Unicode>Ihrer Heiterkeit</Unicode>
                </TextEquiv>
            </TextLine>
            <TextLine id="tr_2_tl_35" custom="readingOrder {index:34;}">
                <Coords points="2225,2492 3087,2499 3087,2455 2970,2444 2777,2466 2225,2448"/>
                <Baseline points="2245,2483 2287,2486 2330,2486 2372,2489 2415,2487 2458,2488 2500,2489 2543,2487 2586,2488 2628,2489 2671,2489 2714,2489 2756,2489 2799,2489 2842,2489 2884,2489 2927,2489 2970,2489 3012,2489 3055,2489 3098,2489"/>
                <Word id="tr_2_tl_35_w1" custom="readingOrder {index:0;}">
                    <Coords points="2225,2446 2225,2506 2453,2506 2453,2446"/>
                    <TextEquiv>
                        <Unicode>Hotelzimmer</Unicode>
                    </TextEquiv>
                </Word>
                <Word id="tr_2_tl_35_w2" custom="readingOrder {index:1;}">
                    <Coords points="2487,2449 2487,2509 2513,2509 2513,2449"/>
                    <TextEquiv>
                        <Unicode>zu</Unicode>
                    </TextEquiv>
                </Word>
                <Word id="tr_2_tl_35_w3" custom="readingOrder {index:2;}">
                    <Coords points="2552,2448 2552,2508 2660,2508 2660,2448"/>
                    <TextEquiv>
                        <Unicode>Füßen</Unicode>
                    </TextEquiv>
                </Word>
                <Word id="tr_2_tl_35_w4" custom="readingOrder {index:3;}">
                    <Coords points="2704,2449 2704,2509 2753,2509 2753,2449"/>
                    <TextEquiv>
                        <Unicode>des</Unicode>
                    </TextEquiv>
                </Word>
                <Word id="tr_2_tl_35_w5" custom="readingOrder {index:4;}">
                    <Coords points="2786,2449 2786,2509 2927,2509 2927,2449"/>
                    <TextEquiv>
                        <Unicode>Cimone</Unicode>
                    </TextEquiv>
                </Word>
                <Word id="tr_2_tl_35_w6" custom="readingOrder {index:5;}">
                    <Coords points="2960,2449 2960,2509 2987,2509 2987,2449"/>
                    <TextEquiv>
                        <Unicode>in</Unicode>
                    </TextEquiv>
                </Word>
                <Word id="tr_2_tl_35_w7" custom="readingOrder {index:6;}">
                    <Coords points="3031,2449 3031,2509 3084,2509 3084,2449"/>
                    <TextEquiv>
                        <Unicode>der</Unicode>
                    </TextEquiv>
                </Word>
                <TextEquiv>
                    <Unicode>Hotelzimmer zu Füßen des Cimone in der</Unicode>
                </TextEquiv>
            </TextLine>
            <TextLine id="tr_2_tl_36" custom="readingOrder {index:35;}">
                <Coords points="205,2536 687,2492 2200,2496 2200,2455 2079,2444 205,2477"/>
                <Baseline points="226,2513 325,2515 424,2513 523,2498 622,2496 721,2495 820,2495 920,2492 1019,2489 1118,2492 1217,2489 1316,2489 1415,2486 1514,2486 1614,2488 1713,2486 1812,2486 1911,2486 2010,2486 2109,2486 2209,2483"/>
                <Word id="tr_2_tl_36_w1" custom="readingOrder {index:0;}">
                    <Coords points="207,2473 207,2533 270,2533 270,2473"/>
                    <TextEquiv>
                        <Unicode>Zog</Unicode>
                    </TextEquiv>
                </Word>
                <Word id="tr_2_tl_36_w2" custom="readingOrder {index:1;}">
                    <Coords points="297,2474 297,2534 360,2534 360,2474"/>
                    <TextEquiv>
                        <Unicode>mit</Unicode>
                    </TextEquiv>
                </Word>
                <Word id="tr_2_tl_36_w3" custom="readingOrder {index:2;}">
                    <Coords points="386,2473 386,2533 430,2533 430,2473"/>
                    <TextEquiv>
                        <Unicode>der</Unicode>
                    </TextEquiv>
                </Word>
                <Word id="tr_2_tl_36_w4" custom="readingOrder {index:3;}">
                    <Coords points="469,2457 469,2517 667,2517 667,2457"/>
                    <TextEquiv>
                        <Unicode>unerbittlich</Unicode>
                    </TextEquiv>
                </Word>
                <Word id="tr_2_tl_36_w5" custom="readingOrder {index:4;}">
                    <Coords points="699,2455 699,2515 782,2515 782,2455"/>
                    <TextEquiv>
                        <Unicode>pocht</Unicode>
                    </TextEquiv>
                </Word>
                <Word id="tr_2_tl_36_w6" custom="readingOrder {index:5;}">
                    <Coords points="808,2452 808,2512 974,2512 974,2452"/>
                    <TextEquiv>
                        <Unicode>tragisches</Unicode>
                    </TextEquiv>
                </Word>
                <Word id="tr_2_tl_36_w7" custom="readingOrder {index:6;}">
                    <Coords points="1007,2451 1007,2511 1165,2511 1165,2451"/>
                    <TextEquiv>
                        <Unicode>Geschehen</Unicode>
                    </TextEquiv>
                </Word>
                <Word id="tr_2_tl_36_w8" custom="readingOrder {index:7;}">
                    <Coords points="1205,2449 1205,2509 1236,2509 1236,2449"/>
                    <TextEquiv>
                        <Unicode>an</Unicode>
                    </TextEquiv>
                </Word>
                <Word id="tr_2_tl_36_w9" custom="readingOrder {index:8;}">
                    <Coords points="1275,2449 1275,2509 1319,2509 1319,2449"/>
                    <TextEquiv>
                        <Unicode>die</Unicode>
                    </TextEquiv>
                </Word>
                <Word id="tr_2_tl_36_w10" custom="readingOrder {index:9;}">
                    <Coords points="1352,2446 1352,2506 1434,2506 1434,2446"/>
                    <TextEquiv>
                        <Unicode>Buch</Unicode>
                    </TextEquiv>
                </Word>
                <Word id="tr_2_tl_36_w11" custom="readingOrder {index:10;}">
                    <Coords points="1467,2446 1467,2506 1530,2506 1530,2446"/>
                    <TextEquiv>
                        <Unicode>mit</Unicode>
                    </TextEquiv>
                </Word>
                <Word id="tr_2_tl_36_w12" custom="readingOrder {index:11;}">
                    <Coords points="1557,2447 1557,2507 1658,2507 1658,2447"/>
                    <TextEquiv>
                        <Unicode>seiner</Unicode>
                    </TextEquiv>
                </Word>
                <Word id="tr_2_tl_36_w13" custom="readingOrder {index:12;}">
                    <Coords points="1685,2446 1685,2506 1933,2506 1933,2446"/>
                    <TextEquiv>
                        <Unicode>liebenswürdig</Unicode>
                    </TextEquiv>
                </Word>
                <Word id="tr_2_tl_36_w14" custom="readingOrder {index:13;}">
                    <Coords points="1973,2446 1973,2506 2189,2506 2189,2446"/>
                    <TextEquiv>
                        <Unicode>leichtsinnigen</Unicode>
                    </TextEquiv>
                </Word>
                <TextEquiv>
                    <Unicode>Zog mit der unerbittlich pocht tragisches Geschehen an die Buch mit seiner liebenswürdig leichtsinnigen</Unicode>
                </TextEquiv>
            </TextLine>
            <TextLine id="tr_2_tl_37" custom="readingOrder {index:36;}">
                <Coords points="2218,2539 3091,2558 3091,2499 3022,2488 2218,2492"/>
                <Baseline points="2239,2528 2284,2528 2329,2531 2374,2531 2419,2531 2465,2531 2510,2531 2555,2531 2600,2531 2645,2531 2691,2531 2736,2531 2781,2531 2826,2534 2871,2534 2917,2531 2962,2534 3007,2534 3052,2531 3098,2531"/>
                <Word id="tr_2_tl_37_w1" custom="readingOrder {index:0;}">
                    <Coords points="2224,2488 2224,2548 2320,2548 2320,2488"/>
                    <TextEquiv>
                        <Unicode>stillen</Unicode>
                    </TextEquiv>
                </Word>
                <Word id="tr_2_tl_37_w2" custom="readingOrder {index:1;}">
                    <Coords points="2349,2491 2349,2551 2585,2551 2585,2491"/>
                    <TextEquiv>
                        <Unicode>Sternennacht</Unicode>
                    </TextEquiv>
                </Word>
                <Word id="tr_2_tl_37_w3" custom="readingOrder {index:2;}">
                    <Coords points="2609,2491 2609,2551 2659,2551 2659,2491"/>
                    <TextEquiv>
                        <Unicode>das</Unicode>
                    </TextEquiv>
                </Word>
                <Word id="tr_2_tl_37_w4" custom="readingOrder {index:3;}">
                    <Coords points="2688,2491 2688,2551 2766,2551 2766,2491"/>
                    <TextEquiv>
                        <Unicode>Glas</Unicode>
                    </TextEquiv>
                </Word>
                <Word id="tr_2_tl_37_w5" custom="readingOrder {index:4;}">
                    <Coords points="2795,2493 2795,2553 2851,2553 2851,2493"/>
                    <TextEquiv>
                        <Unicode>mit</Unicode>
                    </TextEquiv>
                </Word>
                <Word id="tr_2_tl_37_w6" custom="readingOrder {index:5;}">
                    <Coords points="2874,2493 2874,2553 3021,2553 3021,2493"/>
                    <TextEquiv>
                        <Unicode>Veronal</Unicode>
                    </TextEquiv>
                </Word>
                <Word id="tr_2_tl_37_w7" custom="readingOrder {index:6;}">
                    <Coords points="3044,2491 3044,2551 3072,2551 3072,2491"/>
                    <TextEquiv>
                        <Unicode>zu</Unicode>
                    </TextEquiv>
                </Word>
                <TextEquiv>
                    <Unicode>stillen Sternennacht das Glas mit Veronal zu</Unicode>
                </TextEquiv>
            </TextLine>
            <TextLine id="tr_2_tl_38" custom="readingOrder {index:37;}">
                <Coords points="150,2572 2075,2547 2192,2539 2196,2488 281,2532 153,2499"/>
                <Baseline points="170,2558 271,2561 373,2555 474,2539 576,2540 677,2538 779,2538 880,2537 982,2537 1083,2537 1185,2535 1286,2534 1388,2530 1489,2531 1591,2529 1692,2531 1794,2531 1895,2531 1997,2531 2098,2529 2200,2528"/>
                <Word id="tr_2_tl_38_w1" custom="readingOrder {index:0;}">
                    <Coords points="159,2518 159,2578 197,2578 197,2518"/>
                    <TextEquiv>
                        <Unicode>er</Unicode>
                    </TextEquiv>
                </Word>
                <Word id="tr_2_tl_38_w2" custom="readingOrder {index:1;}">
                    <Coords points="218,2520 218,2580 314,2580 314,2520"/>
                    <TextEquiv>
                        <Unicode>feinen</Unicode>
                    </TextEquiv>
                </Word>
                <Word id="tr_2_tl_38_w3" custom="readingOrder {index:2;}">
                    <Coords points="335,2513 335,2573 431,2573 431,2513"/>
                    <TextEquiv>
                        <Unicode>Feder</Unicode>
                    </TextEquiv>
                </Word>
                <Word id="tr_2_tl_38_w4" custom="readingOrder {index:3;}">
                    <Coords points="471,2499 471,2559 535,2559 535,2499"/>
                    <TextEquiv>
                        <Unicode>Tür</Unicode>
                    </TextEquiv>
                </Word>
                <Word id="tr_2_tl_38_w5" custom="readingOrder {index:4;}">
                    <Coords points="570,2499 570,2559 621,2559 621,2499"/>
                    <TextEquiv>
                        <Unicode>der</Unicode>
                    </TextEquiv>
                </Word>
                <Word id="tr_2_tl_38_w6" custom="readingOrder {index:5;}">
                    <Coords points="654,2498 654,2558 764,2558 764,2498"/>
                    <TextEquiv>
                        <Unicode>kleinen</Unicode>
                    </TextEquiv>
                </Word>
                <Word id="tr_2_tl_38_w7" custom="readingOrder {index:6;}">
                    <Coords points="797,2497 797,2557 966,2557 966,2497"/>
                    <TextEquiv>
                        <Unicode>Wohnung</Unicode>
                    </TextEquiv>
                </Word>
                <Word id="tr_2_tl_38_w8" custom="readingOrder {index:7;}">
                    <Coords points="1000,2497 1000,2557 1057,2557 1057,2497"/>
                    <TextEquiv>
                        <Unicode>mit</Unicode>
                    </TextEquiv>
                </Word>
                <Word id="tr_2_tl_38_w9" custom="readingOrder {index:8;}">
                    <Coords points="1084,2496 1084,2556 1136,2556 1136,2496"/>
                    <TextEquiv>
                        <Unicode>der</Unicode>
                    </TextEquiv>
                </Word>
                <Word id="tr_2_tl_38_w10" custom="readingOrder {index:9;}">
                    <Coords points="1162,2494 1162,2554 1318,2554 1318,2494"/>
                    <TextEquiv>
                        <Unicode>grünum=</Unicode>
                    </TextEquiv>
                </Word>
                <Word id="tr_2_tl_38_w11" custom="readingOrder {index:10;}">
                    <Coords points="1351,2490 1351,2550 1579,2550 1579,2490"/>
                    <TextEquiv>
                        <Unicode>Melancholie,</Unicode>
                    </TextEquiv>
                </Word>
                <Word id="tr_2_tl_38_w12" custom="readingOrder {index:11;}">
                    <Coords points="1599,2490 1599,2550 1709,2550 1709,2490"/>
                    <TextEquiv>
                        <Unicode>ersteht</Unicode>
                    </TextEquiv>
                </Word>
                <Word id="tr_2_tl_38_w13" custom="readingOrder {index:12;}">
                    <Coords points="1729,2491 1729,2551 1820,2551 1820,2491"/>
                    <TextEquiv>
                        <Unicode>Wien</Unicode>
                    </TextEquiv>
                </Word>
                <Word id="tr_2_tl_38_w14" custom="readingOrder {index:13;}">
                    <Coords points="1853,2491 1853,2551 1879,2551 1879,2491"/>
                    <TextEquiv>
                        <Unicode>in</Unicode>
                    </TextEquiv>
                </Word>
                <Word id="tr_2_tl_38_w15" custom="readingOrder {index:14;}">
                    <Coords points="1905,2490 1905,2550 2093,2550 2093,2490"/>
                    <TextEquiv>
                        <Unicode>wolkenhaft</Unicode>
                    </TextEquiv>
                </Word>
                <Word id="tr_2_tl_38_w16" custom="readingOrder {index:15;}">
                    <Coords points="2114,2488 2114,2548 2197,2548 2197,2488"/>
                    <TextEquiv>
                        <Unicode>leich¬</Unicode>
                    </TextEquiv>
                </Word>
                <TextEquiv>
                    <Unicode>er feinen Feder Tür der kleinen Wohnung mit der grünum= Melancholie, ersteht Wien in wolkenhaft leich¬</Unicode>
                </TextEquiv>
            </TextLine>
            <TextLine id="tr_2_tl_39" custom="readingOrder {index:38;}">
                <Coords points="2218,2612 2276,2583 2433,2576 2477,2594 2916,2587 2916,2539 2868,2528 2649,2550 2218,2536"/>
                <Baseline points="2239,2570 2273,2570 2307,2572 2341,2573 2376,2573 2410,2573 2444,2575 2479,2576 2513,2576 2547,2576 2582,2576 2616,2576 2650,2576 2684,2576 2719,2576 2753,2576 2787,2576 2822,2576 2856,2576 2890,2576 2925,2579"/>
                <Word id="tr_2_tl_39_w1" custom="readingOrder {index:0;}">
                    <Coords points="2226,2530 2226,2590 2321,2590 2321,2530"/>
                    <TextEquiv>
                        <Unicode>leeren</Unicode>
                    </TextEquiv>
                </Word>
                <Word id="tr_2_tl_39_w2" custom="readingOrder {index:1;}">
                    <Coords points="2358,2533 2358,2593 2412,2593 2412,2533"/>
                    <TextEquiv>
                        <Unicode>und</Unicode>
                    </TextEquiv>
                </Word>
                <Word id="tr_2_tl_39_w3" custom="readingOrder {index:2;}">
                    <Coords points="2443,2535 2443,2595 2466,2595 2466,2535"/>
                    <TextEquiv>
                        <Unicode>in</Unicode>
                    </TextEquiv>
                </Word>
                <Word id="tr_2_tl_39_w4" custom="readingOrder {index:3;}">
                    <Coords points="2497,2536 2497,2596 2545,2596 2545,2536"/>
                    <TextEquiv>
                        <Unicode>den</Unicode>
                    </TextEquiv>
                </Word>
                <Word id="tr_2_tl_39_w5" custom="readingOrder {index:4;}">
                    <Coords points="2576,2536 2576,2596 2635,2596 2635,2536"/>
                    <TextEquiv>
                        <Unicode>Tod</Unicode>
                    </TextEquiv>
                </Word>
                <Word id="tr_2_tl_39_w6" custom="readingOrder {index:5;}">
                    <Coords points="2660,2536 2660,2596 2919,2596 2919,2536"/>
                    <TextEquiv>
                        <Unicode>hinüberschläft.</Unicode>
                    </TextEquiv>
                </Word>
                <TextEquiv>
                    <Unicode>leeren und in den Tod hinüberschläft.</Unicode>
                </TextEquiv>
            </TextLine>
            <TextLine id="tr_2_tl_40" custom="readingOrder {index:39;}">
                <Coords points="468,2591 2192,2583 2192,2539 2130,2536 468,2547"/>
                <Baseline points="486,2588 571,2585 657,2582 743,2582 828,2582 914,2582 1000,2579 1085,2576 1171,2579 1257,2579 1343,2574 1428,2573 1514,2573 1600,2574 1685,2574 1771,2573 1857,2576 1942,2575 2028,2573 2114,2576 2200,2570"/>
                <Word id="tr_2_tl_40_w1" custom="readingOrder {index:0;}">
                    <Coords points="463,2545 463,2605 631,2605 631,2545"/>
                    <TextEquiv>
                        <Unicode>sponnenen</Unicode>
                    </TextEquiv>
                </Word>
                <Word id="tr_2_tl_40_w2" custom="readingOrder {index:1;}">
                    <Coords points="680,2542 680,2602 849,2602 849,2542"/>
                    <TextEquiv>
                        <Unicode>Veranda,</Unicode>
                    </TextEquiv>
                </Word>
                <Word id="tr_2_tl_40_w3" custom="readingOrder {index:2;}">
                    <Coords points="887,2541 887,2601 944,2601 944,2541"/>
                    <TextEquiv>
                        <Unicode>von</Unicode>
                    </TextEquiv>
                </Word>
                <Word id="tr_2_tl_40_w4" custom="readingOrder {index:3;}">
                    <Coords points="992,2538 992,2598 1045,2598 1045,2538"/>
                    <TextEquiv>
                        <Unicode>der</Unicode>
                    </TextEquiv>
                </Word>
                <Word id="tr_2_tl_40_w5" custom="readingOrder {index:4;}">
                    <Coords points="1088,2537 1088,2597 1151,2597 1151,2537"/>
                    <TextEquiv>
                        <Unicode>nur</Unicode>
                    </TextEquiv>
                </Word>
                <Word id="tr_2_tl_40_w6" custom="readingOrder {index:5;}">
                    <Coords points="1194,2539 1194,2599 1315,2599 1315,2539"/>
                    <TextEquiv>
                        <Unicode>wenige</Unicode>
                    </TextEquiv>
                </Word>
                <Word id="tr_2_tl_40_w7" custom="readingOrder {index:6;}">
                    <Coords points="1348,2533 1348,2593 1390,2593 1390,2533"/>
                    <TextEquiv>
                        <Unicode>ten</Unicode>
                    </TextEquiv>
                </Word>
                <Word id="tr_2_tl_40_w8" custom="readingOrder {index:7;}">
                    <Coords points="1427,2533 1427,2593 1708,2593 1708,2533"/>
                    <TextEquiv>
                        <Unicode>Aquarellfarben,</Unicode>
                    </TextEquiv>
                </Word>
                <Word id="tr_2_tl_40_w9" custom="readingOrder {index:8;}">
                    <Coords points="1735,2533 1735,2593 1787,2593 1787,2533"/>
                    <TextEquiv>
                        <Unicode>wie</Unicode>
                    </TextEquiv>
                </Word>
                <Word id="tr_2_tl_40_w10" custom="readingOrder {index:9;}">
                    <Coords points="1819,2535 1819,2595 1845,2595 1845,2535"/>
                    <TextEquiv>
                        <Unicode>es</Unicode>
                    </TextEquiv>
                </Word>
                <Word id="tr_2_tl_40_w11" custom="readingOrder {index:10;}">
                    <Coords points="1878,2535 1878,2595 1930,2595 1930,2535"/>
                    <TextEquiv>
                        <Unicode>zur</Unicode>
                    </TextEquiv>
                </Word>
                <Word id="tr_2_tl_40_w12" custom="readingOrder {index:11;}">
                    <Coords points="1963,2534 1963,2594 2195,2594 2195,2534"/>
                    <TextEquiv>
                        <Unicode>Jahrhundert¬</Unicode>
                    </TextEquiv>
                </Word>
                <TextEquiv>
                    <Unicode>sponnenen Veranda, von der nur wenige ten Aquarellfarben, wie es zur Jahrhundert¬</Unicode>
                </TextEquiv>
            </TextLine>
            <TextLine id="tr_2_tl_41" custom="readingOrder {index:40;}">
                <Coords points="146,2612 172,2620 270,2612 292,2627 314,2609 435,2612 435,2569 420,2565 347,2576 329,2561 311,2572 281,2561 230,2580 205,2569 146,2580"/>
                <Baseline points="167,2606 192,2606 217,2606 242,2605 267,2603 292,2603 318,2602 343,2601 368,2600 393,2600 418,2600 444,2600"/>
                <Word id="tr_2_tl_41_w1" custom="readingOrder {index:0;}">
                    <Coords points="147,2566 147,2626 191,2626 191,2566"/>
                    <TextEquiv>
                        <Unicode>ges</Unicode>
                    </TextEquiv>
                </Word>
                <Word id="tr_2_tl_41_w2" custom="readingOrder {index:1;}">
                    <Coords points="232,2561 232,2621 432,2621 432,2561"/>
                    <TextEquiv>
                        <Unicode>gesteigerten</Unicode>
                    </TextEquiv>
                </Word>
                <TextEquiv>
                    <Unicode>ges gesteigerten</Unicode>
                </TextEquiv>
            </TextLine>
            <TextLine id="tr_2_tl_42" custom="readingOrder {index:41;}">
                <Coords points="468,2638 2057,2638 2189,2627 2192,2583 471,2591"/>
                <Baseline points="486,2621 571,2627 657,2624 743,2627 829,2623 915,2624 1001,2623 1086,2621 1172,2621 1258,2621 1344,2617 1430,2616 1516,2617 1602,2618 1687,2616 1773,2618 1859,2618 1945,2617 2031,2615 2117,2618 2203,2615"/>
                <Word id="tr_2_tl_42_w1" custom="readingOrder {index:0;}">
                    <Coords points="468,2583 468,2643 583,2643 583,2583"/>
                    <TextEquiv>
                        <Unicode>Stufen</Unicode>
                    </TextEquiv>
                </Word>
                <Word id="tr_2_tl_42_w2" custom="readingOrder {index:1;}">
                    <Coords points="626,2584 626,2644 657,2644 657,2584"/>
                    <TextEquiv>
                        <Unicode>in</Unicode>
                    </TextEquiv>
                </Word>
                <Word id="tr_2_tl_42_w3" custom="readingOrder {index:2;}">
                    <Coords points="699,2586 699,2646 751,2646 751,2586"/>
                    <TextEquiv>
                        <Unicode>den</Unicode>
                    </TextEquiv>
                </Word>
                <Word id="tr_2_tl_42_w4" custom="readingOrder {index:3;}">
                    <Coords points="794,2583 794,2643 983,2643 983,2583"/>
                    <TextEquiv>
                        <Unicode>mondhellen</Unicode>
                    </TextEquiv>
                </Word>
                <Word id="tr_2_tl_42_w5" custom="readingOrder {index:4;}">
                    <Coords points="1031,2581 1031,2641 1146,2641 1146,2581"/>
                    <TextEquiv>
                        <Unicode>Garten</Unicode>
                    </TextEquiv>
                </Word>
                <Word id="tr_2_tl_42_w6" custom="readingOrder {index:5;}">
                    <Coords points="1195,2581 1195,2641 1321,2641 1321,2581"/>
                    <TextEquiv>
                        <Unicode>führen,</Unicode>
                    </TextEquiv>
                </Word>
                <Word id="tr_2_tl_42_w7" custom="readingOrder {index:6;}">
                    <Coords points="1353,2576 1353,2636 1457,2636 1457,2576"/>
                    <TextEquiv>
                        <Unicode>wende</Unicode>
                    </TextEquiv>
                </Word>
                <Word id="tr_2_tl_42_w8" custom="readingOrder {index:7;}">
                    <Coords points="1490,2577 1490,2637 1574,2637 1574,2577"/>
                    <TextEquiv>
                        <Unicode>war,</Unicode>
                    </TextEquiv>
                </Word>
                <Word id="tr_2_tl_42_w9" custom="readingOrder {index:8;}">
                    <Coords points="1595,2577 1595,2637 1647,2637 1647,2577"/>
                    <TextEquiv>
                        <Unicode>der</Unicode>
                    </TextEquiv>
                </Word>
                <Word id="tr_2_tl_42_w10" custom="readingOrder {index:9;}">
                    <Coords points="1674,2577 1674,2637 1805,2637 1805,2577"/>
                    <TextEquiv>
                        <Unicode>Wiener</Unicode>
                    </TextEquiv>
                </Word>
                <Word id="tr_2_tl_42_w11" custom="readingOrder {index:10;}">
                    <Coords points="1837,2577 1837,2637 1964,2637 1964,2577"/>
                    <TextEquiv>
                        <Unicode>Salon,</Unicode>
                    </TextEquiv>
                </Word>
                <Word id="tr_2_tl_42_w12" custom="readingOrder {index:11;}">
                    <Coords points="1985,2575 1985,2635 2011,2635 2011,2575"/>
                    <TextEquiv>
                        <Unicode>in</Unicode>
                    </TextEquiv>
                </Word>
                <Word id="tr_2_tl_42_w13" custom="readingOrder {index:12;}">
                    <Coords points="2048,2576 2048,2636 2100,2636 2100,2576"/>
                    <TextEquiv>
                        <Unicode>der</Unicode>
                    </TextEquiv>
                </Word>
                <Word id="tr_2_tl_42_w14" custom="readingOrder {index:13;}">
                    <Coords points="2127,2576 2127,2636 2195,2636 2195,2576"/>
                    <TextEquiv>
                        <Unicode>vor¬</Unicode>
                    </TextEquiv>
                </Word>
                <TextEquiv>
                    <Unicode>Stufen in den mondhellen Garten führen, wende war, der Wiener Salon, in der vor¬</Unicode>
                </TextEquiv>
            </TextLine>
            <TextLine id="tr_2_tl_43" custom="readingOrder {index:42;}">
                <Coords points="2254,2634 3076,2631 3076,2583 3025,2572 2996,2598 2960,2565 2740,2598 2254,2583"/>
                <Baseline points="2274,2624 2314,2624 2355,2626 2395,2627 2436,2627 2476,2626 2517,2624 2557,2625 2598,2627 2638,2627 2679,2627 2719,2627 2760,2627 2800,2627 2841,2627 2881,2627 2922,2627 2962,2627 3003,2627 3043,2627 3084,2627"/>
                <Word id="tr_2_tl_43_w1" custom="readingOrder {index:0;}">
                    <Coords points="2260,2584 2260,2644 2365,2644 2365,2584"/>
                    <TextEquiv>
                        <Unicode>Dame</Unicode>
                    </TextEquiv>
                </Word>
                <Word id="tr_2_tl_43_w2" custom="readingOrder {index:1;}">
                    <Coords points="2393,2587 2393,2647 2466,2647 2466,2587"/>
                    <TextEquiv>
                        <Unicode>oder</Unicode>
                    </TextEquiv>
                </Word>
                <Word id="tr_2_tl_43_w3" custom="readingOrder {index:2;}">
                    <Coords points="2489,2584 2489,2644 2577,2644 2577,2584"/>
                    <TextEquiv>
                        <Unicode>süßes</Unicode>
                    </TextEquiv>
                </Word>
                <Word id="tr_2_tl_43_w4" custom="readingOrder {index:3;}">
                    <Coords points="2606,2587 2606,2647 2733,2647 2733,2587"/>
                    <TextEquiv>
                        <Unicode>Mädel.</Unicode>
                    </TextEquiv>
                </Word>
                <Word id="tr_2_tl_43_w5" custom="readingOrder {index:4;}">
                    <Coords points="2751,2587 2751,2647 2979,2647 2979,2587"/>
                    <TextEquiv>
                        <Unicode>Wienerinnen</Unicode>
                    </TextEquiv>
                </Word>
                <Word id="tr_2_tl_43_w6" custom="readingOrder {index:5;}">
                    <Coords points="3013,2587 3013,2647 3073,2647 3073,2587"/>
                    <TextEquiv>
                        <Unicode>sind</Unicode>
                    </TextEquiv>
                </Word>
                <TextEquiv>
                    <Unicode>Dame oder süßes Mädel. Wienerinnen sind</Unicode>
                </TextEquiv>
            </TextLine>
            <TextLine id="tr_2_tl_44" custom="readingOrder {index:43;}">
                <Coords points="161,2660 190,2671 216,2664 248,2686 274,2667 311,2682 343,2671 431,2678 431,2612 343,2605 292,2623 219,2609 161,2616"/>
                <Baseline points="182,2654 207,2652 233,2650 258,2648 284,2648 310,2648 335,2646 361,2645 386,2645 412,2645 438,2645"/>
                <Word id="tr_2_tl_44_w1" custom="readingOrder {index:0;}">
                    <Coords points="170,2610 170,2670 272,2670 272,2610"/>
                    <TextEquiv>
                        <Unicode>ganze</Unicode>
                    </TextEquiv>
                </Word>
                <Word id="tr_2_tl_44_w2" custom="readingOrder {index:1;}">
                    <Coords points="305,2605 305,2665 420,2665 420,2605"/>
                    <TextEquiv>
                        <Unicode>schwer</Unicode>
                    </TextEquiv>
                </Word>
                <TextEquiv>
                    <Unicode>ganze schwer</Unicode>
                </TextEquiv>
            </TextLine>
            <TextLine id="tr_2_tl_45" custom="readingOrder {index:44;}">
                <Coords points="457,2675 2192,2667 2192,2623 2112,2612 457,2634"/>
                <Baseline points="477,2669 563,2672 649,2669 735,2669 821,2669 907,2667 993,2666 1080,2664 1166,2664 1252,2664 1338,2662 1424,2660 1510,2660 1596,2660 1683,2660 1769,2660 1855,2660 1941,2660 2027,2660 2113,2660 2200,2660"/>
                <Word id="tr_2_tl_45_w1" custom="readingOrder {index:0;}">
                    <Coords points="468,2630 468,2690 551,2690 551,2630"/>
                    <TextEquiv>
                        <Unicode>Über</Unicode>
                    </TextEquiv>
                </Word>
                <Word id="tr_2_tl_45_w2" custom="readingOrder {index:1;}">
                    <Coords points="573,2630 573,2690 651,2690 651,2630"/>
                    <TextEquiv>
                        <Unicode>diese</Unicode>
                    </TextEquiv>
                </Word>
                <Word id="tr_2_tl_45_w3" custom="readingOrder {index:2;}">
                    <Coords points="673,2629 673,2689 804,2689 804,2629"/>
                    <TextEquiv>
                        <Unicode>schreitet</Unicode>
                    </TextEquiv>
                </Word>
                <Word id="tr_2_tl_45_w4" custom="readingOrder {index:3;}">
                    <Coords points="825,2628 825,2688 883,2688 883,2628"/>
                    <TextEquiv>
                        <Unicode>nun</Unicode>
                    </TextEquiv>
                </Word>
                <Word id="tr_2_tl_45_w5" custom="readingOrder {index:4;}">
                    <Coords points="916,2626 916,2686 967,2686 967,2626"/>
                    <TextEquiv>
                        <Unicode>das</Unicode>
                    </TextEquiv>
                </Word>
                <Word id="tr_2_tl_45_w6" custom="readingOrder {index:5;}">
                    <Coords points="994,2624 994,2684 1083,2684 1083,2624"/>
                    <TextEquiv>
                        <Unicode>wilde</Unicode>
                    </TextEquiv>
                </Word>
                <Word id="tr_2_tl_45_w7" custom="readingOrder {index:6;}">
                    <Coords points="1105,2624 1105,2684 1220,2684 1220,2624"/>
                    <TextEquiv>
                        <Unicode>Leben,</Unicode>
                    </TextEquiv>
                </Word>
                <Word id="tr_2_tl_45_w8" custom="readingOrder {index:7;}">
                    <Coords points="1242,2623 1242,2683 1320,2683 1320,2623"/>
                    <TextEquiv>
                        <Unicode>reißt</Unicode>
                    </TextEquiv>
                </Word>
                <Word id="tr_2_tl_45_w9" custom="readingOrder {index:8;}">
                    <Coords points="1353,2620 1353,2680 1479,2680 1479,2620"/>
                    <TextEquiv>
                        <Unicode>nehmen</Unicode>
                    </TextEquiv>
                </Word>
                <Word id="tr_2_tl_45_w10" custom="readingOrder {index:9;}">
                    <Coords points="1521,2620 1521,2680 1647,2680 1647,2620"/>
                    <TextEquiv>
                        <Unicode>inneren</Unicode>
                    </TextEquiv>
                </Word>
                <Word id="tr_2_tl_45_w11" custom="readingOrder {index:10;}">
                    <Coords points="1690,2620 1690,2680 1806,2680 1806,2620"/>
                    <TextEquiv>
                        <Unicode>Stadt,</Unicode>
                    </TextEquiv>
                </Word>
                <Word id="tr_2_tl_45_w12" custom="readingOrder {index:11;}">
                    <Coords points="1838,2620 1838,2680 1884,2680 1884,2620"/>
                    <TextEquiv>
                        <Unicode>die</Unicode>
                    </TextEquiv>
                </Word>
                <Word id="tr_2_tl_45_w13" custom="readingOrder {index:12;}">
                    <Coords points="1917,2620 1917,2680 2032,2680 2032,2620"/>
                    <TextEquiv>
                        <Unicode>kleinen</Unicode>
                    </TextEquiv>
                </Word>
                <Word id="tr_2_tl_45_w14" custom="readingOrder {index:13;}">
                    <Coords points="2075,2620 2075,2680 2195,2680 2195,2620"/>
                    <TextEquiv>
                        <Unicode>Giebel¬</Unicode>
                    </TextEquiv>
                </Word>
                <TextEquiv>
                    <Unicode>Über diese schreitet nun das wilde Leben, reißt nehmen inneren Stadt, die kleinen Giebel¬</Unicode>
                </TextEquiv>
            </TextLine>
            <TextLine id="tr_2_tl_46" custom="readingOrder {index:45;}">
                <Coords points="2218,2682 3080,2682 3080,2631 2287,2645 2218,2609"/>
                <Baseline points="2239,2669 2281,2669 2324,2672 2366,2669 2409,2669 2451,2669 2494,2669 2536,2671 2579,2670 2621,2669 2664,2669 2706,2669 2749,2669 2791,2670 2834,2673 2876,2674 2919,2672 2961,2672 3004,2672 3046,2672 3089,2672"/>
                <Word id="tr_2_tl_46_w1" custom="readingOrder {index:0;}">
                    <Coords points="2225,2629 2225,2689 2265,2689 2265,2629"/>
                    <TextEquiv>
                        <Unicode>sie</Unicode>
                    </TextEquiv>
                </Word>
                <Word id="tr_2_tl_46_w2" custom="readingOrder {index:1;}">
                    <Coords points="2294,2631 2294,2691 2369,2691 2369,2631"/>
                    <TextEquiv>
                        <Unicode>alle,</Unicode>
                    </TextEquiv>
                </Word>
                <Word id="tr_2_tl_46_w3" custom="readingOrder {index:2;}">
                    <Coords points="2399,2629 2399,2689 2427,2689 2427,2629"/>
                    <TextEquiv>
                        <Unicode>im</Unicode>
                    </TextEquiv>
                </Word>
                <Word id="tr_2_tl_46_w4" custom="readingOrder {index:3;}">
                    <Coords points="2468,2629 2468,2689 2561,2689 2561,2629"/>
                    <TextEquiv>
                        <Unicode>Leben</Unicode>
                    </TextEquiv>
                </Word>
                <Word id="tr_2_tl_46_w5" custom="readingOrder {index:4;}">
                    <Coords points="2596,2629 2596,2689 2653,2689 2653,2629"/>
                    <TextEquiv>
                        <Unicode>und</Unicode>
                    </TextEquiv>
                </Word>
                <Word id="tr_2_tl_46_w6" custom="readingOrder {index:5;}">
                    <Coords points="2683,2629 2683,2689 2845,2689 2845,2629"/>
                    <TextEquiv>
                        <Unicode>Sterben,</Unicode>
                    </TextEquiv>
                </Word>
                <Word id="tr_2_tl_46_w7" custom="readingOrder {index:6;}">
                    <Coords points="2868,2632 2868,2692 2949,2692 2949,2632"/>
                    <TextEquiv>
                        <Unicode>ganz</Unicode>
                    </TextEquiv>
                </Word>
                <Word id="tr_2_tl_46_w8" custom="readingOrder {index:7;}">
                    <Coords points="2973,2632 2973,2692 3071,2692 3071,2632"/>
                    <TextEquiv>
                        <Unicode>erfüll</Unicode>
                    </TextEquiv>
                </Word>
                <TextEquiv>
                    <Unicode>sie alle, im Leben und Sterben, ganz erfüll</Unicode>
                </TextEquiv>
            </TextLine>
            <TextLine id="tr_2_tl_47" custom="readingOrder {index:46;}">
                <Coords points="464,2722 2185,2715 2185,2671 2072,2664 464,2678"/>
                <Baseline points="483,2713 568,2710 654,2710 739,2710 825,2707 910,2709 996,2710 1081,2708 1167,2707 1252,2706 1338,2704 1424,2704 1509,2704 1595,2704 1680,2704 1766,2704 1851,2704 1937,2704 2022,2704 2108,2704 2194,2704"/>
                <Word id="tr_2_tl_47_w1" custom="readingOrder {index:0;}">
                    <Coords points="470,2672 470,2732 523,2732 523,2672"/>
                    <TextEquiv>
                        <Unicode>das</Unicode>
                    </TextEquiv>
                </Word>
                <Word id="tr_2_tl_47_w2" custom="readingOrder {index:1;}">
                    <Coords points="556,2670 556,2730 625,2730 625,2670"/>
                    <TextEquiv>
                        <Unicode>süße</Unicode>
                    </TextEquiv>
                </Word>
                <Word id="tr_2_tl_47_w3" custom="readingOrder {index:2;}">
                    <Coords points="658,2670 658,2730 772,2730 772,2670"/>
                    <TextEquiv>
                        <Unicode>Mädel</Unicode>
                    </TextEquiv>
                </Word>
                <Word id="tr_2_tl_47_w4" custom="readingOrder {index:3;}">
                    <Coords points="799,2667 799,2727 826,2727 826,2667"/>
                    <TextEquiv>
                        <Unicode>in</Unicode>
                    </TextEquiv>
                </Word>
                <Word id="tr_2_tl_47_w5" custom="readingOrder {index:4;}">
                    <Coords points="864,2668 864,2728 939,2728 939,2668"/>
                    <TextEquiv>
                        <Unicode>seine</Unicode>
                    </TextEquiv>
                </Word>
                <Word id="tr_2_tl_47_w6" custom="readingOrder {index:5;}">
                    <Coords points="972,2669 972,2729 1085,2729 1085,2669"/>
                    <TextEquiv>
                        <Unicode>Arme,</Unicode>
                    </TextEquiv>
                </Word>
                <Word id="tr_2_tl_47_w7" custom="readingOrder {index:6;}">
                    <Coords points="1107,2667 1107,2727 1177,2727 1177,2667"/>
                    <TextEquiv>
                        <Unicode>gibt</Unicode>
                    </TextEquiv>
                </Word>
                <Word id="tr_2_tl_47_w8" custom="readingOrder {index:7;}">
                    <Coords points="1205,2666 1205,2726 1237,2726 1237,2666"/>
                    <TextEquiv>
                        <Unicode>sie</Unicode>
                    </TextEquiv>
                </Word>
                <Word id="tr_2_tl_47_w9" custom="readingOrder {index:8;}">
                    <Coords points="1270,2665 1270,2725 1318,2725 1318,2665"/>
                    <TextEquiv>
                        <Unicode>der</Unicode>
                    </TextEquiv>
                </Word>
                <Word id="tr_2_tl_47_w10" custom="readingOrder {index:9;}">
                    <Coords points="1351,2664 1351,2724 1458,2724 1458,2664"/>
                    <TextEquiv>
                        <Unicode>häuser</Unicode>
                    </TextEquiv>
                </Word>
                <Word id="tr_2_tl_47_w11" custom="readingOrder {index:10;}">
                    <Coords points="1481,2664 1481,2724 1534,2724 1534,2664"/>
                    <TextEquiv>
                        <Unicode>von</Unicode>
                    </TextEquiv>
                </Word>
                <Word id="tr_2_tl_47_w12" custom="readingOrder {index:11;}">
                    <Coords points="1567,2664 1567,2724 1777,2724 1777,2664"/>
                    <TextEquiv>
                        <Unicode>Neuwaldegg</Unicode>
                    </TextEquiv>
                </Word>
                <Word id="tr_2_tl_47_w13" custom="readingOrder {index:12;}">
                    <Coords points="1805,2664 1805,2724 1864,2724 1864,2664"/>
                    <TextEquiv>
                        <Unicode>mit</Unicode>
                    </TextEquiv>
                </Word>
                <Word id="tr_2_tl_47_w14" custom="readingOrder {index:13;}">
                    <Coords points="1886,2664 1886,2724 1967,2724 1967,2664"/>
                    <TextEquiv>
                        <Unicode>ihren</Unicode>
                    </TextEquiv>
                </Word>
                <Word id="tr_2_tl_47_w15" custom="readingOrder {index:14;}">
                    <Coords points="1994,2664 1994,2724 2107,2724 2107,2664"/>
                    <TextEquiv>
                        <Unicode>Gärten</Unicode>
                    </TextEquiv>
                </Word>
                <Word id="tr_2_tl_47_w16" custom="readingOrder {index:15;}">
                    <Coords points="2140,2664 2140,2724 2172,2724 2172,2664"/>
                    <TextEquiv>
                        <Unicode>un</Unicode>
                    </TextEquiv>
                </Word>
                <TextEquiv>
                    <Unicode>das süße Mädel in seine Arme, gibt sie der häuser von Neuwaldegg mit ihren Gärten un</Unicode>
                </TextEquiv>
            </TextLine>
            <TextLine id="tr_2_tl_48" custom="readingOrder {index:47;}">
                <Coords points="2214,2718 3076,2722 3076,2682 3007,2675 2214,2682"/>
                <Baseline points="2233,2710 2275,2713 2318,2710 2360,2710 2403,2710 2445,2710 2488,2712 2530,2711 2573,2710 2615,2712 2658,2712 2701,2711 2743,2713 2786,2713 2828,2713 2871,2714 2913,2715 2956,2713 2998,2713 3041,2713 3084,2713"/>
                <Word id="tr_2_tl_48_w1" custom="readingOrder {index:0;}">
                    <Coords points="2220,2671 2220,2731 2278,2731 2278,2671"/>
                    <TextEquiv>
                        <Unicode>vom</Unicode>
                    </TextEquiv>
                </Word>
                <Word id="tr_2_tl_48_w2" custom="readingOrder {index:1;}">
                    <Coords points="2317,2670 2317,2730 2538,2730 2538,2670"/>
                    <TextEquiv>
                        <Unicode>schöpferischen</Unicode>
                    </TextEquiv>
                </Word>
                <Word id="tr_2_tl_48_w3" custom="readingOrder {index:2;}">
                    <Coords points="2560,2671 2560,2731 2657,2731 2657,2671"/>
                    <TextEquiv>
                        <Unicode>Hauch</Unicode>
                    </TextEquiv>
                </Word>
                <Word id="tr_2_tl_48_w4" custom="readingOrder {index:3;}">
                    <Coords points="2685,2672 2685,2732 2771,2732 2771,2672"/>
                    <TextEquiv>
                        <Unicode>dieses</Unicode>
                    </TextEquiv>
                </Word>
                <Word id="tr_2_tl_48_w5" custom="readingOrder {index:4;}">
                    <Coords points="2793,2674 2793,2734 3063,2734 3063,2674"/>
                    <TextEquiv>
                        <Unicode>repräsentativen</Unicode>
                    </TextEquiv>
                </Word>
                <TextEquiv>
                    <Unicode>vom schöpferischen Hauch dieses repräsentativen</Unicode>
                </TextEquiv>
            </TextLine>
            <TextLine id="tr_2_tl_49" custom="readingOrder {index:48;}">
                <Coords points="142,2759 212,2729 241,2744 365,2733 384,2744 442,2740 442,2686 417,2678 362,2667 292,2689 267,2675 245,2686 230,2675 205,2682 186,2664 172,2675 146,2667"/>
                <Baseline points="167,2731 192,2730 218,2729 244,2728 269,2728 295,2730 321,2731 347,2729 372,2728 398,2728 424,2728 450,2728"/>
                <Word id="tr_2_tl_49_w1" custom="readingOrder {index:0;}">
                    <Coords points="213,2690 213,2750 440,2750 440,2690"/>
                    <TextEquiv>
                        <Unicode>Pseudonym)</Unicode>
                    </TextEquiv>
                </Word>
                <TextEquiv>
                    <Unicode>Pseudonym)</Unicode>
                </TextEquiv>
            </TextLine>
            <TextLine id="tr_2_tl_50" custom="readingOrder {index:49;}">
                <Coords points="460,2762 3080,2762 3080,2722 2791,2711 460,2718"/>
                <Baseline points="480,2755 610,2752 740,2755 871,2752 1001,2752 1132,2751 1262,2749 1393,2748 1523,2746 1654,2748 1784,2746 1914,2748 2045,2746 2175,2748 2306,2755 2436,2754 2567,2754 2697,2753 2828,2755 2958,2754 3089,2752"/>
                <Word id="tr_2_tl_50_w1" custom="readingOrder {index:0;}">
                    <Coords points="468,2714 468,2774 553,2774 553,2714"/>
                    <TextEquiv>
                        <Unicode>Liebe</Unicode>
                    </TextEquiv>
                </Word>
                <Word id="tr_2_tl_50_w2" custom="readingOrder {index:1;}">
                    <Coords points="578,2712 578,2772 663,2772 663,2712"/>
                    <TextEquiv>
                        <Unicode>preis</Unicode>
                    </TextEquiv>
                </Word>
                <Word id="tr_2_tl_50_w3" custom="readingOrder {index:2;}">
                    <Coords points="689,2714 689,2774 743,2774 743,2714"/>
                    <TextEquiv>
                        <Unicode>und</Unicode>
                    </TextEquiv>
                </Word>
                <Word id="tr_2_tl_50_w4" custom="readingOrder {index:3;}">
                    <Coords points="774,2713 774,2773 872,2773 872,2713"/>
                    <TextEquiv>
                        <Unicode>heißem</Unicode>
                    </TextEquiv>
                </Word>
                <Word id="tr_2_tl_50_w5" custom="readingOrder {index:4;}">
                    <Coords points="915,2712 915,2772 1020,2772 1020,2712"/>
                    <TextEquiv>
                        <Unicode>Glück.</Unicode>
                    </TextEquiv>
                </Word>
                <Word id="tr_2_tl_50_w6" custom="readingOrder {index:5;}">
                    <Coords points="1039,2711 1039,2771 1050,2771 1050,2711"/>
                    <TextEquiv>
                        <Unicode>—</Unicode>
                    </TextEquiv>
                </Word>
                <Word id="tr_2_tl_50_w7" custom="readingOrder {index:6;}">
                    <Coords points="1100,2710 1100,2770 1167,2770 1167,2710"/>
                    <TextEquiv>
                        <Unicode>Und</Unicode>
                    </TextEquiv>
                </Word>
                <Word id="tr_2_tl_50_w8" custom="readingOrder {index:7;}">
                    <Coords points="1192,2709 1192,2769 1296,2769 1296,2709"/>
                    <TextEquiv>
                        <Unicode>müdem</Unicode>
                    </TextEquiv>
                </Word>
                <Word id="tr_2_tl_50_w9" custom="readingOrder {index:8;}">
                    <Coords points="1351,2707 1351,2767 1443,2767 1443,2707"/>
                    <TextEquiv>
                        <Unicode>nahem</Unicode>
                    </TextEquiv>
                </Word>
                <Word id="tr_2_tl_50_w10" custom="readingOrder {index:9;}">
                    <Coords points="1492,2706 1492,2766 1603,2766 1603,2706"/>
                    <TextEquiv>
                        <Unicode>Wald,</Unicode>
                    </TextEquiv>
                </Word>
                <Word id="tr_2_tl_50_w11" custom="readingOrder {index:10;}">
                    <Coords points="1640,2707 1640,2767 1695,2767 1695,2707"/>
                    <TextEquiv>
                        <Unicode>das</Unicode>
                    </TextEquiv>
                </Word>
                <Word id="tr_2_tl_50_w12" custom="readingOrder {index:11;}">
                    <Coords points="1726,2706 1726,2766 1897,2766 1897,2706"/>
                    <TextEquiv>
                        <Unicode>Weinland</Unicode>
                    </TextEquiv>
                </Word>
                <Word id="tr_2_tl_50_w13" custom="readingOrder {index:12;}">
                    <Coords points="1935,2707 1935,2767 1989,2767 1989,2707"/>
                    <TextEquiv>
                        <Unicode>von</Unicode>
                    </TextEquiv>
                </Word>
                <Word id="tr_2_tl_50_w14" custom="readingOrder {index:13;}">
                    <Coords points="2027,2707 2027,2767 2198,2767 2198,2707"/>
                    <TextEquiv>
                        <Unicode>Grinzing,</Unicode>
                    </TextEquiv>
                </Word>
                <Word id="tr_2_tl_50_w15" custom="readingOrder {index:14;}">
                    <Coords points="2224,2714 2224,2774 2480,2774 2480,2714"/>
                    <TextEquiv>
                        <Unicode>österreichischen</Unicode>
                    </TextEquiv>
                </Word>
                <Word id="tr_2_tl_50_w16" custom="readingOrder {index:15;}">
                    <Coords points="2512,2713 2512,2773 2671,2773 2671,2713"/>
                    <TextEquiv>
                        <Unicode>Dichters,</Unicode>
                    </TextEquiv>
                </Word>
                <Word id="tr_2_tl_50_w17" custom="readingOrder {index:16;}">
                    <Coords points="2684,2713 2684,2773 2732,2773 2732,2713"/>
                    <TextEquiv>
                        <Unicode>der</Unicode>
                    </TextEquiv>
                </Word>
                <Word id="tr_2_tl_50_w18" custom="readingOrder {index:17;}">
                    <Coords points="2764,2714 2764,2774 2812,2774 2812,2714"/>
                    <TextEquiv>
                        <Unicode>sein</Unicode>
                    </TextEquiv>
                </Word>
                <Word id="tr_2_tl_50_w19" custom="readingOrder {index:18;}">
                    <Coords points="2844,2714 2844,2774 2965,2774 2965,2714"/>
                    <TextEquiv>
                        <Unicode>eigenes</Unicode>
                    </TextEquiv>
                </Word>
                <Word id="tr_2_tl_50_w20" custom="readingOrder {index:19;}">
                    <Coords points="2991,2712 2991,2772 3082,2772 3082,2712"/>
                    <TextEquiv>
                        <Unicode>tiefes</Unicode>
                    </TextEquiv>
                </Word>
                <TextEquiv>
                    <Unicode>Liebe preis und heißem Glück. — Und müdem nahem Wald, das Weinland von Grinzing, österreichischen Dichters, der sein eigenes tiefes</Unicode>
                </TextEquiv>
            </TextLine>
            <TextLine id="tr_2_tl_51" custom="readingOrder {index:50;}">
                <Coords points="175,2791 201,2799 223,2781 318,2791 336,2784 435,2788 438,2744 402,2737 384,2744 373,2737 354,2744 252,2737 241,2744 212,2726 197,2740 179,2740"/>
                <Baseline points="194,2779 219,2776 244,2776 269,2776 294,2774 319,2773 344,2773 369,2773 394,2773 419,2774 444,2776"/>
                <Word id="tr_2_tl_51_w1" custom="readingOrder {index:0;}">
                    <Coords points="189,2736 189,2796 327,2796 327,2736"/>
                    <TextEquiv>
                        <Unicode>Mädel"</Unicode>
                    </TextEquiv>
                </Word>
                <Word id="tr_2_tl_51_w2" custom="readingOrder {index:1;}">
                    <Coords points="359,2733 359,2793 440,2793 440,2733"/>
                    <TextEquiv>
                        <Unicode>seine</Unicode>
                    </TextEquiv>
                </Word>
                <TextEquiv>
                    <Unicode>Mädel" seine</Unicode>
                </TextEquiv>
            </TextLine>
            <TextLine id="tr_2_tl_52" custom="readingOrder {index:51;}">
                <Coords points="1334,2795 3084,2817 3084,2766 2985,2759 1334,2755"/>
                <Baseline points="1352,2788 1438,2788 1525,2791 1612,2791 1699,2792 1786,2791 1873,2791 1959,2791 2046,2790 2133,2789 2220,2794 2307,2797 2394,2800 2481,2800 2567,2800 2654,2800 2741,2798 2828,2798 2915,2800 3002,2800 3089,2797"/>
                <Word id="tr_2_tl_52_w1" custom="readingOrder {index:0;}">
                    <Coords points="1342,2749 1342,2809 1605,2809 1605,2749"/>
                    <TextEquiv>
                        <Unicode>Salmannsdorf</Unicode>
                    </TextEquiv>
                </Word>
                <Word id="tr_2_tl_52_w2" custom="readingOrder {index:1;}">
                    <Coords points="1650,2751 1650,2811 1705,2811 1705,2751"/>
                    <TextEquiv>
                        <Unicode>und</Unicode>
                    </TextEquiv>
                </Word>
                <Word id="tr_2_tl_52_w3" custom="readingOrder {index:2;}">
                    <Coords points="1750,2751 1750,2811 1988,2811 1988,2751"/>
                    <TextEquiv>
                        <Unicode>Pötzleinsdorf</Unicode>
                    </TextEquiv>
                </Word>
                <Word id="tr_2_tl_52_w4" custom="readingOrder {index:3;}">
                    <Coords points="2026,2749 2026,2809 2088,2809 2088,2749"/>
                    <TextEquiv>
                        <Unicode>mit</Unicode>
                    </TextEquiv>
                </Word>
                <Word id="tr_2_tl_52_w5" custom="readingOrder {index:4;}">
                    <Coords points="2127,2750 2127,2810 2176,2810 2176,2750"/>
                    <TextEquiv>
                        <Unicode>dem</Unicode>
                    </TextEquiv>
                </Word>
                <Word id="tr_2_tl_52_w6" custom="readingOrder {index:5;}">
                    <Coords points="2227,2756 2227,2816 2371,2816 2371,2756"/>
                    <TextEquiv>
                        <Unicode>Herzweh</Unicode>
                    </TextEquiv>
                </Word>
                <Word id="tr_2_tl_52_w7" custom="readingOrder {index:6;}">
                    <Coords points="2403,2760 2403,2820 2440,2820 2440,2760"/>
                    <TextEquiv>
                        <Unicode>um</Unicode>
                    </TextEquiv>
                </Word>
                <Word id="tr_2_tl_52_w8" custom="readingOrder {index:7;}">
                    <Coords points="2484,2760 2484,2820 2527,2820 2527,2760"/>
                    <TextEquiv>
                        <Unicode>die</Unicode>
                    </TextEquiv>
                </Word>
                <Word id="tr_2_tl_52_w9" custom="readingOrder {index:8;}">
                    <Coords points="2553,2760 2553,2820 2628,2820 2628,2760"/>
                    <TextEquiv>
                        <Unicode>ganz</Unicode>
                    </TextEquiv>
                </Word>
                <Word id="tr_2_tl_52_w10" custom="readingOrder {index:9;}">
                    <Coords points="2654,2759 2654,2819 2722,2819 2722,2759"/>
                    <TextEquiv>
                        <Unicode>jung</Unicode>
                    </TextEquiv>
                </Word>
                <Word id="tr_2_tl_52_w11" custom="readingOrder {index:10;}">
                    <Coords points="2754,2758 2754,2818 2942,2818 2942,2758"/>
                    <TextEquiv>
                        <Unicode>begrabene,</Unicode>
                    </TextEquiv>
                </Word>
                <Word id="tr_2_tl_52_w12" custom="readingOrder {index:11;}">
                    <Coords points="2968,2759 2968,2819 3079,2819 3079,2759"/>
                    <TextEquiv>
                        <Unicode>einzige</Unicode>
                    </TextEquiv>
                </Word>
                <TextEquiv>
                    <Unicode>Salmannsdorf und Pötzleinsdorf mit dem Herzweh um die ganz jung begrabene, einzige</Unicode>
                </TextEquiv>
            </TextLine>
            <TextLine id="tr_2_tl_53" custom="readingOrder {index:52;}">
                <Coords points="194,2821 979,2810 979,2762 913,2751 197,2788"/>
                <Baseline points="214,2818 252,2821 291,2819 329,2818 368,2818 406,2817 445,2817 483,2800 522,2802 560,2801 599,2800 638,2800 676,2800 715,2800 753,2800 792,2798 830,2797 869,2797 907,2797 946,2797 985,2797"/>
                <Word id="tr_2_tl_53_w1" custom="readingOrder {index:0;}">
                    <Coords points="210,2780 210,2840 308,2840 308,2780"/>
                    <TextEquiv>
                        <Unicode>heute</Unicode>
                    </TextEquiv>
                </Word>
                <Word id="tr_2_tl_53_w2" custom="readingOrder {index:1;}">
                    <Coords points="343,2777 343,2837 435,2837 435,2777"/>
                    <TextEquiv>
                        <Unicode>unter</Unicode>
                    </TextEquiv>
                </Word>
                <Word id="tr_2_tl_53_w3" custom="readingOrder {index:2;}">
                    <Coords points="469,2761 469,2821 622,2821 622,2761"/>
                    <TextEquiv>
                        <Unicode>Entsagen</Unicode>
                    </TextEquiv>
                </Word>
                <Word id="tr_2_tl_53_w4" custom="readingOrder {index:3;}">
                    <Coords points="655,2760 655,2820 722,2820 722,2760"/>
                    <TextEquiv>
                        <Unicode>oder</Unicode>
                    </TextEquiv>
                </Word>
                <Word id="tr_2_tl_53_w5" custom="readingOrder {index:4;}">
                    <Coords points="749,2757 749,2817 855,2817 855,2757"/>
                    <TextEquiv>
                        <Unicode>frühem</Unicode>
                    </TextEquiv>
                </Word>
                <Word id="tr_2_tl_53_w6" custom="readingOrder {index:5;}">
                    <Coords points="902,2757 902,2817 980,2817 980,2757"/>
                    <TextEquiv>
                        <Unicode>Tod.</Unicode>
                    </TextEquiv>
                </Word>
                <TextEquiv>
                    <Unicode>heute unter Entsagen oder frühem Tod.</Unicode>
                </TextEquiv>
            </TextLine>
            <TextLine id="tr_2_tl_54" custom="readingOrder {index:53;}">
                <Coords points="1337,2839 2196,2850 2196,2799 2119,2791 1337,2799"/>
                <Baseline points="1358,2833 1400,2833 1442,2833 1485,2833 1527,2836 1570,2834 1612,2833 1654,2833 1697,2833 1739,2835 1782,2836 1824,2836 1866,2836 1909,2836 1951,2836 1994,2835 2036,2834 2078,2836 2121,2833 2163,2833 2206,2830"/>
                <Word id="tr_2_tl_54_w1" custom="readingOrder {index:0;}">
                    <Coords points="1342,2794 1342,2854 1682,2854 1682,2794"/>
                    <TextEquiv>
                        <Unicode>Sommerhaidenweg</Unicode>
                    </TextEquiv>
                </Word>
                <Word id="tr_2_tl_54_w2" custom="readingOrder {index:1;}">
                    <Coords points="1714,2794 1714,2854 1744,2854 1744,2794"/>
                    <TextEquiv>
                        <Unicode>im</Unicode>
                    </TextEquiv>
                </Word>
                <Word id="tr_2_tl_54_w3" custom="readingOrder {index:2;}">
                    <Coords points="1792,2796 1792,2856 1988,2856 1988,2796"/>
                    <TextEquiv>
                        <Unicode>Blütenduft</Unicode>
                    </TextEquiv>
                </Word>
                <Word id="tr_2_tl_54_w4" custom="readingOrder {index:3;}">
                    <Coords points="2014,2794 2014,2854 2065,2854 2065,2794"/>
                    <TextEquiv>
                        <Unicode>des</Unicode>
                    </TextEquiv>
                </Word>
                <Word id="tr_2_tl_54_w5" custom="readingOrder {index:4;}">
                    <Coords points="2097,2793 2097,2853 2194,2853 2194,2793"/>
                    <TextEquiv>
                        <Unicode>Früh¬</Unicode>
                    </TextEquiv>
                </Word>
                <TextEquiv>
                    <Unicode>Sommerhaidenweg im Blütenduft des Früh¬</Unicode>
                </TextEquiv>
            </TextLine>
            <TextLine id="tr_2_tl_55" custom="readingOrder {index:54;}">
                <Coords points="2221,2846 3080,2850 3080,2799 2221,2802"/>
                <Baseline points="2242,2842 2284,2842 2326,2842 2369,2842 2411,2842 2453,2842 2496,2842 2538,2842 2580,2842 2623,2842 2665,2842 2707,2842 2750,2842 2792,2842 2834,2842 2877,2842 2919,2842 2961,2842 3004,2842 3046,2842 3089,2839"/>
                <Word id="tr_2_tl_55_w1" custom="readingOrder {index:0;}">
                    <Coords points="2222,2802 2222,2862 2351,2862 2351,2802"/>
                    <TextEquiv>
                        <Unicode>Tochter</Unicode>
                    </TextEquiv>
                </Word>
                <Word id="tr_2_tl_55_w2" custom="readingOrder {index:1;}">
                    <Coords points="2381,2802 2381,2862 2487,2862 2487,2802"/>
                    <TextEquiv>
                        <Unicode>hinter</Unicode>
                    </TextEquiv>
                </Word>
                <Word id="tr_2_tl_55_w3" custom="readingOrder {index:2;}">
                    <Coords points="2517,2802 2517,2862 2563,2862 2563,2802"/>
                    <TextEquiv>
                        <Unicode>den</Unicode>
                    </TextEquiv>
                </Word>
                <Word id="tr_2_tl_55_w4" custom="readingOrder {index:3;}">
                    <Coords points="2605,2802 2605,2862 2929,2862 2929,2802"/>
                    <TextEquiv>
                        <Unicode>undurchdringlichen</Unicode>
                    </TextEquiv>
                </Word>
                <Word id="tr_2_tl_55_w5" custom="readingOrder {index:4;}">
                    <Coords points="2971,2802 2971,2862 3076,2862 3076,2802"/>
                    <TextEquiv>
                        <Unicode>Schild</Unicode>
                    </TextEquiv>
                </Word>
                <TextEquiv>
                    <Unicode>Tochter hinter den undurchdringlichen Schild</Unicode>
                </TextEquiv>
            </TextLine>
            <TextLine id="tr_2_tl_56" custom="readingOrder {index:55;}">
                <Coords points="493,2876 1319,2876 1319,2810 1184,2791 804,2824 493,2813"/>
                <Baseline points="513,2860 553,2860 594,2860 635,2860 676,2860 716,2860 757,2860 798,2860 839,2860 879,2860 920,2857 961,2857 1002,2857 1042,2857 1083,2857 1124,2857 1165,2857 1205,2856 1246,2855 1287,2857 1328,2854"/>
                <Word id="tr_2_tl_56_w1" custom="readingOrder {index:0;}">
                    <Coords points="501,2820 501,2880 569,2880 569,2820"/>
                    <TextEquiv>
                        <Unicode>Mit</Unicode>
                    </TextEquiv>
                </Word>
                <Word id="tr_2_tl_56_w2" custom="readingOrder {index:1;}">
                    <Coords points="588,2820 588,2880 811,2880 811,2820"/>
                    <TextEquiv>
                        <Unicode>ehrfürchtiger</Unicode>
                    </TextEquiv>
                </Word>
                <Word id="tr_2_tl_56_w3" custom="readingOrder {index:2;}">
                    <Coords points="837,2819 837,2879 923,2879 923,2819"/>
                    <TextEquiv>
                        <Unicode>Hand</Unicode>
                    </TextEquiv>
                </Word>
                <Word id="tr_2_tl_56_w4" custom="readingOrder {index:3;}">
                    <Coords points="955,2817 955,2877 1017,2877 1017,2817"/>
                    <TextEquiv>
                        <Unicode>setzt</Unicode>
                    </TextEquiv>
                </Word>
                <Word id="tr_2_tl_56_w5" custom="readingOrder {index:4;}">
                    <Coords points="1036,2817 1036,2877 1154,2877 1154,2817"/>
                    <TextEquiv>
                        <Unicode>Arthur</Unicode>
                    </TextEquiv>
                </Word>
                <Word id="tr_2_tl_56_w6" custom="readingOrder {index:5;}">
                    <Coords points="1179,2815 1179,2875 1315,2875 1315,2815"/>
                    <TextEquiv>
                        <Unicode>Schnitz¬</Unicode>
                    </TextEquiv>
                </Word>
                <TextEquiv>
                    <Unicode>Mit ehrfürchtiger Hand setzt Arthur Schnitz¬</Unicode>
                </TextEquiv>
            </TextLine>
            <TextLine id="tr_2_tl_57" custom="readingOrder {index:56;}">
                <Coords points="150,2876 300,2879 336,2865 369,2876 438,2876 438,2832 420,2828 329,2821 303,2832 296,2824 230,2832 197,2824 183,2839 150,2835"/>
                <Baseline points="170,2869 195,2865 220,2863 245,2864 270,2866 295,2866 321,2865 346,2862 371,2861 396,2863 421,2863 447,2863"/>
                <Word id="tr_2_tl_57_w1" custom="readingOrder {index:0;}">
                    <Coords points="157,2824 157,2884 333,2884 333,2824"/>
                    <TextEquiv>
                        <Unicode>vielleicht,</Unicode>
                    </TextEquiv>
                </Word>
                <Word id="tr_2_tl_57_w2" custom="readingOrder {index:1;}">
                    <Coords points="356,2822 356,2882 429,2882 429,2822"/>
                    <TextEquiv>
                        <Unicode>denn</Unicode>
                    </TextEquiv>
                </Word>
                <TextEquiv>
                    <Unicode>vielleicht, denn</Unicode>
                </TextEquiv>
            </TextLine>
            <TextLine id="tr_2_tl_58" custom="readingOrder {index:57;}">
                <Coords points="1341,2883 2196,2890 2196,2846 2086,2835 1341,2843"/>
                <Baseline points="1361,2872 1403,2875 1445,2875 1487,2877 1529,2876 1571,2875 1613,2875 1655,2877 1697,2878 1739,2878 1782,2878 1824,2878 1866,2879 1908,2880 1950,2878 1992,2878 2034,2878 2076,2878 2118,2878 2160,2875 2203,2878"/>
                <Word id="tr_2_tl_58_w1" custom="readingOrder {index:0;}">
                    <Coords points="1347,2833 1347,2893 1427,2893 1427,2833"/>
                    <TextEquiv>
                        <Unicode>lings</Unicode>
                    </TextEquiv>
                </Word>
                <Word id="tr_2_tl_58_w2" custom="readingOrder {index:1;}">
                    <Coords points="1460,2836 1460,2896 1519,2896 1519,2836"/>
                    <TextEquiv>
                        <Unicode>und</Unicode>
                    </TextEquiv>
                </Word>
                <Word id="tr_2_tl_58_w3" custom="readingOrder {index:2;}">
                    <Coords points="1546,2835 1546,2895 1573,2895 1573,2835"/>
                    <TextEquiv>
                        <Unicode>im</Unicode>
                    </TextEquiv>
                </Word>
                <Word id="tr_2_tl_58_w4" custom="readingOrder {index:3;}">
                    <Coords points="1617,2838 1617,2898 1799,2898 1799,2838"/>
                    <TextEquiv>
                        <Unicode>braungrau</Unicode>
                    </TextEquiv>
                </Word>
                <Word id="tr_2_tl_58_w5" custom="readingOrder {index:4;}">
                    <Coords points="1832,2839 1832,2899 1945,2899 1945,2839"/>
                    <TextEquiv>
                        <Unicode>mattem</Unicode>
                    </TextEquiv>
                </Word>
                <Word id="tr_2_tl_58_w6" custom="readingOrder {index:5;}">
                    <Coords points="1989,2838 1989,2898 2183,2898 2183,2838"/>
                    <TextEquiv>
                        <Unicode>Herbstschein</Unicode>
                    </TextEquiv>
                </Word>
                <TextEquiv>
                    <Unicode>lings und im braungrau mattem Herbstschein</Unicode>
                </TextEquiv>
            </TextLine>
            <TextLine id="tr_2_tl_59" custom="readingOrder {index:58;}">
                <Coords points="2218,2890 3080,2894 3080,2850 3040,2846 2218,2846"/>
                <Baseline points="2239,2883 2281,2886 2324,2886 2366,2886 2409,2886 2451,2886 2494,2884 2536,2883 2579,2883 2621,2885 2664,2884 2706,2883 2749,2884 2791,2885 2834,2884 2876,2886 2919,2886 2961,2886 3004,2886 3046,2886 3089,2886"/>
                <Word id="tr_2_tl_59_w1" custom="readingOrder {index:0;}">
                    <Coords points="2224,2845 2224,2905 2320,2905 2320,2845"/>
                    <TextEquiv>
                        <Unicode>seines</Unicode>
                    </TextEquiv>
                </Word>
                <Word id="tr_2_tl_59_w2" custom="readingOrder {index:1;}">
                    <Coords points="2349,2844 2349,2904 2630,2904 2630,2844"/>
                    <TextEquiv>
                        <Unicode>liebenswürdigen</Unicode>
                    </TextEquiv>
                </Word>
                <Word id="tr_2_tl_59_w3" custom="readingOrder {index:2;}">
                    <Coords points="2659,2843 2659,2903 2806,2903 2806,2843"/>
                    <TextEquiv>
                        <Unicode>Lächelns</Unicode>
                    </TextEquiv>
                </Word>
                <Word id="tr_2_tl_59_w4" custom="readingOrder {index:3;}">
                    <Coords points="2835,2846 2835,2906 2986,2906 2986,2846"/>
                    <TextEquiv>
                        <Unicode>verbarg.</Unicode>
                    </TextEquiv>
                </Word>
                <Word id="tr_2_tl_59_w5" custom="readingOrder {index:4;}">
                    <Coords points="3004,2846 3004,2906 3071,2906 3071,2846"/>
                    <TextEquiv>
                        <Unicode>Und</Unicode>
                    </TextEquiv>
                </Word>
                <TextEquiv>
                    <Unicode>seines liebenswürdigen Lächelns verbarg. Und</Unicode>
                </TextEquiv>
            </TextLine>
            <TextLine id="tr_2_tl_60" custom="readingOrder {index:59;}">
                <Coords points="453,2919 1315,2905 1279,2861 775,2879 453,2857"/>
                <Baseline points="474,2904 516,2907 559,2907 601,2907 644,2907 686,2907 729,2905 771,2904 814,2904 856,2904 899,2904 942,2904 984,2904 1027,2903 1069,2901 1112,2901 1154,2901 1197,2901 1239,2901 1282,2901 1325,2901"/>
                <Word id="tr_2_tl_60_w1" custom="readingOrder {index:0;}">
                    <Coords points="465,2864 465,2924 508,2924 508,2864"/>
                    <TextEquiv>
                        <Unicode>ler</Unicode>
                    </TextEquiv>
                </Word>
                <Word id="tr_2_tl_60_w2" custom="readingOrder {index:1;}">
                    <Coords points="531,2867 531,2927 580,2927 580,2867"/>
                    <TextEquiv>
                        <Unicode>den</Unicode>
                    </TextEquiv>
                </Word>
                <Word id="tr_2_tl_60_w3" custom="readingOrder {index:2;}">
                    <Coords points="614,2867 614,2927 752,2927 752,2867"/>
                    <TextEquiv>
                        <Unicode>Müttern</Unicode>
                    </TextEquiv>
                </Word>
                <Word id="tr_2_tl_60_w4" custom="readingOrder {index:3;}">
                    <Coords points="786,2864 786,2924 824,2924 824,2864"/>
                    <TextEquiv>
                        <Unicode>ein</Unicode>
                    </TextEquiv>
                </Word>
                <Word id="tr_2_tl_60_w5" custom="readingOrder {index:4;}">
                    <Coords points="853,2864 853,2924 1030,2924 1030,2864"/>
                    <TextEquiv>
                        <Unicode>Denkmal,</Unicode>
                    </TextEquiv>
                </Word>
                <Word id="tr_2_tl_60_w6" custom="readingOrder {index:5;}">
                    <Coords points="1041,2861 1041,2921 1140,2921 1140,2861"/>
                    <TextEquiv>
                        <Unicode>weiht</Unicode>
                    </TextEquiv>
                </Word>
                <Word id="tr_2_tl_60_w7" custom="readingOrder {index:6;}">
                    <Coords points="1158,2861 1158,2921 1246,2921 1246,2861"/>
                    <TextEquiv>
                        <Unicode>ihnen</Unicode>
                    </TextEquiv>
                </Word>
                <Word id="tr_2_tl_60_w8" custom="readingOrder {index:7;}">
                    <Coords points="1274,2861 1274,2921 1318,2921 1318,2861"/>
                    <TextEquiv>
                        <Unicode>die</Unicode>
                    </TextEquiv>
                </Word>
                <TextEquiv>
                    <Unicode>ler den Müttern ein Denkmal, weiht ihnen die</Unicode>
                </TextEquiv>
            </TextLine>
            <TextLine id="tr_2_tl_61" custom="readingOrder {index:60;}">
                <Coords points="150,2916 186,2919 216,2908 223,2916 278,2923 300,2912 311,2919 391,2916 391,2876 347,2865 303,2879 248,2872 150,2879"/>
                <Baseline points="170,2910 195,2907 221,2904 246,2906 272,2907 297,2907 323,2906 348,2904 374,2901 400,2898"/>
                <Word id="tr_2_tl_61_w1" custom="readingOrder {index:0;}">
                    <Coords points="151,2869 151,2929 200,2929 200,2869"/>
                    <TextEquiv>
                        <Unicode>als</Unicode>
                    </TextEquiv>
                </Word>
                <Word id="tr_2_tl_61_w2" custom="readingOrder {index:1;}">
                    <Coords points="234,2867 234,2927 360,2927 360,2867"/>
                    <TextEquiv>
                        <Unicode>damals</Unicode>
                    </TextEquiv>
                </Word>
                <TextEquiv>
                    <Unicode>als damals</Unicode>
                </TextEquiv>
            </TextLine>
            <TextLine id="tr_2_tl_62" custom="readingOrder {index:61;}">
                <Coords points="1345,2941 1447,2934 1520,2952 1604,2934 1706,2949 1790,2938 1790,2890 1611,2879 1578,2890 1538,2876 1469,2894 1345,2879"/>
                <Baseline points="1364,2922 1389,2920 1415,2919 1440,2921 1466,2922 1492,2922 1517,2922 1543,2922 1569,2922 1594,2922 1620,2922 1646,2922 1671,2922 1697,2922 1723,2922 1748,2922 1774,2922 1800,2922"/>
                <Word id="tr_2_tl_62_w1" custom="readingOrder {index:0;}">
                    <Coords points="1346,2879 1346,2939 1450,2939 1450,2879"/>
                    <TextEquiv>
                        <Unicode>früher</Unicode>
                    </TextEquiv>
                </Word>
                <Word id="tr_2_tl_62_w2" custom="readingOrder {index:1;}">
                    <Coords points="1474,2882 1474,2942 1786,2942 1786,2882"/>
                    <TextEquiv>
                        <Unicode>Dämmerstunden.</Unicode>
                    </TextEquiv>
                </Word>
                <TextEquiv>
                    <Unicode>früher Dämmerstunden.</Unicode>
                </TextEquiv>
            </TextLine>
            <TextLine id="tr_2_tl_63" custom="readingOrder {index:62;}">
                <Coords points="2211,2941 3084,2945 3084,2894 2211,2894"/>
                <Baseline points="2230,2925 2275,2928 2320,2928 2365,2928 2410,2928 2456,2928 2501,2928 2546,2928 2591,2925 2636,2925 2682,2925 2727,2925 2772,2928 2817,2925 2862,2928 2908,2928 2953,2928 2998,2928 3043,2928 3089,2931"/>
                <Word id="tr_2_tl_63_w1" custom="readingOrder {index:0;}">
                    <Coords points="2217,2886 2217,2946 2286,2946 2286,2886"/>
                    <TextEquiv>
                        <Unicode>doch</Unicode>
                    </TextEquiv>
                </Word>
                <Word id="tr_2_tl_63_w2" custom="readingOrder {index:1;}">
                    <Coords points="2314,2888 2314,2948 2367,2948 2367,2888"/>
                    <TextEquiv>
                        <Unicode>hat</Unicode>
                    </TextEquiv>
                </Word>
                <Word id="tr_2_tl_63_w3" custom="readingOrder {index:2;}">
                    <Coords points="2390,2888 2390,2948 2438,2948 2438,2888"/>
                    <TextEquiv>
                        <Unicode>ihm</Unicode>
                    </TextEquiv>
                </Word>
                <Word id="tr_2_tl_63_w4" custom="readingOrder {index:3;}">
                    <Coords points="2482,2888 2482,2948 2529,2948 2529,2888"/>
                    <TextEquiv>
                        <Unicode>der</Unicode>
                    </TextEquiv>
                </Word>
                <Word id="tr_2_tl_63_w5" custom="readingOrder {index:4;}">
                    <Coords points="2552,2885 2552,2945 2703,2945 2703,2885"/>
                    <TextEquiv>
                        <Unicode>Kummer</Unicode>
                    </TextEquiv>
                </Word>
                <Word id="tr_2_tl_63_w6" custom="readingOrder {index:5;}">
                    <Coords points="2731,2885 2731,2945 2892,2945 2892,2885"/>
                    <TextEquiv>
                        <Unicode>schließlich</Unicode>
                    </TextEquiv>
                </Word>
                <Word id="tr_2_tl_63_w7" custom="readingOrder {index:6;}">
                    <Coords points="2920,2888 2920,2948 2973,2948 2973,2888"/>
                    <TextEquiv>
                        <Unicode>das</Unicode>
                    </TextEquiv>
                </Word>
                <Word id="tr_2_tl_63_w8" custom="readingOrder {index:7;}">
                    <Coords points="3001,2888 3001,2948 3071,2948 3071,2888"/>
                    <TextEquiv>
                        <Unicode>groß</Unicode>
                    </TextEquiv>
                </Word>
                <TextEquiv>
                    <Unicode>doch hat ihm der Kummer schließlich das groß</Unicode>
                </TextEquiv>
            </TextLine>
            <TextLine id="tr_2_tl_64" custom="readingOrder {index:63;}">
                <Coords points="146,2970 1312,2949 1312,2905 146,2923"/>
                <Baseline points="167,2952 224,2952 281,2949 339,2949 396,2947 454,2943 511,2952 569,2949 626,2949 684,2949 741,2949 798,2949 856,2947 913,2946 971,2946 1028,2946 1086,2943 1143,2943 1201,2943 1258,2943 1316,2943"/>
                <Word id="tr_2_tl_64_w1" custom="readingOrder {index:0;}">
                    <Coords points="146,2912 146,2972 205,2972 205,2912"/>
                    <TextEquiv>
                        <Unicode>sich</Unicode>
                    </TextEquiv>
                </Word>
                <Word id="tr_2_tl_64_w2" custom="readingOrder {index:1;}">
                    <Coords points="232,2910 232,2970 259,2970 259,2910"/>
                    <TextEquiv>
                        <Unicode>in</Unicode>
                    </TextEquiv>
                </Word>
                <Word id="tr_2_tl_64_w3" custom="readingOrder {index:2;}">
                    <Coords points="286,2909 286,2969 340,2969 340,2909"/>
                    <TextEquiv>
                        <Unicode>den</Unicode>
                    </TextEquiv>
                </Word>
                <Word id="tr_2_tl_64_w4" custom="readingOrder {index:3;}">
                    <Coords points="373,2906 373,2966 437,2966 437,2906"/>
                    <TextEquiv>
                        <Unicode>nie-</Unicode>
                    </TextEquiv>
                </Word>
                <Word id="tr_2_tl_64_w5" custom="readingOrder {index:4;}">
                    <Coords points="464,2907 464,2967 501,2967 501,2907"/>
                    <TextEquiv>
                        <Unicode>am</Unicode>
                    </TextEquiv>
                </Word>
                <Word id="tr_2_tl_64_w6" custom="readingOrder {index:5;}">
                    <Coords points="550,2909 550,2969 674,2969 674,2909"/>
                    <TextEquiv>
                        <Unicode>edelsten</Unicode>
                    </TextEquiv>
                </Word>
                <Word id="tr_2_tl_64_w7" custom="readingOrder {index:6;}">
                    <Coords points="712,2909 712,2969 878,2969 878,2909"/>
                    <TextEquiv>
                        <Unicode>geformten</Unicode>
                    </TextEquiv>
                </Word>
                <Word id="tr_2_tl_64_w8" custom="readingOrder {index:7;}">
                    <Coords points="917,2906 917,2966 1035,2966 1035,2906"/>
                    <TextEquiv>
                        <Unicode>Szenen</Unicode>
                    </TextEquiv>
                </Word>
                <Word id="tr_2_tl_64_w9" custom="readingOrder {index:8;}">
                    <Coords points="1073,2903 1073,2963 1169,2963 1169,2903"/>
                    <TextEquiv>
                        <Unicode>seiner</Unicode>
                    </TextEquiv>
                </Word>
                <Word id="tr_2_tl_64_w10" custom="readingOrder {index:9;}">
                    <Coords points="1202,2903 1202,2963 1304,2963 1304,2903"/>
                    <TextEquiv>
                        <Unicode>Werke</Unicode>
                    </TextEquiv>
                </Word>
                <TextEquiv>
                    <Unicode>sich in den nie- am edelsten geformten Szenen seiner Werke</Unicode>
                </TextEquiv>
            </TextLine>
            <TextLine id="tr_2_tl_65" custom="readingOrder {index:64;}">
                <Coords points="1370,2989 3084,2981 3084,2941 2996,2930 1370,2941"/>
                <Baseline points="1391,2979 1475,2982 1560,2985 1645,2985 1730,2985 1815,2985 1900,2987 1985,2985 2070,2982 2155,2982 2240,2970 2324,2973 2409,2973 2494,2970 2579,2973 2664,2971 2749,2971 2834,2971 2919,2973 3004,2970 3089,2973"/>
                <Word id="tr_2_tl_65_w1" custom="readingOrder {index:0;}">
                    <Coords points="1378,2939 1378,2999 1420,2999 1420,2939"/>
                    <TextEquiv>
                        <Unicode>An</Unicode>
                    </TextEquiv>
                </Word>
                <Word id="tr_2_tl_65_w2" custom="readingOrder {index:1;}">
                    <Coords points="1458,2942 1458,3002 1537,3002 1537,2942"/>
                    <TextEquiv>
                        <Unicode>einem</Unicode>
                    </TextEquiv>
                </Word>
                <Word id="tr_2_tl_65_w3" custom="readingOrder {index:2;}">
                    <Coords points="1588,2945 1588,3005 1692,3005 1692,2945"/>
                    <TextEquiv>
                        <Unicode>solchen</Unicode>
                    </TextEquiv>
                </Word>
                <Word id="tr_2_tl_65_w4" custom="readingOrder {index:3;}">
                    <Coords points="1729,2945 1729,3005 1889,3005 1889,2945"/>
                    <TextEquiv>
                        <Unicode>Herbsttag</Unicode>
                    </TextEquiv>
                </Word>
                <Word id="tr_2_tl_65_w5" custom="readingOrder {index:4;}">
                    <Coords points="1920,2945 1920,3005 2013,3005 2013,2945"/>
                    <TextEquiv>
                        <Unicode>haben</Unicode>
                    </TextEquiv>
                </Word>
                <Word id="tr_2_tl_65_w6" custom="readingOrder {index:5;}">
                    <Coords points="2050,2942 2050,3002 2099,3002 2099,2942"/>
                    <TextEquiv>
                        <Unicode>sich</Unicode>
                    </TextEquiv>
                </Word>
                <Word id="tr_2_tl_65_w7" custom="readingOrder {index:6;}">
                    <Coords points="2124,2942 2124,3002 2185,3002 2185,2942"/>
                    <TextEquiv>
                        <Unicode>Ar¬</Unicode>
                    </TextEquiv>
                </Word>
                <Word id="tr_2_tl_65_w8" custom="readingOrder {index:7;}">
                    <Coords points="2223,2933 2223,2993 2438,2993 2438,2933"/>
                    <TextEquiv>
                        <Unicode>empfindende</Unicode>
                    </TextEquiv>
                </Word>
                <Word id="tr_2_tl_65_w9" custom="readingOrder {index:8;}">
                    <Coords points="2463,2930 2463,2990 2537,2990 2537,2930"/>
                    <TextEquiv>
                        <Unicode>Herz</Unicode>
                    </TextEquiv>
                </Word>
                <Word id="tr_2_tl_65_w10" custom="readingOrder {index:9;}">
                    <Coords points="2557,2931 2557,2991 2735,2991 2735,2931"/>
                    <TextEquiv>
                        <Unicode>gebrochen.</Unicode>
                    </TextEquiv>
                </Word>
                <Word id="tr_2_tl_65_w11" custom="readingOrder {index:10;}">
                    <Coords points="2748,2931 2748,2991 2845,2991 2845,2931"/>
                    <TextEquiv>
                        <Unicode>Seine</Unicode>
                    </TextEquiv>
                </Word>
                <Word id="tr_2_tl_65_w12" custom="readingOrder {index:11;}">
                    <Coords points="2865,2931 2865,2991 3073,2991 3073,2931"/>
                    <TextEquiv>
                        <Unicode>dichterischen</Unicode>
                    </TextEquiv>
                </Word>
                <TextEquiv>
                    <Unicode>An einem solchen Herbsttag haben sich Ar¬ empfindende Herz gebrochen. Seine dichterischen</Unicode>
                </TextEquiv>
            </TextLine>
            <TextLine id="tr_2_tl_66" custom="readingOrder {index:65;}">
                <Coords points="468,3000 1323,3000 1323,2952 1279,2949 468,2956"/>
                <Baseline points="486,2994 528,2992 570,2997 612,2997 654,2994 696,2994 738,2994 780,2992 822,2989 864,2990 907,2991 949,2991 991,2990 1033,2988 1075,2988 1117,2987 1159,2986 1201,2988 1243,2988 1285,2985 1328,2985"/>
                <Word id="tr_2_tl_66_w1" custom="readingOrder {index:0;}">
                    <Coords points="463,2954 463,3014 489,3014 489,2954"/>
                    <TextEquiv>
                        <Unicode>so</Unicode>
                    </TextEquiv>
                </Word>
                <Word id="tr_2_tl_66_w2" custom="readingOrder {index:1;}">
                    <Coords points="528,2953 528,3013 560,3013 560,2953"/>
                    <TextEquiv>
                        <Unicode>in</Unicode>
                    </TextEquiv>
                </Word>
                <Word id="tr_2_tl_66_w3" custom="readingOrder {index:2;}">
                    <Coords points="604,2954 604,3014 794,3014 794,2954"/>
                    <TextEquiv>
                        <Unicode>„Lebendige</Unicode>
                    </TextEquiv>
                </Word>
                <Word id="tr_2_tl_66_w4" custom="readingOrder {index:3;}">
                    <Coords points="833,2951 833,3011 1027,3011 1027,2951"/>
                    <TextEquiv>
                        <Unicode>Stunden",</Unicode>
                    </TextEquiv>
                </Word>
                <Word id="tr_2_tl_66_w5" custom="readingOrder {index:4;}">
                    <Coords points="1066,2947 1066,3007 1109,3007 1109,2947"/>
                    <TextEquiv>
                        <Unicode>wo</Unicode>
                    </TextEquiv>
                </Word>
                <Word id="tr_2_tl_66_w6" custom="readingOrder {index:5;}">
                    <Coords points="1153,2948 1153,3008 1316,3008 1316,2948"/>
                    <TextEquiv>
                        <Unicode>Heinrichs</Unicode>
                    </TextEquiv>
                </Word>
                <TextEquiv>
                    <Unicode>so in „Lebendige Stunden", wo Heinrichs</Unicode>
                </TextEquiv>
            </TextLine>
            <TextLine id="tr_2_tl_67" custom="readingOrder {index:66;}">
                <Coords points="172,3007 267,3000 289,3018 336,2996 391,3014 424,2992 442,2992 446,2960 365,2952 336,2963 296,2960 281,2949 263,2963 237,2963 230,2952 208,2967 172,2963"/>
                <Baseline points="191,2991 216,2993 242,2994 267,2994 293,2994 319,2994 344,2993 370,2991 395,2989 421,2989 447,2991"/>
                <Word id="tr_2_tl_67_w1" custom="readingOrder {index:0;}">
                    <Coords points="184,2952 184,3012 246,3012 246,2952"/>
                    <TextEquiv>
                        <Unicode>wie</Unicode>
                    </TextEquiv>
                </Word>
                <Word id="tr_2_tl_67_w2" custom="readingOrder {index:1;}">
                    <Coords points="269,2952 269,3012 443,3012 443,2952"/>
                    <TextEquiv>
                        <Unicode>Schnitzler</Unicode>
                    </TextEquiv>
                </Word>
                <TextEquiv>
                    <Unicode>wie Schnitzler</Unicode>
                </TextEquiv>
            </TextLine>
            <TextLine id="tr_2_tl_68" custom="readingOrder {index:67;}">
                <Coords points="2218,3029 3084,3025 3084,2985 3018,2978 2218,2978"/>
                <Baseline points="2239,3018 2281,3015 2324,3015 2366,3015 2409,3015 2452,3015 2494,3015 2537,3015 2580,3015 2622,3015 2665,3015 2708,3015 2750,3015 2793,3016 2836,3018 2878,3017 2921,3016 2964,3018 3006,3018 3049,3015 3092,3015"/>
                <Word id="tr_2_tl_68_w1" custom="readingOrder {index:0;}">
                    <Coords points="2223,2975 2223,3035 2382,3035 2382,2975"/>
                    <TextEquiv>
                        <Unicode>Gestalten</Unicode>
                    </TextEquiv>
                </Word>
                <Word id="tr_2_tl_68_w2" custom="readingOrder {index:1;}">
                    <Coords points="2418,2975 2418,3035 2490,3035 2490,2975"/>
                    <TextEquiv>
                        <Unicode>aber</Unicode>
                    </TextEquiv>
                </Word>
                <Word id="tr_2_tl_68_w3" custom="readingOrder {index:2;}">
                    <Coords points="2521,2975 2521,3035 2634,3035 2634,2975"/>
                    <TextEquiv>
                        <Unicode>werden</Unicode>
                    </TextEquiv>
                </Word>
                <Word id="tr_2_tl_68_w4" custom="readingOrder {index:3;}">
                    <Coords points="2676,2975 2676,3035 2737,3035 2737,2975"/>
                    <TextEquiv>
                        <Unicode>noch</Unicode>
                    </TextEquiv>
                </Word>
                <Word id="tr_2_tl_68_w5" custom="readingOrder {index:4;}">
                    <Coords points="2774,2977 2774,3037 2861,3037 2861,2977"/>
                    <TextEquiv>
                        <Unicode>lange</Unicode>
                    </TextEquiv>
                </Word>
                <Word id="tr_2_tl_68_w6" custom="readingOrder {index:5;}">
                    <Coords points="2892,2976 2892,3036 2948,3036 2948,2976"/>
                    <TextEquiv>
                        <Unicode>von</Unicode>
                    </TextEquiv>
                </Word>
                <Word id="tr_2_tl_68_w7" custom="readingOrder {index:6;}">
                    <Coords points="2985,2976 2985,3036 3082,3036 3082,2976"/>
                    <TextEquiv>
                        <Unicode>öster¬</Unicode>
                    </TextEquiv>
                </Word>
                <TextEquiv>
                    <Unicode>Gestalten aber werden noch lange von öster¬</Unicode>
                </TextEquiv>
            </TextLine>
            <TextLine id="tr_2_tl_69" custom="readingOrder {index:68;}">
                <Coords points="157,3047 2189,3040 2189,2996 2130,2985 1509,3000 1363,2963 1209,3007 157,2996"/>
                <Baseline points="176,3042 277,3039 378,3035 479,3033 580,3037 681,3036 782,3036 883,3033 984,3032 1085,3031 1186,3030 1287,3030 1388,3027 1489,3028 1590,3028 1691,3030 1792,3027 1893,3030 1994,3029 2095,3027 2197,3024"/>
                <Word id="tr_2_tl_69_w1" custom="readingOrder {index:0;}">
                    <Coords points="158,3000 158,3060 264,3060 264,3000"/>
                    <TextEquiv>
                        <Unicode>stellte:</Unicode>
                    </TextEquiv>
                </Word>
                <Word id="tr_2_tl_69_w2" custom="readingOrder {index:1;}">
                    <Coords points="293,2996 293,3056 371,3056 371,2996"/>
                    <TextEquiv>
                        <Unicode>„Sie</Unicode>
                    </TextEquiv>
                </Word>
                <Word id="tr_2_tl_69_w3" custom="readingOrder {index:2;}">
                    <Coords points="400,2994 400,3054 439,3054 439,2994"/>
                    <TextEquiv>
                        <Unicode>ist</Unicode>
                    </TextEquiv>
                </Word>
                <Word id="tr_2_tl_69_w4" custom="readingOrder {index:3;}">
                    <Coords points="468,2995 468,3055 591,3055 591,2995"/>
                    <TextEquiv>
                        <Unicode>Mutter</Unicode>
                    </TextEquiv>
                </Word>
                <Word id="tr_2_tl_69_w5" custom="readingOrder {index:4;}">
                    <Coords points="631,2996 631,3056 828,3056 828,2996"/>
                    <TextEquiv>
                        <Unicode>Selbstmord</Unicode>
                    </TextEquiv>
                </Word>
                <Word id="tr_2_tl_69_w6" custom="readingOrder {index:5;}">
                    <Coords points="873,2992 873,3052 1002,3052 1002,2992"/>
                    <TextEquiv>
                        <Unicode>begeht,</Unicode>
                    </TextEquiv>
                </Word>
                <Word id="tr_2_tl_69_w7" custom="readingOrder {index:6;}">
                    <Coords points="1037,2991 1037,3051 1076,3051 1076,2991"/>
                    <TextEquiv>
                        <Unicode>um</Unicode>
                    </TextEquiv>
                </Word>
                <Word id="tr_2_tl_69_w8" custom="readingOrder {index:7;}">
                    <Coords points="1133,2990 1133,3050 1177,3050 1177,2990"/>
                    <TextEquiv>
                        <Unicode>die</Unicode>
                    </TextEquiv>
                </Word>
                <Word id="tr_2_tl_69_w9" custom="readingOrder {index:8;}">
                    <Coords points="1217,2990 1217,3050 1312,3050 1312,2990"/>
                    <TextEquiv>
                        <Unicode>junge</Unicode>
                    </TextEquiv>
                </Word>
                <Word id="tr_2_tl_69_w10" custom="readingOrder {index:9;}">
                    <Coords points="1347,2987 1347,3047 1419,3047 1419,2987"/>
                    <TextEquiv>
                        <Unicode>thur</Unicode>
                    </TextEquiv>
                </Word>
                <Word id="tr_2_tl_69_w11" custom="readingOrder {index:10;}">
                    <Coords points="1443,2988 1443,3048 1628,3048 1628,2988"/>
                    <TextEquiv>
                        <Unicode>Schnitzlers</Unicode>
                    </TextEquiv>
                </Word>
                <Word id="tr_2_tl_69_w12" custom="readingOrder {index:11;}">
                    <Coords points="1657,2989 1657,3049 1763,3049 1763,2989"/>
                    <TextEquiv>
                        <Unicode>Augen</Unicode>
                    </TextEquiv>
                </Word>
                <Word id="tr_2_tl_69_w13" custom="readingOrder {index:12;}">
                    <Coords points="1792,2987 1792,3047 1842,3047 1842,2987"/>
                    <TextEquiv>
                        <Unicode>für</Unicode>
                    </TextEquiv>
                </Word>
                <Word id="tr_2_tl_69_w14" custom="readingOrder {index:13;}">
                    <Coords points="1871,2989 1871,3049 1983,3049 1983,2989"/>
                    <TextEquiv>
                        <Unicode>immer</Unicode>
                    </TextEquiv>
                </Word>
                <Word id="tr_2_tl_69_w15" custom="readingOrder {index:14;}">
                    <Coords points="2006,2987 2006,3047 2175,3047 2175,2987"/>
                    <TextEquiv>
                        <Unicode>geschlossen</Unicode>
                    </TextEquiv>
                </Word>
                <TextEquiv>
                    <Unicode>stellte: „Sie ist Mutter Selbstmord begeht, um die junge thur Schnitzlers Augen für immer geschlossen</Unicode>
                </TextEquiv>
            </TextLine>
            <TextLine id="tr_2_tl_70" custom="readingOrder {index:69;}">
                <Coords points="2214,3065 3087,3069 3087,3022 3051,3018 2214,3025"/>
                <Baseline points="2236,3060 2281,3057 2326,3057 2371,3057 2416,3057 2462,3057 2507,3057 2552,3060 2597,3057 2642,3060 2688,3060 2733,3060 2778,3060 2823,3060 2868,3060 2914,3060 2959,3060 3004,3060 3049,3060 3095,3060"/>
                <Word id="tr_2_tl_70_w1" custom="readingOrder {index:0;}">
                    <Coords points="2220,3017 2220,3077 2391,3077 2391,3017"/>
                    <TextEquiv>
                        <Unicode>reichischer</Unicode>
                    </TextEquiv>
                </Word>
                <Word id="tr_2_tl_70_w2" custom="readingOrder {index:1;}">
                    <Coords points="2431,3017 2431,3077 2552,3077 2552,3017"/>
                    <TextEquiv>
                        <Unicode>Kultur</Unicode>
                    </TextEquiv>
                </Word>
                <Word id="tr_2_tl_70_w3" custom="readingOrder {index:2;}">
                    <Coords points="2586,3020 2586,3080 2746,3080 2746,3020"/>
                    <TextEquiv>
                        <Unicode>erzählen,</Unicode>
                    </TextEquiv>
                </Word>
                <Word id="tr_2_tl_70_w4" custom="readingOrder {index:3;}">
                    <Coords points="2780,3020 2780,3080 2835,3080 2835,3020"/>
                    <TextEquiv>
                        <Unicode>von</Unicode>
                    </TextEquiv>
                </Word>
                <Word id="tr_2_tl_70_w5" custom="readingOrder {index:4;}">
                    <Coords points="2880,3020 2880,3080 3073,3080 3073,3020"/>
                    <TextEquiv>
                        <Unicode>Österreichs</Unicode>
                    </TextEquiv>
                </Word>
                <TextEquiv>
                    <Unicode>reichischer Kultur erzählen, von Österreichs</Unicode>
                </TextEquiv>
            </TextLine>
            <TextLine id="tr_2_tl_71" custom="readingOrder {index:70;}">
                <Coords points="157,3087 2192,3084 2192,3040 2105,3033 157,3047"/>
                <Baseline points="176,3084 277,3081 378,3078 480,3081 581,3081 682,3078 784,3078 885,3078 986,3075 1088,3072 1189,3075 1290,3075 1392,3071 1493,3075 1594,3072 1696,3075 1797,3075 1898,3075 2000,3073 2101,3073 2203,3069"/>
                <Word id="tr_2_tl_71_w1" custom="readingOrder {index:0;}">
                    <Coords points="158,3043 158,3103 202,3103 202,3043"/>
                    <TextEquiv>
                        <Unicode>ist</Unicode>
                    </TextEquiv>
                </Word>
                <Word id="tr_2_tl_71_w2" custom="readingOrder {index:1;}">
                    <Coords points="225,3041 225,3101 304,3101 304,3041"/>
                    <TextEquiv>
                        <Unicode>nicht</Unicode>
                    </TextEquiv>
                </Word>
                <Word id="tr_2_tl_71_w3" custom="readingOrder {index:2;}">
                    <Coords points="327,3038 327,3098 433,3098 433,3038"/>
                    <TextEquiv>
                        <Unicode>beson=</Unicode>
                    </TextEquiv>
                </Word>
                <Word id="tr_2_tl_71_w4" custom="readingOrder {index:3;}">
                    <Coords points="462,3040 462,3100 710,3100 710,3040"/>
                    <TextEquiv>
                        <Unicode>Künstlerschaft</Unicode>
                    </TextEquiv>
                </Word>
                <Word id="tr_2_tl_71_w5" custom="readingOrder {index:4;}">
                    <Coords points="739,3038 739,3098 789,3098 789,3038"/>
                    <TextEquiv>
                        <Unicode>des</Unicode>
                    </TextEquiv>
                </Word>
                <Word id="tr_2_tl_71_w6" custom="readingOrder {index:5;}">
                    <Coords points="824,3036 824,3096 1043,3096 1043,3036"/>
                    <TextEquiv>
                        <Unicode>heißgeliebten</Unicode>
                    </TextEquiv>
                </Word>
                <Word id="tr_2_tl_71_w7" custom="readingOrder {index:6;}">
                    <Coords points="1077,3033 1077,3093 1207,3093 1207,3033"/>
                    <TextEquiv>
                        <Unicode>Sohnes</Unicode>
                    </TextEquiv>
                </Word>
                <Word id="tr_2_tl_71_w8" custom="readingOrder {index:7;}">
                    <Coords points="1242,3035 1242,3095 1320,3095 1320,3035"/>
                    <TextEquiv>
                        <Unicode>nicht</Unicode>
                    </TextEquiv>
                </Word>
                <Word id="tr_2_tl_71_w9" custom="readingOrder {index:8;}">
                    <Coords points="1349,3031 1349,3091 1416,3091 1416,3031"/>
                    <TextEquiv>
                        <Unicode>Vor</Unicode>
                    </TextEquiv>
                </Word>
                <Word id="tr_2_tl_71_w10" custom="readingOrder {index:9;}">
                    <Coords points="1445,3034 1445,3094 1506,3094 1506,3034"/>
                    <TextEquiv>
                        <Unicode>uns</Unicode>
                    </TextEquiv>
                </Word>
                <Word id="tr_2_tl_71_w11" custom="readingOrder {index:10;}">
                    <Coords points="1540,3032 1540,3092 1613,3092 1613,3032"/>
                    <TextEquiv>
                        <Unicode>aber</Unicode>
                    </TextEquiv>
                </Word>
                <Word id="tr_2_tl_71_w12" custom="readingOrder {index:11;}">
                    <Coords points="1642,3035 1642,3095 1755,3095 1755,3035"/>
                    <TextEquiv>
                        <Unicode>ersteht</Unicode>
                    </TextEquiv>
                </Word>
                <Word id="tr_2_tl_71_w13" custom="readingOrder {index:12;}">
                    <Coords points="1784,3035 1784,3095 1828,3095 1828,3035"/>
                    <TextEquiv>
                        <Unicode>die</Unicode>
                    </TextEquiv>
                </Word>
                <Word id="tr_2_tl_71_w14" custom="readingOrder {index:13;}">
                    <Coords points="1857,3034 1857,3094 1946,3094 1946,3034"/>
                    <TextEquiv>
                        <Unicode>ganze</Unicode>
                    </TextEquiv>
                </Word>
                <Word id="tr_2_tl_71_w15" custom="readingOrder {index:14;}">
                    <Coords points="1975,3033 1975,3093 2070,3093 2070,3033"/>
                    <TextEquiv>
                        <Unicode>Fülle</Unicode>
                    </TextEquiv>
                </Word>
                <Word id="tr_2_tl_71_w16" custom="readingOrder {index:15;}">
                    <Coords points="2099,3031 2099,3091 2194,3091 2194,3031"/>
                    <TextEquiv>
                        <Unicode>seiner</Unicode>
                    </TextEquiv>
                </Word>
                <TextEquiv>
                    <Unicode>ist nicht beson= Künstlerschaft des heißgeliebten Sohnes nicht Vor uns aber ersteht die ganze Fülle seiner</Unicode>
                </TextEquiv>
            </TextLine>
            <TextLine id="tr_2_tl_72" custom="readingOrder {index:71;}">
                <Coords points="157,3139 3087,3109 3087,3073 2857,3058 157,3087"/>
                <Baseline points="176,3125 322,3124 468,3121 614,3125 760,3122 906,3122 1052,3119 1198,3116 1344,3113 1490,3116 1637,3116 1783,3116 1929,3116 2075,3116 2221,3104 2367,3101 2513,3098 2659,3099 2805,3099 2951,3101 3098,3098"/>
                <Word id="tr_2_tl_72_w1" custom="readingOrder {index:0;}">
                    <Coords points="165,3084 165,3144 329,3144 329,3084"/>
                    <TextEquiv>
                        <Unicode>besonders</Unicode>
                    </TextEquiv>
                </Word>
                <Word id="tr_2_tl_72_w2" custom="readingOrder {index:1;}">
                    <Coords points="355,3082 355,3142 440,3142 440,3082"/>
                    <TextEquiv>
                        <Unicode>geist=</Unicode>
                    </TextEquiv>
                </Word>
                <Word id="tr_2_tl_72_w3" custom="readingOrder {index:2;}">
                    <Coords points="471,3081 471,3141 532,3141 532,3081"/>
                    <TextEquiv>
                        <Unicode>mit</Unicode>
                    </TextEquiv>
                </Word>
                <Word id="tr_2_tl_72_w4" custom="readingOrder {index:3;}">
                    <Coords points="551,3084 551,3144 636,3144 636,3084"/>
                    <TextEquiv>
                        <Unicode>ihrem</Unicode>
                    </TextEquiv>
                </Word>
                <Word id="tr_2_tl_72_w5" custom="readingOrder {index:4;}">
                    <Coords points="673,3082 673,3142 814,3142 814,3082"/>
                    <TextEquiv>
                        <Unicode>Siechtum</Unicode>
                    </TextEquiv>
                </Word>
                <Word id="tr_2_tl_72_w6" custom="readingOrder {index:5;}">
                    <Coords points="858,3082 858,3142 882,3142 882,3082"/>
                    <TextEquiv>
                        <Unicode>zu</Unicode>
                    </TextEquiv>
                </Word>
                <Word id="tr_2_tl_72_w7" custom="readingOrder {index:6;}">
                    <Coords points="913,3079 913,3139 1114,3139 1114,3079"/>
                    <TextEquiv>
                        <Unicode>beschweren.</Unicode>
                    </TextEquiv>
                </Word>
                <Word id="tr_2_tl_72_w8" custom="readingOrder {index:7;}">
                    <Coords points="1133,3076 1133,3136 1176,3136 1176,3076"/>
                    <TextEquiv>
                        <Unicode>In</Unicode>
                    </TextEquiv>
                </Word>
                <Word id="tr_2_tl_72_w9" custom="readingOrder {index:8;}">
                    <Coords points="1207,3074 1207,3134 1298,3134 1298,3074"/>
                    <TextEquiv>
                        <Unicode>seinem</Unicode>
                    </TextEquiv>
                </Word>
                <Word id="tr_2_tl_72_w10" custom="readingOrder {index:9;}">
                    <Coords points="1349,3074 1349,3134 1452,3134 1452,3074"/>
                    <TextEquiv>
                        <Unicode>holden</Unicode>
                    </TextEquiv>
                </Word>
                <Word id="tr_2_tl_72_w11" custom="readingOrder {index:10;}">
                    <Coords points="1489,3076 1489,3136 1795,3136 1795,3076"/>
                    <TextEquiv>
                        <Unicode>Frauengestalten,</Unicode>
                    </TextEquiv>
                </Word>
                <Word id="tr_2_tl_72_w12" custom="readingOrder {index:11;}">
                    <Coords points="1826,3076 1826,3136 1875,3136 1875,3076"/>
                    <TextEquiv>
                        <Unicode>die</Unicode>
                    </TextEquiv>
                </Word>
                <Word id="tr_2_tl_72_w13" custom="readingOrder {index:12;}">
                    <Coords points="1919,3076 1919,3136 2102,3136 2102,3076"/>
                    <TextEquiv>
                        <Unicode>Mondänen</Unicode>
                    </TextEquiv>
                </Word>
                <Word id="tr_2_tl_72_w14" custom="readingOrder {index:13;}">
                    <Coords points="2139,3069 2139,3129 2175,3129 2175,3069"/>
                    <TextEquiv>
                        <Unicode>um</Unicode>
                    </TextEquiv>
                </Word>
                <Word id="tr_2_tl_72_w15" custom="readingOrder {index:14;}">
                    <Coords points="2225,3062 2225,3122 2396,3122 2396,3062"/>
                    <TextEquiv>
                        <Unicode>duftzartem</Unicode>
                    </TextEquiv>
                </Word>
                <Word id="tr_2_tl_72_w16" custom="readingOrder {index:15;}">
                    <Coords points="2452,3058 2452,3118 2605,3118 2605,3058"/>
                    <TextEquiv>
                        <Unicode>Mödchen</Unicode>
                    </TextEquiv>
                </Word>
                <Word id="tr_2_tl_72_w17" custom="readingOrder {index:16;}">
                    <Coords points="2649,3059 2649,3119 2709,3119 2709,3059"/>
                    <TextEquiv>
                        <Unicode>und</Unicode>
                    </TextEquiv>
                </Word>
                <Word id="tr_2_tl_72_w18" custom="readingOrder {index:17;}">
                    <Coords points="2759,3059 2759,3119 2905,3119 2905,3059"/>
                    <TextEquiv>
                        <Unicode>lebendig</Unicode>
                    </TextEquiv>
                </Word>
                <Word id="tr_2_tl_72_w19" custom="readingOrder {index:18;}">
                    <Coords points="2949,3059 2949,3119 3077,3119 3077,3059"/>
                    <TextEquiv>
                        <Unicode>frischen</Unicode>
                    </TextEquiv>
                </Word>
                <TextEquiv>
                    <Unicode>besonders geist= mit ihrem Siechtum zu beschweren. In seinem holden Frauengestalten, die Mondänen um duftzartem Mödchen und lebendig frischen</Unicode>
                </TextEquiv>
            </TextLine>
            <TextLine id="tr_2_tl_73" custom="readingOrder {index:72;}">
                <Coords points="2214,3153 3080,3160 3080,3109 2927,3098 2214,3106"/>
                <Baseline points="2236,3149 2278,3146 2321,3146 2363,3146 2406,3146 2449,3146 2491,3144 2534,3143 2577,3145 2619,3145 2662,3143 2705,3144 2747,3146 2790,3146 2833,3147 2875,3148 2918,3146 2961,3146 3003,3146 3046,3149 3089,3146"/>
                <Word id="tr_2_tl_73_w1" custom="readingOrder {index:0;}">
                    <Coords points="2220,3106 2220,3166 2369,3166 2369,3106"/>
                    <TextEquiv>
                        <Unicode>Frauen.</Unicode>
                    </TextEquiv>
                </Word>
                <Word id="tr_2_tl_73_w2" custom="readingOrder {index:1;}">
                    <Coords points="2391,3106 2391,3166 2446,3166 2446,3106"/>
                    <TextEquiv>
                        <Unicode>vom</Unicode>
                    </TextEquiv>
                </Word>
                <Word id="tr_2_tl_73_w3" custom="readingOrder {index:2;}">
                    <Coords points="2491,3104 2491,3164 2640,3164 2640,3104"/>
                    <TextEquiv>
                        <Unicode>Frühling</Unicode>
                    </TextEquiv>
                </Word>
                <Word id="tr_2_tl_73_w4" custom="readingOrder {index:3;}">
                    <Coords points="2674,3103 2674,3163 2706,3163 2706,3103"/>
                    <TextEquiv>
                        <Unicode>am</Unicode>
                    </TextEquiv>
                </Word>
                <Word id="tr_2_tl_73_w5" custom="readingOrder {index:4;}">
                    <Coords points="2751,3107 2751,3167 2983,3167 2983,3107"/>
                    <TextEquiv>
                        <Unicode>Donaustrand</Unicode>
                    </TextEquiv>
                </Word>
                <Word id="tr_2_tl_73_w6" custom="readingOrder {index:5;}">
                    <Coords points="3017,3108 3017,3168 3072,3168 3072,3108"/>
                    <TextEquiv>
                        <Unicode>und</Unicode>
                    </TextEquiv>
                </Word>
                <TextEquiv>
                    <Unicode>Frauen. vom Frühling am Donaustrand und</Unicode>
                </TextEquiv>
            </TextLine>
            <TextLine id="tr_2_tl_74" custom="readingOrder {index:73;}">
                <Coords points="153,3179 1933,3179 2178,3164 2181,3120 153,3139"/>
                <Baseline points="173,3170 273,3167 374,3164 475,3164 576,3167 676,3166 777,3164 878,3164 979,3160 1079,3161 1180,3160 1281,3161 1382,3161 1482,3159 1583,3160 1684,3161 1785,3161 1885,3160 1986,3161 2087,3159 2188,3158"/>
                <Word id="tr_2_tl_74_w1" custom="readingOrder {index:0;}">
                    <Coords points="148,3130 148,3190 171,3190 171,3130"/>
                    <TextEquiv>
                        <Unicode>se</Unicode>
                    </TextEquiv>
                </Word>
                <Word id="tr_2_tl_74_w2" custom="readingOrder {index:1;}">
                    <Coords points="194,3127 194,3187 320,3187 320,3127"/>
                    <TextEquiv>
                        <Unicode>Anmut</Unicode>
                    </TextEquiv>
                </Word>
                <Word id="tr_2_tl_74_w3" custom="readingOrder {index:2;}">
                    <Coords points="350,3124 350,3184 430,3184 430,3124"/>
                    <TextEquiv>
                        <Unicode>eines</Unicode>
                    </TextEquiv>
                </Word>
                <Word id="tr_2_tl_74_w4" custom="readingOrder {index:3;}">
                    <Coords points="471,3126 471,3186 626,3186 626,3126"/>
                    <TextEquiv>
                        <Unicode>einzigen,</Unicode>
                    </TextEquiv>
                </Word>
                <Word id="tr_2_tl_74_w5" custom="readingOrder {index:4;}">
                    <Coords points="650,3124 650,3184 909,3184 909,3124"/>
                    <TextEquiv>
                        <Unicode>großangelegten</Unicode>
                    </TextEquiv>
                </Word>
                <Word id="tr_2_tl_74_w6" custom="readingOrder {index:5;}">
                    <Coords points="950,3120 950,3180 1093,3180 1093,3120"/>
                    <TextEquiv>
                        <Unicode>Roman,</Unicode>
                    </TextEquiv>
                </Word>
                <Word id="tr_2_tl_74_w7" custom="readingOrder {index:6;}">
                    <Coords points="1123,3120 1123,3180 1209,3180 1209,3120"/>
                    <TextEquiv>
                        <Unicode>„Der</Unicode>
                    </TextEquiv>
                </Word>
                <Word id="tr_2_tl_74_w8" custom="readingOrder {index:7;}">
                    <Coords points="1238,3120 1238,3180 1312,3180 1312,3120"/>
                    <TextEquiv>
                        <Unicode>Weg</Unicode>
                    </TextEquiv>
                </Word>
                <Word id="tr_2_tl_74_w9" custom="readingOrder {index:8;}">
                    <Coords points="1348,3120 1348,3180 1451,3180 1451,3120"/>
                    <TextEquiv>
                        <Unicode>„Frau</Unicode>
                    </TextEquiv>
                </Word>
                <Word id="tr_2_tl_74_w10" custom="readingOrder {index:9;}">
                    <Coords points="1480,3119 1480,3179 1572,3179 1572,3119"/>
                    <TextEquiv>
                        <Unicode>Berta</Unicode>
                    </TextEquiv>
                </Word>
                <Word id="tr_2_tl_74_w11" custom="readingOrder {index:10;}">
                    <Coords points="1602,3121 1602,3181 1768,3181 1768,3121"/>
                    <TextEquiv>
                        <Unicode>Garlan“,</Unicode>
                    </TextEquiv>
                </Word>
                <Word id="tr_2_tl_74_w12" custom="readingOrder {index:11;}">
                    <Coords points="1786,3120 1786,3180 1849,3180 1849,3120"/>
                    <TextEquiv>
                        <Unicode>jene</Unicode>
                    </TextEquiv>
                </Word>
                <Word id="tr_2_tl_74_w13" custom="readingOrder {index:12;}">
                    <Coords points="1873,3120 1873,3180 2010,3180 2010,3120"/>
                    <TextEquiv>
                        <Unicode>elegante</Unicode>
                    </TextEquiv>
                </Word>
                <Word id="tr_2_tl_74_w14" custom="readingOrder {index:13;}">
                    <Coords points="2034,3118 2034,3178 2178,3178 2178,3118"/>
                    <TextEquiv>
                        <Unicode>Gabriele</Unicode>
                    </TextEquiv>
                </Word>
                <TextEquiv>
                    <Unicode>se Anmut eines einzigen, großangelegten Roman, „Der Weg „Frau Berta Garlan“, jene elegante Gabriele</Unicode>
                </TextEquiv>
            </TextLine>
            <TextLine id="tr_2_tl_75" custom="readingOrder {index:74;}">
                <Coords points="464,3215 1896,3204 2061,3237 2916,3193 2916,3160 2737,3150 464,3171"/>
                <Baseline points="483,3206 605,3209 727,3207 849,3205 971,3206 1093,3205 1215,3203 1337,3200 1459,3203 1581,3203 1704,3201 1826,3202 1948,3203 2070,3203 2192,3200 2314,3188 2436,3188 2558,3189 2680,3188 2802,3189 2925,3188"/>
                <Word id="tr_2_tl_75_w1" custom="readingOrder {index:0;}">
                    <Coords points="466,3166 466,3226 520,3226 520,3166"/>
                    <TextEquiv>
                        <Unicode>ins</Unicode>
                    </TextEquiv>
                </Word>
                <Word id="tr_2_tl_75_w2" custom="readingOrder {index:1;}">
                    <Coords points="552,3168 552,3228 680,3228 680,3168"/>
                    <TextEquiv>
                        <Unicode>Freie",</Unicode>
                    </TextEquiv>
                </Word>
                <Word id="tr_2_tl_75_w3" custom="readingOrder {index:2;}">
                    <Coords points="705,3166 705,3226 778,3226 778,3166"/>
                    <TextEquiv>
                        <Unicode>stellt</Unicode>
                    </TextEquiv>
                </Word>
                <Word id="tr_2_tl_75_w4" custom="readingOrder {index:3;}">
                    <Coords points="810,3165 810,3225 858,3225 858,3165"/>
                    <TextEquiv>
                        <Unicode>der</Unicode>
                    </TextEquiv>
                </Word>
                <Word id="tr_2_tl_75_w5" custom="readingOrder {index:4;}">
                    <Coords points="890,3165 890,3225 1018,3225 1018,3165"/>
                    <TextEquiv>
                        <Unicode>Dichter</Unicode>
                    </TextEquiv>
                </Word>
                <Word id="tr_2_tl_75_w6" custom="readingOrder {index:5;}">
                    <Coords points="1049,3165 1049,3225 1098,3225 1098,3165"/>
                    <TextEquiv>
                        <Unicode>dem</Unicode>
                    </TextEquiv>
                </Word>
                <Word id="tr_2_tl_75_w7" custom="readingOrder {index:6;}">
                    <Coords points="1141,3162 1141,3222 1319,3222 1319,3162"/>
                    <TextEquiv>
                        <Unicode>Patrizier=</Unicode>
                    </TextEquiv>
                </Word>
                <Word id="tr_2_tl_75_w8" custom="readingOrder {index:7;}">
                    <Coords points="1351,3160 1351,3220 1393,3220 1393,3160"/>
                    <TextEquiv>
                        <Unicode>die</Unicode>
                    </TextEquiv>
                </Word>
                <Word id="tr_2_tl_75_w9" custom="readingOrder {index:8;}">
                    <Coords points="1418,3163 1418,3223 1504,3223 1504,3163"/>
                    <TextEquiv>
                        <Unicode>„auch</Unicode>
                    </TextEquiv>
                </Word>
                <Word id="tr_2_tl_75_w10" custom="readingOrder {index:9;}">
                    <Coords points="1536,3163 1536,3223 1559,3223 1559,3163"/>
                    <TextEquiv>
                        <Unicode>so</Unicode>
                    </TextEquiv>
                </Word>
                <Word id="tr_2_tl_75_w11" custom="readingOrder {index:10;}">
                    <Coords points="1585,3162 1585,3222 1676,3222 1676,3162"/>
                    <TextEquiv>
                        <Unicode>lieben</Unicode>
                    </TextEquiv>
                </Word>
                <Word id="tr_2_tl_75_w12" custom="readingOrder {index:11;}">
                    <Coords points="1708,3161 1708,3221 1805,3221 1805,3161"/>
                    <TextEquiv>
                        <Unicode>kann,</Unicode>
                    </TextEquiv>
                </Word>
                <Word id="tr_2_tl_75_w13" custom="readingOrder {index:12;}">
                    <Coords points="1824,3162 1824,3222 1879,3222 1879,3162"/>
                    <TextEquiv>
                        <Unicode>wie</Unicode>
                    </TextEquiv>
                </Word>
                <Word id="tr_2_tl_75_w14" custom="readingOrder {index:13;}">
                    <Coords points="1905,3162 1905,3222 1947,3222 1947,3162"/>
                    <TextEquiv>
                        <Unicode>ein</Unicode>
                    </TextEquiv>
                </Word>
                <Word id="tr_2_tl_75_w15" custom="readingOrder {index:14;}">
                    <Coords points="1972,3163 1972,3223 2063,3223 2063,3163"/>
                    <TextEquiv>
                        <Unicode>süßes</Unicode>
                    </TextEquiv>
                </Word>
                <Word id="tr_2_tl_75_w16" custom="readingOrder {index:15;}">
                    <Coords points="2089,3161 2089,3221 2198,3221 2198,3161"/>
                    <TextEquiv>
                        <Unicode>Mädel</Unicode>
                    </TextEquiv>
                </Word>
                <Word id="tr_2_tl_75_w17" custom="readingOrder {index:16;}">
                    <Coords points="2224,3148 2224,3208 2438,3208 2438,3148"/>
                    <TextEquiv>
                        <Unicode>lichterfüllten</Unicode>
                    </TextEquiv>
                </Word>
                <Word id="tr_2_tl_75_w18" custom="readingOrder {index:17;}">
                    <Coords points="2470,3148 2470,3208 2679,3208 2679,3148"/>
                    <TextEquiv>
                        <Unicode>winterlichen</Unicode>
                    </TextEquiv>
                </Word>
                <Word id="tr_2_tl_75_w19" custom="readingOrder {index:18;}">
                    <Coords points="2710,3148 2710,3208 2869,3208 2869,3148"/>
                    <TextEquiv>
                        <Unicode>Straßen.</Unicode>
                    </TextEquiv>
                </Word>
                <TextEquiv>
                    <Unicode>ins Freie", stellt der Dichter dem Patrizier= die „auch so lieben kann, wie ein süßes Mädel lichterfüllten winterlichen Straßen.</Unicode>
                </TextEquiv>
            </TextLine>
            <TextLine id="tr_2_tl_76" custom="readingOrder {index:75;}">
                <Coords points="150,3223 186,3223 208,3237 234,3212 270,3223 303,3215 325,3226 369,3212 438,3219 438,3179 406,3171 281,3175 252,3186 230,3175 150,3179"/>
                <Baseline points="170,3215 195,3211 220,3209 245,3209 270,3209 295,3209 321,3209 346,3209 371,3208 396,3206 421,3206 447,3206"/>
                <Word id="tr_2_tl_76_w1" custom="readingOrder {index:0;}">
                    <Coords points="156,3170 156,3230 242,3230 242,3170"/>
                    <TextEquiv>
                        <Unicode>razie</Unicode>
                    </TextEquiv>
                </Word>
                <Word id="tr_2_tl_76_w2" custom="readingOrder {index:1;}">
                    <Coords points="264,3169 264,3229 350,3229 350,3169"/>
                    <TextEquiv>
                        <Unicode>einer</Unicode>
                    </TextEquiv>
                </Word>
                <Word id="tr_2_tl_76_w3" custom="readingOrder {index:2;}">
                    <Coords points="377,3166 377,3226 441,3226 441,3166"/>
                    <TextEquiv>
                        <Unicode>ver¬</Unicode>
                    </TextEquiv>
                </Word>
                <TextEquiv>
                    <Unicode>razie einer ver¬</Unicode>
                </TextEquiv>
            </TextLine>
            <TextLine id="tr_2_tl_77" custom="readingOrder {index:76;}">
                <Coords points="2243,3245 3080,3248 3080,3197 3007,3212 2956,3182 2817,3208 2243,3204"/>
                <Baseline points="2265,3236 2308,3236 2351,3233 2394,3233 2437,3235 2480,3236 2523,3236 2566,3234 2609,3235 2652,3234 2696,3233 2739,3235 2782,3234 2825,3233 2868,3234 2911,3236 2954,3236 2997,3236 3040,3237 3084,3239"/>
                <Word id="tr_2_tl_77_w1" custom="readingOrder {index:0;}">
                    <Coords points="2250,3196 2250,3256 2318,3256 2318,3196"/>
                    <TextEquiv>
                        <Unicode>Der</Unicode>
                    </TextEquiv>
                </Word>
                <Word id="tr_2_tl_77_w2" custom="readingOrder {index:1;}">
                    <Coords points="2353,3195 2353,3255 2554,3255 2554,3195"/>
                    <TextEquiv>
                        <Unicode>Herbstwind</Unicode>
                    </TextEquiv>
                </Word>
                <Word id="tr_2_tl_77_w3" custom="readingOrder {index:2;}">
                    <Coords points="2589,3194 2589,3254 2686,3254 2686,3194"/>
                    <TextEquiv>
                        <Unicode>streut</Unicode>
                    </TextEquiv>
                </Word>
                <Word id="tr_2_tl_77_w4" custom="readingOrder {index:3;}">
                    <Coords points="2721,3194 2721,3254 2812,3254 2812,3194"/>
                    <TextEquiv>
                        <Unicode>dürre</Unicode>
                    </TextEquiv>
                </Word>
                <Word id="tr_2_tl_77_w5" custom="readingOrder {index:4;}">
                    <Coords points="2847,3196 2847,3256 2979,3256 2979,3196"/>
                    <TextEquiv>
                        <Unicode>Blätter</Unicode>
                    </TextEquiv>
                </Word>
                <Word id="tr_2_tl_77_w6" custom="readingOrder {index:5;}">
                    <Coords points="3020,3197 3020,3257 3077,3257 3077,3197"/>
                    <TextEquiv>
                        <Unicode>auf</Unicode>
                    </TextEquiv>
                </Word>
                <TextEquiv>
                    <Unicode>Der Herbstwind streut dürre Blätter auf</Unicode>
                </TextEquiv>
            </TextLine>
            <TextLine id="tr_2_tl_78" custom="readingOrder {index:77;}">
                <Coords points="1345,3248 2192,3252 2192,3208 1345,3215"/>
                <Baseline points="1364,3239 1405,3242 1447,3245 1489,3245 1531,3245 1573,3245 1614,3243 1656,3244 1698,3245 1740,3246 1782,3248 1823,3247 1865,3245 1907,3245 1949,3245 1991,3245 2032,3242 2074,3242 2116,3242 2158,3242 2200,3242"/>
                <Word id="tr_2_tl_78_w1" custom="readingOrder {index:0;}">
                    <Coords points="1345,3199 1345,3259 1360,3259 1360,3199"/>
                    <TextEquiv>
                        <Unicode>—</Unicode>
                    </TextEquiv>
                </Word>
                <Word id="tr_2_tl_78_w2" custom="readingOrder {index:1;}">
                    <Coords points="1408,3204 1408,3264 1466,3264 1466,3204"/>
                    <TextEquiv>
                        <Unicode>und</Unicode>
                    </TextEquiv>
                </Word>
                <Word id="tr_2_tl_78_w3" custom="readingOrder {index:2;}">
                    <Coords points="1493,3205 1493,3265 1550,3265 1550,3205"/>
                    <TextEquiv>
                        <Unicode>nur</Unicode>
                    </TextEquiv>
                </Word>
                <Word id="tr_2_tl_78_w4" custom="readingOrder {index:3;}">
                    <Coords points="1572,3203 1572,3263 1625,3263 1625,3203"/>
                    <TextEquiv>
                        <Unicode>den</Unicode>
                    </TextEquiv>
                </Word>
                <Word id="tr_2_tl_78_w5" custom="readingOrder {index:4;}">
                    <Coords points="1652,3204 1652,3264 1725,3264 1725,3204"/>
                    <TextEquiv>
                        <Unicode>Mut</Unicode>
                    </TextEquiv>
                </Word>
                <Word id="tr_2_tl_78_w6" custom="readingOrder {index:5;}">
                    <Coords points="1747,3207 1747,3267 1814,3267 1814,3207"/>
                    <TextEquiv>
                        <Unicode>dazu</Unicode>
                    </TextEquiv>
                </Word>
                <Word id="tr_2_tl_78_w7" custom="readingOrder {index:6;}">
                    <Coords points="1842,3205 1842,3265 1921,3265 1921,3205"/>
                    <TextEquiv>
                        <Unicode>nicht</Unicode>
                    </TextEquiv>
                </Word>
                <Word id="tr_2_tl_78_w8" custom="readingOrder {index:7;}">
                    <Coords points="1942,3204 1942,3264 2052,3264 2052,3204"/>
                    <TextEquiv>
                        <Unicode>hatte,"</Unicode>
                    </TextEquiv>
                </Word>
                <Word id="tr_2_tl_78_w9" custom="readingOrder {index:8;}">
                    <Coords points="2074,3202 2074,3262 2089,3262 2089,3202"/>
                    <TextEquiv>
                        <Unicode>—</Unicode>
                    </TextEquiv>
                </Word>
                <Word id="tr_2_tl_78_w10" custom="readingOrder {index:9;}">
                    <Coords points="2132,3202 2132,3262 2184,3262 2184,3202"/>
                    <TextEquiv>
                        <Unicode>und</Unicode>
                    </TextEquiv>
                </Word>
                <TextEquiv>
                    <Unicode>— und nur den Mut dazu nicht hatte," — und</Unicode>
                </TextEquiv>
            </TextLine>
            <TextLine id="tr_2_tl_79" custom="readingOrder {index:78;}">
                <Coords points="468,3270 1315,3252 1293,3212 468,3215"/>
                <Baseline points="486,3257 530,3256 574,3254 618,3254 662,3253 706,3251 750,3251 795,3248 839,3248 883,3248 927,3248 971,3248 1015,3245 1060,3248 1104,3245 1148,3248 1192,3245 1236,3245 1280,3245 1325,3242"/>
                <Word id="tr_2_tl_79_w1" custom="readingOrder {index:0;}">
                    <Coords points="468,3216 468,3276 534,3276 534,3216"/>
                    <TextEquiv>
                        <Unicode>sohn</Unicode>
                    </TextEquiv>
                </Word>
                <Word id="tr_2_tl_79_w2" custom="readingOrder {index:1;}">
                    <Coords points="576,3213 576,3273 694,3273 694,3213"/>
                    <TextEquiv>
                        <Unicode>Georg.</Unicode>
                    </TextEquiv>
                </Word>
                <Word id="tr_2_tl_79_w3" custom="readingOrder {index:2;}">
                    <Coords points="721,3211 721,3271 771,3271 771,3211"/>
                    <TextEquiv>
                        <Unicode>dem</Unicode>
                    </TextEquiv>
                </Word>
                <Word id="tr_2_tl_79_w4" custom="readingOrder {index:3;}">
                    <Coords points="823,3208 823,3268 879,3268 879,3208"/>
                    <TextEquiv>
                        <Unicode>von</Unicode>
                    </TextEquiv>
                </Word>
                <Word id="tr_2_tl_79_w5" custom="readingOrder {index:4;}">
                    <Coords points="917,3208 917,3268 968,3268 968,3208"/>
                    <TextEquiv>
                        <Unicode>den</Unicode>
                    </TextEquiv>
                </Word>
                <Word id="tr_2_tl_79_w6" custom="readingOrder {index:5;}">
                    <Coords points="1004,3206 1004,3266 1148,3266 1148,3206"/>
                    <TextEquiv>
                        <Unicode>schönsten</Unicode>
                    </TextEquiv>
                </Word>
                <Word id="tr_2_tl_79_w7" custom="readingOrder {index:6;}">
                    <Coords points="1190,3205 1190,3265 1308,3265 1308,3205"/>
                    <TextEquiv>
                        <Unicode>Frauen</Unicode>
                    </TextEquiv>
                </Word>
                <TextEquiv>
                    <Unicode>sohn Georg. dem von den schönsten Frauen</Unicode>
                </TextEquiv>
            </TextLine>
            <TextLine id="tr_2_tl_80" custom="readingOrder {index:79;}">
                <Coords points="197,3266 300,3270 325,3259 442,3266 446,3219 373,3212 325,3230 300,3212 274,3219 256,3212 197,3230"/>
                <Baseline points="217,3257 242,3254 268,3254 294,3254 320,3254 346,3254 372,3253 398,3252 424,3250 450,3248"/>
                <Word id="tr_2_tl_80_w1" custom="readingOrder {index:0;}">
                    <Coords points="209,3214 209,3274 305,3274 305,3214"/>
                    <TextEquiv>
                        <Unicode>Geist</Unicode>
                    </TextEquiv>
                </Word>
                <Word id="tr_2_tl_80_w2" custom="readingOrder {index:1;}">
                    <Coords points="346,3212 346,3272 437,3272 437,3212"/>
                    <TextEquiv>
                        <Unicode>eines</Unicode>
                    </TextEquiv>
                </Word>
                <TextEquiv>
                    <Unicode>Geist eines</Unicode>
                </TextEquiv>
            </TextLine>
            <TextLine id="tr_2_tl_81" custom="readingOrder {index:80;}">
                <Coords points="2211,3288 3084,3307 3084,3248 2382,3252 2211,3226"/>
                <Baseline points="2230,3275 2273,3278 2316,3278 2359,3281 2402,3281 2445,3279 2488,3280 2531,3279 2574,3278 2617,3278 2661,3278 2704,3278 2747,3280 2790,3281 2833,3281 2876,3281 2919,3281 2962,3281 3005,3282 3048,3284 3092,3287"/>
                <Word id="tr_2_tl_81_w1" custom="readingOrder {index:0;}">
                    <Coords points="2218,3235 2218,3295 2269,3295 2269,3235"/>
                    <TextEquiv>
                        <Unicode>ein</Unicode>
                    </TextEquiv>
                </Word>
                <Word id="tr_2_tl_81_w2" custom="readingOrder {index:1;}">
                    <Coords points="2299,3240 2299,3300 2524,3300 2524,3240"/>
                    <TextEquiv>
                        <Unicode>Dichtergrab,</Unicode>
                    </TextEquiv>
                </Word>
                <Word id="tr_2_tl_81_w3" custom="readingOrder {index:2;}">
                    <Coords points="2548,3238 2548,3298 2594,3298 2594,3238"/>
                    <TextEquiv>
                        <Unicode>die</Unicode>
                    </TextEquiv>
                </Word>
                <Word id="tr_2_tl_81_w4" custom="readingOrder {index:3;}">
                    <Coords points="2624,3238 2624,3298 2751,3298 2751,3238"/>
                    <TextEquiv>
                        <Unicode>Wiener</Unicode>
                    </TextEquiv>
                </Word>
                <Word id="tr_2_tl_81_w5" custom="readingOrder {index:4;}">
                    <Coords points="2780,3241 2780,3301 2901,3301 2901,3241"/>
                    <TextEquiv>
                        <Unicode>Frauen</Unicode>
                    </TextEquiv>
                </Word>
                <Word id="tr_2_tl_81_w6" custom="readingOrder {index:5;}">
                    <Coords points="2943,3242 2943,3302 3069,3302 3069,3242"/>
                    <TextEquiv>
                        <Unicode>trauern</Unicode>
                    </TextEquiv>
                </Word>
                <TextEquiv>
                    <Unicode>ein Dichtergrab, die Wiener Frauen trauern</Unicode>
                </TextEquiv>
            </TextLine>
            <TextLine id="tr_2_tl_82" custom="readingOrder {index:81;}">
                <Coords points="449,3314 2181,3296 2181,3252 2119,3245 449,3263"/>
                <Baseline points="471,3295 556,3296 642,3295 728,3293 813,3292 899,3292 985,3290 1070,3288 1156,3290 1242,3290 1328,3287 1413,3287 1499,3289 1585,3290 1670,3289 1756,3291 1842,3290 1927,3290 2013,3290 2099,3290 2185,3281"/>
                <Word id="tr_2_tl_82_w1" custom="readingOrder {index:0;}">
                    <Coords points="454,3255 454,3315 655,3315 655,3255"/>
                    <TextEquiv>
                        <Unicode>verwöhnten</Unicode>
                    </TextEquiv>
                </Word>
                <Word id="tr_2_tl_82_w2" custom="readingOrder {index:1;}">
                    <Coords points="688,3252 688,3312 852,3312 852,3252"/>
                    <TextEquiv>
                        <Unicode>Künstler,</Unicode>
                    </TextEquiv>
                </Word>
                <Word id="tr_2_tl_82_w3" custom="readingOrder {index:2;}">
                    <Coords points="874,3251 874,3311 984,3311 984,3251"/>
                    <TextEquiv>
                        <Unicode>Anna,</Unicode>
                    </TextEquiv>
                </Word>
                <Word id="tr_2_tl_82_w4" custom="readingOrder {index:3;}">
                    <Coords points="1001,3249 1001,3309 1053,3309 1053,3249"/>
                    <TextEquiv>
                        <Unicode>das</Unicode>
                    </TextEquiv>
                </Word>
                <Word id="tr_2_tl_82_w5" custom="readingOrder {index:4;}">
                    <Coords points="1080,3250 1080,3310 1314,3310 1314,3250"/>
                    <TextEquiv>
                        <Unicode>Vorstadtkind,</Unicode>
                    </TextEquiv>
                </Word>
                <Word id="tr_2_tl_82_w6" custom="readingOrder {index:5;}">
                    <Coords points="1341,3247 1341,3307 1388,3307 1388,3247"/>
                    <TextEquiv>
                        <Unicode>die</Unicode>
                    </TextEquiv>
                </Word>
                <Word id="tr_2_tl_82_w7" custom="readingOrder {index:6;}">
                    <Coords points="1415,3248 1415,3308 1531,3308 1531,3248"/>
                    <TextEquiv>
                        <Unicode>andern</Unicode>
                    </TextEquiv>
                </Word>
                <Word id="tr_2_tl_82_w8" custom="readingOrder {index:7;}">
                    <Coords points="1569,3249 1569,3309 1643,3309 1643,3249"/>
                    <TextEquiv>
                        <Unicode>alle,</Unicode>
                    </TextEquiv>
                </Word>
                <Word id="tr_2_tl_82_w9" custom="readingOrder {index:8;}">
                    <Coords points="1670,3249 1670,3309 1712,3309 1712,3249"/>
                    <TextEquiv>
                        <Unicode>die</Unicode>
                    </TextEquiv>
                </Word>
                <Word id="tr_2_tl_82_w10" custom="readingOrder {index:9;}">
                    <Coords points="1744,3250 1744,3310 1775,3310 1775,3250"/>
                    <TextEquiv>
                        <Unicode>im</Unicode>
                    </TextEquiv>
                </Word>
                <Word id="tr_2_tl_82_w11" custom="readingOrder {index:10;}">
                    <Coords points="1824,3250 1824,3310 1956,3310 1956,3250"/>
                    <TextEquiv>
                        <Unicode>„jungen</Unicode>
                    </TextEquiv>
                </Word>
                <Word id="tr_2_tl_82_w12" custom="readingOrder {index:11;}">
                    <Coords points="1994,3250 1994,3310 2168,3310 2168,3250"/>
                    <TextEquiv>
                        <Unicode>Medardus</Unicode>
                    </TextEquiv>
                </Word>
                <TextEquiv>
                    <Unicode>verwöhnten Künstler, Anna, das Vorstadtkind, die andern alle, die im „jungen Medardus</Unicode>
                </TextEquiv>
            </TextLine>
            <TextLine id="tr_2_tl_83" custom="readingOrder {index:82;}">
                <Coords points="464,3358 1852,3332 2214,3340 2302,3380 2620,3336 2620,3292 2543,3277 464,3310"/>
                <Baseline points="483,3343 590,3340 697,3340 805,3337 912,3335 1019,3334 1127,3333 1234,3333 1341,3328 1449,3331 1556,3331 1663,3331 1771,3331 1878,3331 1985,3331 2093,3331 2200,3325 2307,3324 2415,3325 2522,3322 2630,3322"/>
                <Word id="tr_2_tl_83_w1" custom="readingOrder {index:0;}">
                    <Coords points="471,3300 471,3360 659,3360 659,3300"/>
                    <TextEquiv>
                        <Unicode>gegenüber,</Unicode>
                    </TextEquiv>
                </Word>
                <Word id="tr_2_tl_83_w2" custom="readingOrder {index:1;}">
                    <Coords points="689,3296 689,3356 924,3356 924,3296"/>
                    <TextEquiv>
                        <Unicode>dunkelhaarig,</Unicode>
                    </TextEquiv>
                </Word>
                <Word id="tr_2_tl_83_w3" custom="readingOrder {index:2;}">
                    <Coords points="954,3294 954,3354 977,3354 977,3294"/>
                    <TextEquiv>
                        <Unicode>in</Unicode>
                    </TextEquiv>
                </Word>
                <Word id="tr_2_tl_83_w4" custom="readingOrder {index:3;}">
                    <Coords points="1013,3293 1013,3353 1160,3353 1160,3293"/>
                    <TextEquiv>
                        <Unicode>südlicher</Unicode>
                    </TextEquiv>
                </Word>
                <Word id="tr_2_tl_83_w5" custom="readingOrder {index:4;}">
                    <Coords points="1190,3292 1190,3352 1319,3352 1319,3292"/>
                    <TextEquiv>
                        <Unicode>Leiden-</Unicode>
                    </TextEquiv>
                </Word>
                <Word id="tr_2_tl_83_w6" custom="readingOrder {index:5;}">
                    <Coords points="1349,3289 1349,3349 1408,3349 1408,3289"/>
                    <TextEquiv>
                        <Unicode>und</Unicode>
                    </TextEquiv>
                </Word>
                <Word id="tr_2_tl_83_w7" custom="readingOrder {index:6;}">
                    <Coords points="1438,3291 1438,3351 1543,3351 1543,3291"/>
                    <TextEquiv>
                        <Unicode>durchs</Unicode>
                    </TextEquiv>
                </Word>
                <Word id="tr_2_tl_83_w8" custom="readingOrder {index:7;}">
                    <Coords points="1579,3291 1579,3351 1697,3351 1697,3291"/>
                    <TextEquiv>
                        <Unicode>„Weite</Unicode>
                    </TextEquiv>
                </Word>
                <Word id="tr_2_tl_83_w9" custom="readingOrder {index:8;}">
                    <Coords points="1727,3291 1727,3351 1826,3351 1826,3291"/>
                    <TextEquiv>
                        <Unicode>Land"</Unicode>
                    </TextEquiv>
                </Word>
                <Word id="tr_2_tl_83_w10" custom="readingOrder {index:9;}">
                    <Coords points="1857,3291 1857,3351 2021,3351 2021,3291"/>
                    <TextEquiv>
                        <Unicode>schreiten.</Unicode>
                    </TextEquiv>
                </Word>
                <Word id="tr_2_tl_83_w11" custom="readingOrder {index:10;}">
                    <Coords points="2040,3289 2040,3349 2186,3349 2186,3289"/>
                    <TextEquiv>
                        <Unicode>Fräulein</Unicode>
                    </TextEquiv>
                </Word>
                <Word id="tr_2_tl_83_w12" custom="readingOrder {index:11;}">
                    <Coords points="2228,3284 2228,3344 2263,3344 2263,3284"/>
                    <TextEquiv>
                        <Unicode>um</Unicode>
                    </TextEquiv>
                </Word>
                <Word id="tr_2_tl_83_w13" custom="readingOrder {index:12;}">
                    <Coords points="2304,3284 2304,3344 2422,3344 2422,3284"/>
                    <TextEquiv>
                        <Unicode>Arthur</Unicode>
                    </TextEquiv>
                </Word>
                <Word id="tr_2_tl_83_w14" custom="readingOrder {index:13;}">
                    <Coords points="2446,3282 2446,3342 2622,3342 2622,3282"/>
                    <TextEquiv>
                        <Unicode>Schnitzler.</Unicode>
                    </TextEquiv>
                </Word>
                <TextEquiv>
                    <Unicode>gegenüber, dunkelhaarig, in südlicher Leiden- und durchs „Weite Land" schreiten. Fräulein um Arthur Schnitzler.</Unicode>
                </TextEquiv>
            </TextLine>
            <TextLine id="tr_2_tl_84" custom="readingOrder {index:83;}">
                <Coords points="186,3394 223,3398 259,3380 347,3402 387,3376 427,3380 427,3318 406,3314 354,3310 325,3329 311,3314 274,3307 248,3325 227,3318 208,3336 186,3336"/>
                <Baseline points="208,3370 233,3370 258,3370 283,3370 308,3370 334,3370 359,3369 384,3367 409,3367 435,3367"/>
                <Word id="tr_2_tl_84_w1" custom="readingOrder {index:0;}">
                    <Coords points="207,3330 207,3390 246,3390 246,3330"/>
                    <TextEquiv>
                        <Unicode>1.</Unicode>
                    </TextEquiv>
                </Word>
                <Word id="tr_2_tl_84_w2" custom="readingOrder {index:1;}">
                    <Coords points="262,3330 262,3390 325,3390 325,3330"/>
                    <TextEquiv>
                        <Unicode>XI.</Unicode>
                    </TextEquiv>
                </Word>
                <Word id="tr_2_tl_84_w3" custom="readingOrder {index:2;}">
                    <Coords points="349,3327 349,3387 411,3387 411,3327"/>
                    <TextEquiv>
                        <Unicode>193</Unicode>
                    </TextEquiv>
                </Word>
                <TextEquiv>
                    <Unicode>1. XI. 193</Unicode>
                </TextEquiv>
            </TextLine>
            <TextLine id="tr_2_tl_85" custom="readingOrder {index:84;}">
                <Coords points="2554,3394 2601,3402 2656,3383 2689,3409 2715,3387 2791,3387 2824,3409 2960,3387 2996,3409 3044,3405 3044,3329 2981,3321 2934,3340 2817,3325 2766,3340 2748,3321 2671,3321 2653,3336 2554,3336"/>
                <Baseline points="2573,3376 2598,3376 2623,3376 2648,3376 2674,3376 2699,3376 2724,3376 2750,3376 2775,3376 2800,3376 2826,3374 2851,3374 2876,3375 2902,3376 2927,3376 2952,3377 2978,3379 3003,3379 3028,3378 3054,3376"/>
                <Word id="tr_2_tl_85_w1" custom="readingOrder {index:0;}">
                    <Coords points="2571,3336 2571,3396 2660,3396 2660,3336"/>
                    <TextEquiv>
                        <Unicode>Hilda</Unicode>
                    </TextEquiv>
                </Word>
                <Word id="tr_2_tl_85_w2" custom="readingOrder {index:1;}">
                    <Coords points="2695,3334 2695,3394 3031,3394 3031,3334"/>
                    <TextEquiv>
                        <Unicode>Strauß=Gutmann.</Unicode>
                    </TextEquiv>
                </Word>
                <TextEquiv>
                    <Unicode>Hilda Strauß=Gutmann.</Unicode>
                </TextEquiv>
            </TextLine>
            <TextLine id="tr_2_tl_86" custom="readingOrder {index:85;}">
                <Coords points="453,3409 2211,3413 2211,3340 1984,3332 453,3354"/>
                <Baseline points="474,3391 561,3385 648,3385 736,3382 823,3382 910,3379 998,3379 1085,3379 1172,3379 1260,3376 1347,3379 1434,3376 1522,3378 1609,3379 1696,3379 1784,3379 1871,3379 1958,3382 2046,3379 2133,3379 2221,3385"/>
                <Word id="tr_2_tl_86_w1" custom="readingOrder {index:0;}">
                    <Coords points="460,3348 460,3408 559,3408 559,3348"/>
                    <TextEquiv>
                        <Unicode>schaft</Unicode>
                    </TextEquiv>
                </Word>
                <Word id="tr_2_tl_86_w2" custom="readingOrder {index:1;}">
                    <Coords points="590,3345 590,3405 642,3405 642,3345"/>
                    <TextEquiv>
                        <Unicode>dem</Unicode>
                    </TextEquiv>
                </Word>
                <Word id="tr_2_tl_86_w3" custom="readingOrder {index:2;}">
                    <Coords points="690,3342 690,3402 848,3402 848,3342"/>
                    <TextEquiv>
                        <Unicode>Geliebten</Unicode>
                    </TextEquiv>
                </Word>
                <Word id="tr_2_tl_86_w4" custom="readingOrder {index:3;}">
                    <Coords points="884,3339 884,3399 1089,3399 1089,3339"/>
                    <TextEquiv>
                        <Unicode>hingegeben.</Unicode>
                    </TextEquiv>
                </Word>
                <Word id="tr_2_tl_86_w5" custom="readingOrder {index:4;}">
                    <Coords points="1113,3339 1113,3399 1224,3399 1224,3339"/>
                    <TextEquiv>
                        <Unicode>Mutig</Unicode>
                    </TextEquiv>
                </Word>
                <Word id="tr_2_tl_86_w6" custom="readingOrder {index:5;}">
                    <Coords points="1254,3336 1254,3396 1318,3396 1318,3336"/>
                    <TextEquiv>
                        <Unicode>setzt</Unicode>
                    </TextEquiv>
                </Word>
                <Word id="tr_2_tl_86_w7" custom="readingOrder {index:6;}">
                    <Coords points="1343,3337 1343,3397 1431,3397 1431,3337"/>
                    <TextEquiv>
                        <Unicode>Else,</Unicode>
                    </TextEquiv>
                </Word>
                <Word id="tr_2_tl_86_w8" custom="readingOrder {index:7;}">
                    <Coords points="1449,3336 1449,3396 1460,3396 1460,3336"/>
                    <TextEquiv>
                        <Unicode>—</Unicode>
                    </TextEquiv>
                </Word>
                <Word id="tr_2_tl_86_w9" custom="readingOrder {index:8;}">
                    <Coords points="1502,3338 1502,3398 1590,3398 1590,3338"/>
                    <TextEquiv>
                        <Unicode>herbe</Unicode>
                    </TextEquiv>
                </Word>
                <Word id="tr_2_tl_86_w10" custom="readingOrder {index:9;}">
                    <Coords points="1614,3339 1614,3399 1743,3399 1743,3339"/>
                    <TextEquiv>
                        <Unicode>Jugend</Unicode>
                    </TextEquiv>
                </Word>
                <Word id="tr_2_tl_86_w11" custom="readingOrder {index:10;}">
                    <Coords points="1767,3339 1767,3399 1813,3399 1813,3339"/>
                    <TextEquiv>
                        <Unicode>des</Unicode>
                    </TextEquiv>
                </Word>
                <Word id="tr_2_tl_86_w12" custom="readingOrder {index:11;}">
                    <Coords points="1837,3339 1837,3399 1937,3399 1937,3339"/>
                    <TextEquiv>
                        <Unicode>letzten</Unicode>
                    </TextEquiv>
                </Word>
                <Word id="tr_2_tl_86_w13" custom="readingOrder {index:12;}">
                    <Coords points="1961,3339 1961,3399 2195,3399 2195,3339"/>
                    <TextEquiv>
                        <Unicode>Dezenniums,</Unicode>
                    </TextEquiv>
                </Word>
                <TextEquiv>
                    <Unicode>schaft dem Geliebten hingegeben. Mutig setzt Else, — herbe Jugend des letzten Dezenniums,</Unicode>
                </TextEquiv>
            </TextLine>
            <TextEquiv>
                <Unicode></Unicode>
            </TextEquiv>
        </TextRegion>
    </Page>
</PcGts>
