3344 4384
109 2568 172 2628 an

113 2626 172 2686 Drd

95 2747 180 2807 an-

112 2861 176 2921 nen

110 2980 181 3040 nde

115 3097 189 3157 em-

109 3159 175 3219 op.

111 3216 180 3276 ette

101 3276 183 3336 rue,

114 3335 181 3395 og

110 3509 178 3569 Par

96 3569 188 3629 ltes,

98 3629 189 3689 Kar-

103 3690 182 3750 jeret

1409 419 1539 479 box
1618 425 1856 485 43/20

131 416 250 476 12.
310 427 899 487 Schnitzler's
961 422 1198 482 Death

293 1751 449 1811 munter;
475 1751 620 1811 forceret
645 1751 814 1811 naturlig,
840 1754 948 1814 fristes
974 1756 1047 1816 jegl
1060 1754 1156 1814 cere.
1194 1754 1290 1814 Intet
1316 1757 1594 1817 Tankeproblem,
1619 1757 1703 1817 intet
1729 1760 1776 1820 sio

1843 1758 1997 1818 tekniske
2023 1760 2179 1820 Kunnen.
2217 1760 2299 1820 Ike
2327 1760 2421 1820 alene
2447 1760 2579 1820 spillede
2617 1761 2687 1821 Aar
2713 1762 2821 1822 tegper
2847 1763 2977 1823 tydelig
3015 1761 3099 1821 hans
3125 1762 3267 1822 deprime

281 1813 322 1873 til
353 1811 388 1871 at
419 1811 509 1871 sige.
559 1811 618 1871 Jeg
655 1811 739 1871 folte
770 1811 836 1871 mig
873 1811 890 1871 i
921 1811 1017 1871 Smug

1061 1813 1157 1873 leligt
1182 1814 1272 1874 Kaos
1297 1814 1350 1874 var
1376 1814 1429 1874 for
1454 1814 1624 1874 indviklet
1648 1817 1703 1877 for
1727 1817 1805 1877 han¬

1836 1819 1898 1879 han
1934 1817 1996 1877 selv
2039 1817 2087 1877 det
2123 1818 2206 1878 mest
2235 1820 2479 1880 komplicerede
2508 1820 2584 1880 Ak-
2606 1820 2808 1880 Stemning:
2851 1821 2969 1881 „Mine
3019 1820 3221 1880 Erfaringer

280 1871 465 1931 iagttaget,
495 1869 587 1929 sogte
623 1868 657 1928 at
687 1869 785 1929 gætte
821 1871 908 1931 hans
943 1868 1006 1928 Tan

1053 1871 1274 1931 fanomenale
1318 1871 1470 1931 Hjerne,
1509 1874 1562 1934 der
1606 1874 1801 1934 overlegent

1834 1875 2115 1935 kompagnement
2154 1877 2291 1937 sikkert
2336 1877 2385 1937 fra
2436 1878 2579 1938 Bladet,

2614 1879 2788 1939 Filmsfolk
2817 1880 2853 1940 er
2883 1880 2940 1940 saa
2970 1878 3071 1938 siette
3101 1880 3152 1940 som
3196 1877 3253 1937 vel

275 1928 352 1988 ker,
383 1928 544 1988 mærkede
581 1928 797 1988 Overgangen
858 1928 1013 1988 urimelig
1056 1928 1133 1988 loste
1164 1928 1199 1988 de
1224 1931 1452 1991 vanskeligste
1477 1933 1632 1993 Opgaver
1657 1933 1783 1993 gennem
1831 1933 1903 1993 men
1940 1933 2005 1993 han
2042 1933 2173 1993 rettede
2210 1935 2263 1995 den
2306 1936 2480 1996 Syngende
2517 1936 2570 1996 fra

2612 1936 2692 1996 ligt.
2734 1936 2872 1996 Maaske
2898 1936 2955 1996 véd
2988 1935 3053 1995 De,
3078 1936 3111 1996 at
3136 1936 3209 1996 man
3251 1938 3274 1998 in

276 1987 360 2047 svor
389 1987 440 2047 fra
468 1987 536 2047 Aar
564 1986 648 2046 efter
677 1987 744 2047 Aar
768 1987 807 2047 at
830 1987 914 2047 have
937 1987 1004 2047 med

1057 1987 1208 2047 medfødt
1229 1987 1345 2047 sikker
1367 1989 1539 2049 Intuition
1567 1990 1580 2050 i
1602 1990 1808 2050 Forbindel-
1836 1994 1911 2054 hver
1940 1990 2049 2050 tonisk
2084 1993 2270 2053 Afvigelse,
2298 1994 2352 2054 for
2381 1993 2435 2053 den
2470 1996 2587 2056 ringe-
2609 1995 2649 2055 nu
2677 1993 2745 2053 kun
2774 1994 2835 2054 har
2870 1994 3015 2054 „drejet"
3050 1996 3207 2056 folgende
3236 1993 3283 2053 Ar

281 2047 348 2107 delt
373 2046 440 2106 mig
465 2045 587 2105 gennem
631 2045 777 2105 Blækket
802 2046 869 2106 paa
894 2045 924 2105 et
950 2044 1016 2104 Ark
1055 2046 1084 2106 se
1116 2047 1189 2107 med
1239 2047 1275 2107 en
1312 2047 1428 2107 aldrig
1459 2049 1637 2109 svigtende
1686 2050 1790 2110 logisk
1834 2050 1883 2110 ste
1920 2050 2085 2110 rytmiske
2110 2051 2232 2111 Vaklen
2264 2053 2343 2113 eller
2368 2053 2570 2113 Usikkerhed

2614 2052 2660 2112 der
2701 2052 2739 2112 af
2772 2053 2865 2113 mig:
2897 2053 3085 2113 „Libelei",
3118 2053 3282 2113 „Freiwil

277 2104 475 2164 Brevpapir
510 2104 555 2164 til
590 2104 629 2164 nu
669 2104 839 2164 pludselig
879 2104 919 2164 at
948 2105 1003 2165 tag

1050 2104 1155 2164 Sans.
1205 2104 1332 2164 Skulde
1366 2107 1426 2167 han
1466 2107 1482 2167 i
1510 2107 1542 2167 én
1583 2107 1681 2167 Glose
1715 2107 1775 2167 haw

1834 2107 1846 2167 i
1874 2107 1901 2167 en
1935 2107 2057 2167 Tekst,
2078 2110 2152 2170 hvis
2173 2111 2281 2171 Sprog
2315 2113 2375 2173 han
2403 2110 2484 2170 ikke
2506 2111 2579 2171 for-
2614 2110 2865 2170 „Medardus",
2920 2110 3089 2170 „Anatol"
3150 2113 3190 2173 og

281 2160 473 2220 Skikkelse,
503 2160 587 2220 blive
624 2162 695 2222 Kød
738 2160 774 2220 og
811 2162 894 2222 Blod
937 2162 1015 2222 uden

1052 2163 1189 2223 samlet,
1208 2163 1291 2223 hvad
1322 2163 1382 2223 han
1413 2165 1466 2225 som
1509 2166 1683 2226 Egenskab
1713 2166 1797 2226 satte
1828 2164 1923 2224 stod.
1966 2166 2044 2226 Han
2080 2166 2182 2226 havde
2213 2167 2290 2227 kort
2315 2169 2392 2229 sagt
2417 2166 2447 2226 et
2471 2166 2579 2226 Over¬

2608 2169 2706 2229 Else"
2722 2170 2736 2230 ;
2752 2171 2781 2231 og
2813 2169 2850 2229 nu
2874 2169 2933 2229 har
2957 2170 3025 2230 man
3048 2169 3063 2229 i
3079 2169 3230 2229 Amerika
3254 2169 3268 2229 1

278 2220 410 2280 brutalt
431 2220 463 2280 at
485 2220 649 2280 forstyrre
676 2220 729 2280 den
756 2220 931 2280 gensidige
953 2219 1010 2279 Ind

1052 2220 1179 2280 hojest,
1206 2220 1295 2280 vilde
1328 2220 1380 2280 det
1412 2223 1544 2283 vistnok
1576 2223 1660 2283 være
1693 2223 1782 2283 bleve

1827 2224 1897 2284 blik
1928 2223 1980 2283 som
2029 2226 2081 2286 den
2118 2226 2212 2286 fødte
2242 2226 2455 2286 Instrukter.
2497 2229 2561 2289 Som

2618 2228 2730 2288 „Spiel
2754 2226 2783 2286 im
2830 2226 3146 2286 Morgengrauen".
3185 2228 3252 2288 Det

279 2277 431 2337 stilling.
471 2280 538 2340 Lad
573 2279 634 2339 mig
669 2277 730 2337 lige
759 2279 810 2339 saa
844 2280 928 2340 godt
952 2279 1019 2339 sige
1053 2279 1216 2339 Begrebet
1245 2280 1414 2340 Klarhed.
1454 2280 1566 2340 Denne
1595 2281 1736 2341 kritiske
1759 2286 1798 2346 og

1833 2281 2091 2341 Selskabsmand
2135 2283 2197 2343 var
2233 2284 2288 2344 han
2331 2286 2576 2346 uforlignelig,
2612 2286 2674 2346 med
2711 2286 2913 2346 Undtagelse
2942 2285 2984 2345 af
3013 2285 3069 2345 den
3097 2286 3223 2346 sidste,
3245 2288 3272 2348 lu

280 2339 332 2399 det
357 2337 485 2397 straks:
510 2337 562 2397 det
586 2337 810 2397 mislykkedes
834 2337 952 2397 totalt.
976 2338 1017 2398 Og
1053 2337 1270 2397 selvkritiske
1295 2337 1400 2397 Trang
1430 2340 1465 2400 og
1495 2340 1582 2400 Evne
1601 2340 1648 2400 til
1666 2340 1701 2400 at
1725 2340 1801 2400 gore
1831 2340 1907 2400 med
1938 2340 2025 2400 dette
2055 2343 2196 2403 sjaldne
2226 2343 2344 2403 Talent
2374 2343 2420 2403 til
2444 2343 2479 2403 at
2509 2343 2567 2403 ani

2612 2343 2801 2403 Stumfilm.
2825 2343 2892 2403 For
2924 2343 3022 2403 Tiden
3054 2345 3083 2405 er
3114 2345 3167 2405 der
3198 2343 3250 2403 den

272 2395 364 2455 forst
387 2393 450 2453 lidt
474 2393 560 2453 efter
584 2393 670 2453 lidt,
694 2394 728 2454 da
757 2393 918 2453 Besogene
942 2394 1022 2454 gen-
1053 2395 1144 2455 Rede
1191 2396 1248 2456 for
1284 2396 1427 2456 Tingene
1463 2396 1491 2456 er
1526 2397 1659 2457 maaske
1711 2399 1780 2459 mor

1832 2399 1917 2459 mere
1939 2399 1971 2459 og
1999 2401 2186 2461 inspirere,
2200 2402 2246 2462 til
2261 2402 2300 2462 at
2320 2401 2400 2461 ryste
2428 2399 2567 2459 Modsat

2606 2402 2840 2462 Forhandling
2871 2402 2953 2462 efter
2977 2401 3036 2461 den
3060 2402 3164 2462 anden
3196 2402 3225 2462 om
3264 2402 3278 2462 I

277 2453 384 2513 toges,
402 2453 503 2513 fandt
526 2453 560 2513 vi
583 2453 633 2513 den
668 2453 809 2513 befriede
838 2453 939 2513 Tone,
957 2454 1007 2514 som

1058 2453 1300 2513 menneskeligt
1326 2453 1460 2513 bestemt
1487 2455 1543 2515 end
1574 2456 1724 2516 egentlig
1750 2456 1786 2516 ar

1834 2457 1950 2517 ninger
1975 2459 2116 2519 sammen
2148 2459 2159 2519 i
2185 2459 2216 2519 en
2247 2459 2376 2519 forenet
2401 2459 2579 2519 Feststem¬

2605 2459 2845 2519 filmatisering
2884 2459 2921 2519 af
2952 2460 3147 2520 „Libelei",
3171 2462 3283 2522 „Anat

280 2513 516 2573 midlertidigt
546 2511 605 2571 var
635 2513 764 2573 mistet.

1049 2513 1187 2573 tistisk,
1211 2514 1247 2574 og
1278 2513 1447 2573 muligvis
1477 2513 1646 2573 Aarsagen
1677 2516 1743 2576 til,
1768 2516 1797 2576 at

1831 2517 1935 2577 ning,
1960 2516 2040 2576 hvor
2071 2517 2144 2577 hver
2176 2519 2286 2579 enkelt
2318 2517 2490 2577 tvangfrit
2521 2517 2558 2577 ud

2614 2519 2644 2579 og
2668 2519 2767 2579 „Frl.
2792 2519 2906 2579 Else",
2931 2519 2991 2579 men
3023 2519 3076 2579 det
3100 2519 3184 2579 ferer
3209 2519 3269 2579 abs

336 2573 377 2633 Og
414 2572 449 2632 nu
486 2570 642 2630 oplevede
673 2572 720 2632 jeg
757 2570 810 2630 den
847 2572 961 2632 Lykke
985 2570 1021 2630 at
1052 2570 1243 2630 Schnitzler
1274 2572 1286 2632 i
1310 2573 1358 2633 sin
1389 2573 1502 2633 Kunst
1533 2573 1568 2633 af
1593 2573 1707 2633 mange
1738 2573 1791 2633 fol

1833 2573 1966 2633 foldede
2007 2573 2060 2633 sin
2108 2576 2247 2636 særlige
2295 2576 2575 2636 Individualitet.

2609 2576 2683 2636 ikke
2701 2576 2750 2636 til
2768 2576 2876 2636 noget,
2893 2576 2993 2636 fordi
3010 2576 3043 2636 de
3061 2577 3218 2637 tidligere
3244 2579 3285 2639 E,

278 2630 352 2690 lere
381 2629 415 2689 en
445 2629 484 2689 af
508 2629 634 2689 Tidens
663 2629 882 2689 betydeligste
911 2629 1014 2689 Mænd
1055 2627 1101 2687 tes
1124 2629 1175 2689 som
1216 2629 1417 2689 fantasilos,
1435 2632 1463 2692 ja
1493 2630 1596 2690 endog
1625 2632 1723 2692 noget
1746 2632 1798 2692 tor

1833 2629 1921 2689 Over
1959 2632 2120 2692 Maaden,
2151 2634 2216 2694 han
2261 2635 2297 2695 da
2335 2633 2445 2693 kunde
2483 2633 2570 2693 hæve
2608 2634 2644 2694 af
2689 2635 3161 2695 Stumfilms-Rettighederne
3206 2635 3286 2695 gere

272 2686 439 2746 nærmere
469 2686 509 2746 at
539 2686 661 2746 kende.
707 2688 771 2748 Som
818 2686 887 2746 alle
923 2686 1014 2746 virke

1050 2688 1090 2748 og
1118 2687 1319 2747 skematisk,
1341 2688 1428 2748 mens
1462 2689 1657 2749 Sandheden
1685 2689 1738 2749 er,
1760 2689 1793 2749 at
1828 2690 1881 2750 sit
1909 2690 1996 2750 Glas
2024 2691 2057 2751 og
2092 2692 2179 2752 hilse
2213 2692 2273 2752 paa
2308 2692 2341 2752 en
2375 2692 2483 2752 Gast,
2510 2692 2571 2752 var
2606 2692 2652 2752 sig
2687 2692 2733 2752 som
2782 2692 3024 2752 Enebesiddere
3052 2692 3092 2752 og
3119 2693 3254 2753 bereder

279 2748 341 2808 lige
364 2746 545 2806 Storheder
568 2746 624 2806 var
647 2746 703 2806 han
732 2746 845 2806 yderst
862 2745 1014 2805 beskeden
1055 2745 1116 2805 han
1151 2746 1201 2806 vel
1224 2746 1331 2806 havde
1360 2746 1518 2806 Fantasi,
1541 2748 1614 2808 hvis
1643 2749 1710 2809 man
1745 2750 1795 2810 ved

1833 2751 1886 2811 der
1922 2749 2022 2809 noget
2053 2750 2230 2810 kongeligt
2254 2752 2289 2812 og
2325 2752 2485 2812 samtidig
2521 2752 2579 2812 no¬

2605 2752 2666 2812 sten
2730 2749 3010 2809 novervindelige
3057 2752 3282 2812 Vanskelighe

275 2806 291 2866 i
318 2806 364 2866 sin
402 2803 645 2863 Fremtræden,
672 2806 740 2866 men
773 2806 804 2866 en
842 2803 1005 2863 Beskeden

1055 2804 1201 2864 Fantasi
1221 2803 1367 2863 forstaar
1393 2806 1736 2866 Forestillelseskraft
1755 2809 1792 2869 og
1830 2808 1884 2868 get
1916 2806 2019 2866 jævnt
2051 2808 2087 2868 og
2118 2809 2321 2869 hjerteligt;
2346 2809 2376 2869 en
2408 2809 2505 2869 enkel
2530 2812 2567 2872 og

2611 2809 2664 2869 for
2695 2810 3058 2870 Lydfilmsoptagelse.
3106 2809 3151 2869 At
3183 2811 3236 2871 jeg

277 2865 359 2925 hed,
382 2865 437 2925 der
465 2862 620 2922 dækkede
649 2862 726 2922 over
754 2862 782 2922 en
816 2862 910 2922 stille
938 2862 1015 2922 Selv

1050 2862 1127 2922 ikke
1158 2862 1370 2922 Fantasteri,
1392 2863 1459 2923 men
1496 2865 1531 2925 at
1553 2865 1615 2925 han
1647 2862 1661 2922 —
1709 2864 1801 2924 sober

1830 2865 1945 2925 fornem
1990 2865 2194 2925 Bevægelse,
2217 2867 2272 2927 der
2300 2866 2438 2926 traadte
2461 2865 2477 2925 i
2499 2867 2560 2927 Ste

2602 2865 2731 2925 skrevet
2755 2867 2909 2927 Snesevis
2932 2868 2962 2928 af
2986 2865 3139 2925 Noveller
3155 2868 3193 2928 og
3217 2870 3277 2930 Tea

274 2922 412 2982 felelse.
453 2922 528 2982 Han
563 2922 620 2982 var
649 2922 724 2982 ikke
753 2922 869 2982 tynget
898 2919 932 2979 af
956 2919 1030 2979 kri-
1055 2922 1094 2982 og
1124 2919 1285 2979 nogtern,
1309 2921 1355 2981 som
1402 2922 1458 2982 han
1494 2922 1638 2982 fremfor
1668 2922 1719 2982 alt
1743 2923 1800 2983 var

1835 2922 1886 2982 det
1915 2922 1970 2982 for
2005 2922 2061 2982 den
2101 2925 2264 2985 Samtale,
2293 2925 2377 2985 hans
2411 2925 2569 2985 voksende

2607 2925 2757 2985 stykker,
2780 2925 2832 2985 som
2878 2926 2937 2986 dog
2968 2925 3095 2985 maaske
3126 2927 3222 2987 ogsaa

277 2980 373 3040 stelig
420 2979 762 3039 Ydmyghedstrang,
791 2979 864 3039 men
905 2979 1030 3039 kendte

1120 2979 1244 3039 tojlede
1286 2979 1387 3039 denne
1429 2979 1578 3039 Fantasi
1608 2981 1643 3041 og
1685 2982 1797 3042 aldrig

1835 2982 2053 3042 Tungherhed
2081 2982 2093 3042 i
2114 2982 2140 3042 en
2174 2984 2353 3044 Aarrække
2373 2982 2479 3042 delvis
2499 2985 2578 3045 ude¬

2610 2986 2681 3046 egne
2705 2985 2747 3045 sig
2777 2985 2900 3045 ganske
2923 2985 2995 3045 godt
3018 2985 3067 3045 for
3091 2985 3256 3045 Lydfilm,

1058 3038 1107 3098 lod
1139 3036 1189 3096 den
1221 3038 1346 3098 komme
1371 3036 1434 3096 paa
1459 3038 1559 3098 tværs
1584 3038 1622 3098 af
1648 3038 1691 3098 sin
1723 3038 1784 3098 For

275 3041 356 3101 noje
388 3039 438 3099 sit
470 3035 545 3095 eget
577 3038 696 3098 Værd.
741 3038 841 3098 Hans
879 3038 1010 3098 Alsidig

1833 3040 1972 3100 lukkede
2001 3041 2062 3101 ham
2108 3041 2180 3101 fra.

2606 3044 2634 3104 om
2679 3041 2848 3101 bekymrer
2879 3041 2959 3101 disse
2982 3041 3062 3101 Folk
3085 3044 3136 3104 sig
3159 3044 3254 3104 ikke.

278 3098 335 3158 hed
376 3098 433 3158 var
468 3095 653 3155 ufattelig,
676 3098 716 3158 og
752 3098 815 3158 han
856 3095 948 3155 horte
984 3096 1029 3156 til
1059 3095 1150 3155 stand
1185 3095 1220 3155 og
1250 3095 1295 3155 sin
1325 3095 1399 3155 rene
1429 3095 1648 3155 Erkendelse.

1885 3098 1926 3158 At
1956 3098 2086 3158 Arthur
2111 3098 2301 3158 Schnitzler
2325 3098 2337 3158 i
2361 3098 2444 3158 disse
2474 3099 2556 3159 sidst

2605 3101 2635 3161 er
2659 3101 2820 3161 endogsaa
2844 3100 2897 3160 for
2921 3101 3021 3161 dovne
3045 3101 3090 3161 til
3106 3101 3136 3161 at
3160 3101 3229 3161 lase
3245 3101 3260 3161 n

1109 3150 1172 3210 Det
1205 3152 1321 3212 skulde
1353 3152 1454 3212 synes
1486 3155 1692 3215 uforeneligt
1724 3155 1793 3215 mec

279 3158 362 3218 disse
402 3155 796 3215 Universalbegavelser,
830 3155 885 3215 som
936 3152 1030 3212 vilde

1830 3155 1932 3215 Tider
1961 3155 2067 3215 tillige
2096 3155 2169 3215 blev
2198 3158 2299 3218 bitter
2328 3158 2339 3218 —
2385 3158 2464 3218 ikke
2493 3158 2571 3218 gna¬

2603 3158 2704 3218 Ting,
2725 3161 2765 3221 og
2793 3158 2881 3218 atter
2909 3159 2942 3219 og
2977 3158 3065 3218 atter
3093 3158 3235 3218 kommer
3263 3161 3282 3221 n

276 3218 357 3278 have
391 3215 496 3275 naaet
531 3214 583 3274 det
617 3212 872 3272 fremragende,
901 3212 1021 3272 næsten

1053 3211 1137 3271 disse
1174 3212 1295 3272 næsten
1333 3212 1523 3272 borgerlige
1566 3212 1697 3272 Dyder,
1730 3215 1782 3275 som
1835 3213 1887 3273 ven
1920 3214 1951 3274 og
1983 3215 2104 3275 vrissen
2136 3215 2152 3275 —
2195 3215 2263 3275 men
2295 3215 2358 3275 med
2390 3215 2421 3275 en
2454 3217 2500 3277 vis
2527 3216 2564 3276 af

2605 3218 2647 3278 til
2669 3218 2732 3278 mig
2769 3216 2832 3276 med
2869 3217 2925 3277 den
2955 3218 3126 3278 latterlige
3155 3218 3283 3278 Fordri

270 3276 481 3336 ligegyldigt
508 3274 566 3334 paa
593 3271 724 3331 hvilken
756 3271 836 3331 Post
873 3271 931 3331 han
963 3270 1021 3330 var
1053 3271 1105 3331 jeg
1132 3270 1242 3330 kunde
1270 3269 1428 3329 supplere
1460 3269 1528 3329 med
1556 3271 1592 3331 en
1624 3270 1798 3330 udpræget

1833 3271 1962 3331 visende
1997 3272 2257 3332 Ligegyldighed
2297 3274 2348 3334 for
2382 3274 2449 3334 sine
2484 3273 2574 3333 Vær¬

2604 3277 2638 3337 at
2660 3276 2709 3336 jeg
2745 3274 2822 3334 skal
2844 3274 2949 3334 levere
2978 3276 3034 3336 dem
3077 3275 3169 3335 korte
3205 3274 3275 3334 Udd

275 3334 388 3394 blevet
414 3331 562 3391 placeret
590 3330 604 3390 i
631 3328 743 3388 Livet.
785 3328 831 3388 At
862 3330 919 3390 han
956 3328 1006 3388 som
1053 3328 1285 3388 Ordenssans,
1306 3328 1507 3388 Præcision,
1528 3331 1780 3391 Paalidelighed

1828 3333 1904 3393 kers
1930 3331 2083 3391 Skæbne,
2110 3331 2141 3391 er
2168 3332 2205 3392 en
2231 3334 2449 3394 psykologisk
2481 3329 2576 3389 Selv.
2609 3333 2640 3393 at
2660 3331 2743 3391 mine
2770 3332 2941 3392 Noveller,
2961 3334 2993 3394 o.
3007 3334 3038 3394 s.
3058 3334 3102 3394 v.,
3122 3337 3166 3397 for
3192 3337 3223 3397 at
3243 3338 3274 3398 sy

276 3391 370 3451 Læge
402 3391 454 3451 var
486 3391 538 3451 den
571 3389 692 3449 fineste
719 3388 961 3448 Diagnostiker
993 3386 1024 3446 er
1057 3387 1093 3447 at
1120 3387 1246 3447 Arthur
1278 3385 1463 3445 Schnitzler
1490 3387 1500 3447 —
1548 3388 1632 3448 hvad
1664 3388 1700 3448 de
1727 3386 1784 3446 fær

1830 3391 2051 3451 folgelighed.
2090 3388 2206 3448 Baade
2234 3391 2377 3451 Rusland
2411 3391 2443 3451 og
2477 3390 2554 3450 Ame

2604 3392 2688 3452 disse
2711 3391 2896 3451 Subjekter
2926 3391 2975 3451 for
3004 3391 3061 3451 den
3090 3394 3183 3454 Meje
3205 3394 3240 3454 at
3262 3397 3283 3457 1

1051 3447 1137 3507 reste
1166 3445 1247 3505 aner
1277 3442 1291 3502 —
1344 3445 1445 3505 ogsaa
1480 3445 1537 3505 var
1571 3448 1604 3508 en
1639 3448 1797 3508 ypperlig

281 3451 497 3511 velbekendt,
528 3448 563 3508 og
604 3448 669 3508 solv
710 3445 937 3505 Videnskaben
978 3445 1012 3505 er

1828 3450 1901 3510 rika
1932 3448 2116 3508 udnyttede
2141 3448 2202 3508 ham
2239 3448 2416 3508 skamlost,
2442 3450 2472 3510 og
2503 3450 2558 3510 den
2601 3449 2631 3509 en
2663 3450 2717 3510 hel
2743 3451 2803 3511 Bog
2829 3451 2865 3511 af
2890 3451 2951 3511 mig
2982 3452 3147 3512 igennem.
3185 3454 3245 3514 Jeg

1057 3504 1225 3564 Musiker.
1254 3503 1316 3563 Jeg
1345 3504 1401 3564 har
1424 3504 1503 3564 haft
1526 3504 1576 3564 den
1605 3504 1797 3564 personlige
1831 3504 2096 3564 internationale
2165 3507 2436 3567 Filmsindustri
2493 3507 2560 3567 mis

276 3507 423 3567 kender,
450 3507 486 3567 at
518 3507 576 3567 han
613 3505 666 3565 som
719 3504 1025 3564 Psykoanalytiker

2597 3510 2657 3570 har
2685 3507 2889 3567 naturligvis
2910 3507 2984 3567 ikke
3012 3507 3066 3567 den
3094 3510 3236 3570 ringeste
3264 3511 3276 3571 I

277 3568 339 3628 har
363 3564 445 3624 ydet
469 3564 522 3624 det
541 3564 781 3624 enestaaende.
820 3564 916 3624 Dette
940 3564 997 3624 kom

1058 3563 1223 3623 Oplevelse
1260 3561 1296 3621 at
1322 3564 1523 3624 gennemgaa
1561 3564 1628 3624 min
1665 3564 1793 3624 Faders
1825 3564 1947 3624 brugte
1978 3564 2063 3624 hans
2095 3564 2278 3624 glimrende
2315 3564 2443 3624 Værker
2481 3567 2560 3627 uden
2598 3568 2646 3628 til
2665 3567 2695 3627 at
2714 3567 2836 3627 tilbyde
2861 3567 3198 3627 Filmsdirektorerne
3217 3571 3272 3631 egn

1058 3622 1163 3682 Sange
1195 3621 1258 3681 med
1290 3622 1347 3682 ham
1390 3624 1427 3684 og
1459 3622 1675 3682 forbloffedes
1702 3624 1790 3684 Gang

282 3624 350 3684 mer
376 3624 410 3684 af
435 3624 513 3684 hans
539 3624 701 3684 eminente
732 3622 815 3682 Evne
845 3622 889 3682 til
910 3621 944 3681 at
969 3621 1018 3681 dis

1826 3624 1862 3684 at
1889 3623 1963 3683 tage
1996 3622 2139 3682 ringeste
2171 3624 2282 3684 Notits
2309 3624 2345 3684 af
2373 3624 2468 3684 deres
2495 3623 2558 3683 For

2598 3627 2745 3687 Emner.
2781 3627 2830 3687 Og
2866 3625 2943 3685 hvis
2972 3627 2999 3687 en
3035 3627 3119 3687 eller
3148 3627 3254 3687 anden

277 3684 409 3744 sckere,
433 3684 617 3744 rubricere,
642 3684 780 3744 vurdere
804 3684 838 3744 og
868 3683 1017 3743 simplifi

1828 3681 1947 3741 fatter.
1996 3684 2039 3744 Et
2070 3684 2153 3744 Brev
2190 3684 2238 3744 fra
2275 3686 2347 3746 Maj
2378 3684 2523 3744 Maanéd

1047 3687 1115 3747 paa
1144 3684 1240 3744 Gang
1269 3684 1348 3744 over
1372 3684 1457 3744 hans
1486 3684 1730 3744 Sagkundskab
1759 3686 1792 3746 og

2602 3688 2688 3748 gang
2721 3686 2760 3746 af
2785 3686 2855 3746 egen
2889 3686 2990 3746 Drift
3016 3686 3158 3746 kommer
3183 3686 3229 3746 til
3254 3687 3269 3747 i
