3392 4256
522 109 880 169 n

419 151 472 211 ase
508 152 565 212 but
598 152 633 212 he
669 151 726 211 had
766 153 819 213 not
855 153 897 213 al¬

416 183 600 243 interfere
628 183 695 243 with
726 185 775 245 his
800 183 904 243 work.

339 213 514 273 Schnitzler
543 213 607 273 was
636 215 772 275 stricken
805 216 894 276 while

392 246 424 306 on
453 247 503 307 the
532 246 593 306 last
618 246 664 306 act
690 246 722 306 of
747 246 793 306 the
823 246 890 306 play

385 276 469 336 lof
500 279 599 339 Life,"
634 276 729 336 which
764 280 798 340 he
829 280 885 340 had

386 309 418 369 alf
440 311 464 371 to
486 309 629 369 tewrite.
643 309 686 369 He
712 311 772 371 was
794 309 887 369 found

395 339 537 399 onscious
561 342 592 402 on
620 342 665 402 the
690 342 769 402 floor
790 340 821 400 by
849 342 894 402 his

371 371 381 431 y
405 371 460 431 and
488 371 546 431 was
571 371 681 431 carried
709 371 736 431 to
757 373 801 433 his
822 376 898 436 bed.

372 404 385 464 r
405 406 552 466 regained
583 405 837 465 consciousness.

429 437 453 497 "s
481 436 567 496 fame
598 437 656 497 was
688 434 895 494 world-wide,

390 467 556 527 principal
586 467 683 527 works
723 469 778 529 had
814 467 887 527 been

371 497 395 557 ed
447 500 512 560 into
560 500 653 560 many
705 501 894 561 languages.

386 533 475 593 efore
497 533 543 593 his
569 531 654 591 death
680 533 715 593 he
741 532 797 592 was
823 530 894 590 con¬

461 562 641 622 suggestion
689 562 725 622 of
770 562 883 622 Joseph

370 595 427 655 aut
463 595 531 655 that
566 595 604 655 he
636 595 724 655 write
759 595 804 655 for
840 598 893 658 the

379 626 484 686 films.

305 700 487 760 aradoxical
508 701 602 761 Union
631 703 658 763 of
678 703 845 763 Qualities.

363 750 571 810 rSchnitzler
602 750 659 810 was
687 750 698 810 a
729 750 886 810 physician

302 789 313 849 a
348 791 521 851 Viennese.
559 791 605 851 He
632 792 774 852 acquired
805 792 870 852 from

363 828 370 888 e
400 828 411 888 a
448 831 654 891 combination
691 829 724 889 of
754 831 890 891 intellec¬

360 861 473 921 ofness
505 861 560 921 and
594 864 608 924 a
640 862 719 922 warm
767 862 891 922 sympa¬

298 892 356 952 and
385 894 450 954 from
490 894 540 954 the
566 894 652 954 other
675 894 685 954 a
714 894 891 954 somewhat

290 924 426 984 adoxical
445 927 533 987 union
563 927 596 987 of
615 927 792 987 brightness
814 927 884 987 with

342 956 517 1016 lercurrent
539 957 571 1017 of
596 956 807 1016 melancholy.
844 957 890 1017 He

301 989 332 1049 of
354 989 464 1049 Jewish
492 989 659 1049 extraction
684 989 762 1049 and,
777 990 890 1050 spend¬

299 1020 342 1080 his
370 1022 421 1082 life
453 1022 476 1082 in
508 1022 543 1082 an
580 1022 784 1082 anti-Semitic
812 1024 895 1084 city,

372 1052 436 1112 osed
467 1052 494 1112 to
521 1052 615 1112 abuse
639 1054 692 1114 and
723 1055 890 1115 criticism.

309 1085 496 1145 occasional
533 1086 692 1146 pessimism
751 1086 888 1146 perhaps

374 1118 425 1178 him
463 1118 529 1178 from
570 1118 650 1178 these
673 1118 890 1178 experiences.

363 1147 473 1207 sborn
501 1147 524 1207 in
556 1150 666 1210 Vienna
694 1150 725 1210 on
753 1150 816 1210 May
844 1153 891 1213 15,

312 1178 350 1238 in
386 1178 468 1238 what
497 1180 521 1240 is
550 1177 610 1237 now
646 1180 742 1240 called
775 1177 884 1237 Prater

387 1210 431 1270 is
453 1210 564 1270 faher
594 1210 653 1270 was
679 1211 690 1271 a
724 1210 882 1270 physician

337 1243 356 1303 in
385 1240 478 1300 favor
503 1240 571 1300 with
600 1242 649 1302 the
674 1240 754 1300 stars
779 1241 807 1301 of
832 1244 884 1304 the

298 1276 306 1336 a
342 1274 400 1334 and
432 1273 558 1333 thestre
590 1275 645 1335 and
676 1273 727 1333 the
759 1273 889 1333 aristoc¬

295 1306 310 1366 ;
330 1306 363 1366 an
395 1306 513 1366 editor,
529 1306 544 1366 a
571 1306 728 1366 professor
755 1306 809 1366 and
836 1307 889 1367 the

342 1338 370 1398 at
390 1338 421 1398 of
437 1338 555 1398 forelgn
587 1338 796 1398 decorations.
820 1338 883 1398 The

301 1368 375 1428 grew
418 1368 453 1428 up
486 1368 514 1428 ia
550 1371 585 1431 an
621 1368 816 1428 atmosphere
855 1368 883 1428 of

277 1398 323 1458 ury
353 1401 410 1461 and
441 1401 581 1461 followed
616 1401 661 1461 the
692 1401 783 1461 usual
807 1401 882 1461 lines

342 1434 449 1494 ation.
473 1431 518 1491 He
542 1433 710 1493 graduated
738 1431 799 1491 from
838 1433 887 1493 the

301 1464 384 1524 lemic
416 1464 609 1524 Gymnasium
657 1464 680 1524 in
716 1464 798 1524 1879,
822 1464 881 1524 and

333 1495 416 1555 went
459 1497 485 1557 to
531 1497 584 1557 the
630 1497 805 1557 University

365 1529 401 1589 as
438 1529 449 1589 a
490 1529 624 1589 student
652 1526 684 1586 of
717 1529 887 1589 medicine,

347 1559 423 1619 ghis
449 1560 558 1620 degree
580 1559 609 1619 in
635 1556 715 1616 1885.

298 1592 366 1652 vays
395 1592 565 1652 interested
593 1592 621 1652 in
650 1592 702 1652 the
731 1592 779 1652 life
808 1592 840 1652 of
865 1592 877 1652 a

329 1625 395 1685 ian,
431 1625 548 1685 despite
592 1625 639 1685 his
675 1625 757 1685 later
796 1622 886 1682 with¬

306 1655 333 1715 al
354 1658 419 1718 from
460 1658 500 1718 it,
520 1655 690 1715 Schnitzler
715 1657 808 1717 spent
829 1657 881 1717 the

309 1689 359 1749 few
405 1688 497 1748 years
532 1691 559 1751 in
598 1688 725 1748 various
760 1689 887 1749 clinics.

328 1720 358 1780 he
393 1720 477 1780 went
505 1720 535 1780 to
570 1720 692 1780 London
731 1722 758 1782 to
789 1720 880 1780 study

305 1753 352 1813 tal
376 1753 573 1813 conditions.
612 1752 655 1812 He
687 1750 746 1810 was
774 1753 797 1813 in
833 1753 888 1813 ad¬

301 1783 348 1843 a
384 1783 532 1843 reviewer
564 1786 595 1846 of
623 1783 760 1843 medical
784 1784 877 1844 books

339 1816 465 1876 editor
495 1816 525 1876 of
553 1816 564 1876 a
598 1816 735 1876 medical
755 1816 884 1876 journal

340 1849 347 1909 d
372 1849 404 1909 by
430 1849 478 1909 his
499 1849 622 1909 father.
655 1849 691 1909 Of
712 1849 773 1909 late
794 1849 883 1909 years

326 1883 440 1943 sprang
476 1883 511 1943 up
543 1883 554 1943 a
590 1883 692 1943 legend
727 1882 809 1942 that,
838 1882 884 1942 re¬

345 1914 406 1974 sof
425 1912 471 1972 his
494 1914 573 1974 fame
597 1912 620 1972 in
643 1911 776 1971 another
795 1914 886 1974 field,

380 1947 540 2007 practiced
582 1944 635 2004 the
668 1944 738 2004 arts
771 1944 803 2004 of
837 1946 885 2006 his

306 1977 439 2037 erlove;
460 1977 533 2037 that
558 1977 586 2037 is
615 1977 741 2037 wrong;
762 1977 798 2037 he
823 1977 883 2037 left

343 2010 358 2070 e
395 2008 468 2068 save
489 2010 537 2070 for
558 2010 606 2070 his
632 2011 766 2071 undying
786 2010 887 2070 inter¬

306 2043 366 2103 it,
384 2043 479 2103 thirty
505 2043 596 2103 years
618 2044 687 2104 ago.

327 2090 343 2150 A
377 2090 571 2150 Playwright
599 2092 621 2152 in
649 2091 765 2151 Youth.

316 2144 437 2204 literary
461 2144 681 2204 compositions
701 2144 784 2204 trace
803 2142 875 2202 back

324 2186 378 2246 age
399 2186 432 2246 of
450 2186 478 2246 9,
496 2186 579 2246 when
605 2185 638 2245 he
660 2183 752 2243 wrote
773 2184 781 2244 a
803 2183 882 2243 five¬

340 2225 423 2285 tedy.
440 2225 502 2285 The
524 2228 594 2288 first
612 2225 699 2285 items
716 2226 741 2286 to
762 2228 791 2288 be
808 2225 883 2285 pub¬

348 2258 506 2318 however,
529 2258 680 2318 appeared
710 2260 735 2320 in
769 2258 780 2318 a
810 2258 883 2318 con¬

368 2290 485 2350 paper
510 2290 534 2350 in
567 2290 708 2350 Munich,
729 2290 810 2350 when
843 2290 879 2350 he

362 2323 433 2383 His
459 2323 580 2383 studies
606 2321 774 2381 interfered
804 2320 875 2380 with

352 2356 359 2416 d
384 2356 420 2416 of
441 2353 518 2413 work
546 2354 595 2414 for
620 2353 660 2413 six
685 2356 790 2416 years.
819 2355 879 2415 His

398 2388 427 2448 to
461 2386 511 2446 the
541 2387 645 2447 public
675 2386 733 2446 was
763 2387 796 2447 as
825 2386 875 2446 the

302 2419 372 2479 of
398 2421 410 2481 a
435 2419 532 2479 letter
557 2419 582 2479 to
611 2421 644 2481 an
670 2419 787 2479 editor.
817 2419 879 2479 But

364 2452 407 2512 he
443 2450 505 2510 was
541 2449 611 2509 well
635 2452 772 2512 started.
832 2451 874 2511 He

366 2484 472 2544 oeme,
515 2481 705 2541 novelettes,
747 2482 884 2542 riddles,

305 2516 403 2576 half
439 2517 474 2577 of
505 2516 575 2576 them
631 2515 717 2575 being
760 2515 881 2575 poems,

368 2547 441 2607 gned
472 2547 635 2607 "Anatol."
692 2547 774 2607 They
800 2547 877 2607 were

354 2580 400 2640 al,
420 2581 513 2641 songs
538 2580 566 2640 of
590 2580 783 2640 disillusion.

310 2610 386 2670 first
411 2611 508 2671 book,
529 2613 679 2673 “Anatol,
720 2613 781 2673 was
806 2612 882 2672 pub¬

282 2643 297 2703 ed
334 2645 358 2705 in
395 2643 476 2703 1893.
522 2645 595 2705 This
624 2646 647 2706 is
676 2644 688 2704 a
721 2644 814 2704 series
847 2645 879 2705 of

339 2675 366 2735 s,
389 2675 481 2735 seven
516 2677 542 2737 in
577 2675 727 2735 number,
754 2675 872 2735 dealing

281 2708 423 2768 thelove
443 2708 557 2768 affairs
581 2708 612 2768 of
628 2708 639 2768 a
664 2708 884 2768 philanderer.

277 2738 320 2798 vas
352 2739 521 2799 favorably
553 2739 695 2799 received
731 2740 761 2800 by
794 2738 880 2798 most

262 2771 314 2831 the
351 2771 476 2831 critics,
501 2774 651 2834 although
684 2771 712 2831 it
745 2772 789 2832 did
822 2773 878 2833 not

273 2804 320 2864 act
348 2804 442 2864 great
466 2804 643 2864 attention,
667 2804 722 2864 and
758 2804 793 2864 its
825 2804 880 2864 tri¬

277 2837 312 2897 s
340 2837 372 2897 on
404 2837 455 2897 the
479 2838 589 2898 stages
613 2837 644 2897 of
668 2837 790 2897 Europe
814 2835 873 2895 and

301 2866 345 2926 a
378 2866 435 2926 had
464 2866 492 2926 to
525 2867 598 2927 wait
623 2866 704 2926 until
725 2868 789 2928 1910
819 2869 875 2929 and

206 2899 286 2959 1911.
323 2899 399 2959 Like
424 2899 476 2959 the
501 2902 589 2962 first,
610 2902 658 2962 the
682 2901 868 2961 publication

282 2931 297 2991 is
318 2931 432 2991 second
456 2934 546 2994 play,
562 2926 643 2986 “The
660 2931 749 2991 Fairy
770 2930 867 2990 Tale"

200 2960 254 3020 had
288 2962 317 3022 to
352 2962 385 3022 be
415 2965 486 3025 paid
516 2963 566 3023 for
600 2962 633 3022 by
663 2965 806 3025 himself.
845 2966 878 3026 It

205 2993 268 3053 was
288 2995 299 3055 a
319 2995 448 3055 failure.
468 2995 754 3055 “Light-o-Love,"
774 2995 868 3055 which

208 3023 263 3083 was
295 3028 471 3088 performed
503 3028 581 3088 first
609 3028 632 3088 in
660 3028 746 3088 1895,
766 3028 872 3088 firmly

206 3057 392 3117 established
425 3060 469 3120 his
498 3060 673 3120 reputation
705 3060 737 3120 as
762 3060 794 3120 an
823 3063 879 3123 au-

203 3090 294 3150 thor.

320 3141 377 3201 His
402 3141 527 3201 Advent
548 3144 581 3204 as
606 3142 765 3202 Novelist.

229 3192 272 3252 As
304 3192 315 3252 a
359 3192 496 3252 parallel
524 3193 555 3253 to
590 3193 637 3253 his
669 3193 751 3253 work
790 3195 821 3255 as
857 3195 868 3255 a

200 3231 388 3291 dramatist,
422 3234 602 3294 Schnitzler
645 3231 707 3291 was
750 3234 775 3294 in
817 3234 871 3294 the

197 3272 390 3332 meanwhile
433 3273 559 3333 writing
603 3275 776 3335 novelettes
816 3276 874 3336 and

199 3312 321 3372 novels.
377 3315 444 3375 The
484 3317 563 3377 first
607 3317 638 3377 of
674 3317 764 3377 these
808 3317 875 3377 was

203 3354 357 3414 "Dying,"
395 3356 490 3416 which
524 3359 545 3419 is
574 3359 641 3419 still
658 3359 808 3419 regarded
838 3360 875 3420 as

200 3393 255 3453 one
282 3395 317 3455 of
341 3398 392 3458 the
416 3400 561 3460 author's
585 3398 710 3458 highest
734 3398 879 3458 achieve¬

200 3435 318 3495 ments.
360 3438 394 3498 In
428 3440 495 3500 1898
529 3439 617 3499 came
656 3438 735 3498 “The
765 3440 875 3500 Sage's

203 3473 358 3533 Wife"—a
384 3478 569 3538 collection.

230 3508 438 3568 Schnitzler's
466 3511 540 3571 first
564 3512 740 3572 full-length
772 3511 881 3571 novel,

199 3540 362 3600 published
389 3541 416 3601 in
443 3541 527 3601 1908,
546 3541 607 3601 was
630 3536 714 3596 “The
737 3544 820 3604 Road
847 3544 874 3604 to

199 3571 245 3631 the
268 3575 372 3635 Open.
418 3575 453 3635 In
480 3574 545 3634 1913
569 3574 603 3634 he
626 3574 718 3634 wrote
742 3575 876 3635 another

201 3602 288 3662 play,
308 3605 498 3665 "Professor
522 3607 728 3667 Bernhardi,”
764 3609 815 3669 and
848 3608 871 3668 in

202 3635 251 3695 the
271 3635 347 3695 first
363 3636 435 3696 year
458 3638 489 3698 of
508 3639 558 3699 the
581 3638 680 3698 World
707 3639 776 3699 War
795 3639 879 3699 com¬

197 3666 300 3726 pleted
330 3668 340 3728 a
370 3666 451 3726 cycle
477 3669 511 3729 of
529 3669 618 3729 three
644 3671 769 3731 one-act
789 3670 877 3730 plays

197 3699 293 3759 nder
315 3699 365 3759 the
387 3702 551 3762 collective
573 3704 640 3764 title
657 3701 690 3761 of
712 3702 868 3762 "Comedy

197 3731 233 3791 of
258 3732 400 3792 Words."
437 3731 510 3791 Five
540 3735 661 3795 one-act
682 3735 771 3795 plays
792 3735 877 3795 since

197 3759 253 3819 the
290 3762 351 3822 war
388 3765 465 3825 have
502 3768 559 3828 not
592 3768 661 3828 been
699 3768 873 3828 translated

192 3795 264 3855 Into
294 3797 447 3857 English.

229 3828 258 3888 In
296 3828 362 3888 1924
396 3829 563 3889 “Fraülein
597 3829 696 3889 Elsa,”
734 3830 880 3890 Schnitz¬

202 3861 272 3921 ler's
309 3859 387 3919 first
428 3860 591 3920 narrative
636 3861 714 3921 work
758 3863 784 3923 in
833 3864 877 3924 six

204 3890 311 3950 years,
339 3891 406 3951 was
442 3893 608 3953 published
648 3893 704 3953 and
744 3895 771 3955 in
811 3895 878 3955 1925

202 3923 289 3983 there
309 3923 396 3983 came
420 3926 644 3986 "Rhapsody."
667 3926 778 3986 Ayear
797 3926 877 3986 later

197 3953 256 4013 saw
292 3956 342 4016 the
370 3956 559 4016 publication
591 3957 626 4017 of
646 3957 870 4017 “Daybreak,'

203 3986 297 4046 hich
328 3989 381 4049 has
408 3989 499 4049 lately
526 3989 598 4049 been
626 3991 637 4051 a
664 3989 747 4049 local
763 3989 880 4049 movie,

198 4018 258 4078 and
287 4019 463 4079 “Theresa”
492 4022 646 4082 appeared
667 4022 691 4082 in
717 4022 798 4082 1928.
815 4022 879 4082 The

204 4050 284 4110 most
315 4049 425 4109 recent
459 4051 540 4111 work
577 4054 610 4114 of
640 4054 684 4114 his
718 4054 743 4114 is
777 4052 873 4112 called

205 4079 334 4139 "Flight
356 4083 425 4143 Into
455 4084 649 4144 Darkness.”
684 4081 714 4141 It
736 4085 762 4145 is
784 4087 813 4147 to
840 4085 874 4145 be

210 4114 364 4174 published
402 4117 481 4177 next
515 4117 594 4177 week
636 4119 669 4179 by
707 4117 807 4177 Simon
849 4120 861 4180 &

200 4141 359 4201 Schuster

1260 229 1974 289 OBSERVER

1342 282 1365 342 I.
1378 282 1500 342 österr.
1513 285 1663 345 behördl.
1676 288 1976 348 konzessioniertes

1297 321 1531 381 Unternehmen
1561 324 1607 384 für
1632 330 2022 390 Zeitungs-Ausschnitte

1349 380 1497 440 WIEN,
1523 387 1574 447 I.,

1604 388 1882 448 WOLLZEILE
1928 390 1973 450 11

1446 434 1661 494 TELEPHON
1698 440 1872 500 R-23-0-43

1252 574 1472 634 Ausschnitt
1493 579 1563 639 aus
1574 592 1643 652 ihe
1665 604 1805 664 Chicago
1826 603 1955 663 Tribene
1987 596 2065 656 Paris

1244 798 1348 858 vom:

1541 801 1629 861 22.
1661 809 1791 869 OKT.
1812 820 1911 880 1937

1290 989 1696 1049 SCHNITZLER
1781 993 1987 1053 DIES,

1264 1058 1553 1118 ENDING
1629 1065 1960 1125 FAMOUS

1273 1134 1608 1194 LITERARY
1653 1138 1953 1198 CAREER

1310 1234 1477 1294 VIENNA,
1496 1237 1568 1297 Oct.
1591 1240 1786 1300 21.—Arthur
1814 1242 1994 1302 Schnitzler,

1270 1274 1411 1334 Austrian
1439 1276 1548 1336 author
1572 1276 1622 1336 and
1650 1279 1825 1339 dramatist,
1845 1282 1904 1342 died
1932 1282 1990 1342 this

1268 1312 1422 1372 afternoon
1455 1314 1488 1374 of
1514 1314 1653 1374 cerebral
1676 1317 1848 1377 congestion
1882 1317 1914 1377 at
1940 1318 1988 1378 the

1263 1348 1317 1408 age
1343 1349 1372 1409 of
1395 1351 1442 1411 69,
1468 1353 1575 1413 ending
1612 1353 1622 1413 a
1660 1354 1762 1414 career
1796 1356 1887 1416 which
1924 1357 1983 1417 won

1268 1389 1312 1449 him
1353 1389 1462 1449 acclaim
1503 1394 1714 1454 throughout.
1726 1395 1791 1455 the,
1800 1395 1904 1455 world.

1295 1425 1386 1485 Since
1413 1428 1493 1488 1893,
1516 1431 1599 1491 when
1630 1431 1664 1491 he
1691 1434 1813 1494 became
1840 1434 1874 1494 an
1901 1435 1984 1495 army

1267 1465 1381 1525 doctor,
1400 1467 1453 1527 but
1476 1467 1529 1527 had
1556 1470 1582 1530 to
1610 1470 1704 1530 resign
1735 1473 1860 1533 because
1887 1473 1917 1533 of
1941 1473 1986 1533 the

1269 1505 1444 1565 publication
1482 1506 1516 1566 of
1541 1508 1591 1568 his
1616 1511 1746 1571 military
1780 1511 1880 1571 story)
1902 1511 1989 1571 Lieu-

1267 1539 1373 1599 tenant
1401 1544 1507 1604 Gustl,
1539 1546 1574 1606 he
1614 1547 1669 1607 had
1705 1547 1826 1607 devoted
1866 1550 1909 1610 all
1945 1550 1992 1610 his

1262 1580 1333 1640 thne
1373 1580 1400 1640 to
1428 1583 1605 1643 literature,
1633 1586 1691 1646 and
1727 1586 1810 1646 after
1838 1589 1884 1649 the
1916 1589 1991 1649 pub¬

1267 1617 1378 1677 lication
1409 1620 1443 1680 of
1474 1622 1607 1682 Anatol,
1629 1625 1641 1685 a
1680 1625 1817 1685 brilliant
1839 1628 1934 1688 series
1960 1628 1990 1688 ot

1260 1656 1408 1716 dramatic
1437 1661 1610 1721 dialogues,
1632 1664 1663 1724 he
1692 1664 1853 1724 continued
1882 1669 1910 1729 to
1938 1667 1986 1727 at¬

1255 1697 1343 1757 tract
1373 1697 1445 1757 wide
1475 1701 1641 1761 attention.

1296 1732 1347 1792 His
1379 1736 1528 1796 dramatie
1560 1738 1657 1798 works
1685 1741 1823 1801 brought
1851 1743 1893 1803 him
1941 1744 1984 1804 his

1259 1771 1396 1831 greatest
1442 1775 1579 1835 success,
1616 1777 1677 1837 and
1714 1780 1812 1840 -some
1857 1781 1974 1841 trouble

1267 1810 1371 1870 Nearly
1396 1813 1580 1873 allofhis
1601 1816 1777 1876 numerous
1811 1822 1898 1882 plays
1915 1822 1982 1882 and

1261 1849 1368 1909 stories
1395 1852 1472 1912 have
1499 1854 1575 1914 their
1597 1855 1709 1915 setting
1739 1858 1765 1918 in
1791 1858 1842 1918 the
1869 1861 1980 1921 Vienna

1251 1888 1290 1948 of
1311 1888 1355 1948 his
1376 1888 1578 1948 youth—then
1603 1895 1614 1955 a
1640 1894 1696 1954 city
1720 1895 1797 1955 freer
1818 1896 1882 1956 from
1915 1897 1983 1957 care

1257 1926 1327 1986 than
1361 1929 1411 1989 the
1441 1929 1553 1989 Vienna
1587 1930 1616 1990 of
1642 1933 1750 1993 today.
1780 1936 1984 1996 Sehnitzler's

1259 1965 1336 2025 style
1361 1965 1442 2025 fitted
1471 1969 1557 2029 those
1582 1971 1683 2031 times.

1300 2002 1351 2062 His
1384 2007 1458 2067 first
1491 2007 1664 2067 performed
1702 2013 1790 2073 play,
1814 2011 1874 2071 was
1921 2014 1981 2074 Dat

1264 2041 1401 2101 Marchen
1435 2045 1459 2105 in
1493 2046 1576 2106 1893,
1597 2049 1655 2109 and
1684 2049 1746 2109 was
1776 2049 1913 2109 followed
1942 2052 1975 2112 by

1261 2079 1406 2139 lebelei,
1427 2084 1519 2144 which
1556 2085 1584 2145 is
1617 2086 1661 2146 his
1694 2088 1775 2148 most
1804 2090 1977 2150 frequently

1259 2121 1342 2181 given
1376 2121 1475 2181 piece.
1517 2123 1604 2183 hen
1638 2126 1746 2186 came,
1755 2129 1975 2189 Frieiildand

1261 2159 1390 2219 Reigen,
1406 2161 1450 2221 ten
1479 2162 1584 2222 scenes
1612 2163 1677 2223 with
1706 2165 1754 2225 the
1779 2166 1863 2226 same
1888 2167 1980 2227 erotié

1264 2201 1367 2261 motif,
1394 2201 1458 2261 wich
1499 2204 1563 2264 was
1590 2204 1647 2264 the
1674 2204 1797 2264 subject
1824 2207 1862 2267 of
1889 2207 1972 2267 much

1263 2253 1464 2313 controversy
1484 2258 1540 2318 and
1565 2258 1625 2318 was
1650 2261 1698 2321 not
1718 2261 1819 2321 staged
1847 2264 1891 2324 till
1908 2264 1988 2324 1920,

1272 2291 1349 2351 when
1375 2294 1490 2354 it-was
1517 2299 1607 2359 given
1637 2299 1766 2359 against
1788 2302 1985 2362 Schnitzler's

1264 2329 1322 2389 will
1340 2332 1390 2392 aud
1415 2335 1490 2395 amid
1513 2338 1617 2398 strong
1643 2338 1773 2398 protests
1795 2341 1857 2401 from
1895 2344 1979 2404 man,

1267 2371 1429 2431 quarters.

1303 2409 1389 2469 Many
1417 2413 1448 2473 of
1467 2413 1516 2473 his
1539 2416 1625 2476 plays
1648 2416 1702 2476 are
1726 2418 1852 2478 one-act
1875 2419 1988 2479 pieces,

1267 2450 1333 2510 such
1367 2450 1400 2510 as
1433 2453 1612 2513 Paracelsus
1643 2455 1696 2515 Die
1726 2458 1905 2518 Gefahrtin,
1926 2458 1984 2518 Der

1266 2487 1367 2547 Grune
1389 2490 1534 2550 Kakadu,
1552 2493 1714 2553 Lebendige
1737 2496 1890 2556 Stunden,
1904 2496 1982 2556 Mar¬

1262 2526 1393 2586 jonetten
1426 2529 1477 2589 and
1510 2531 1660 2591 Komodie
1684 2532 1735 2592 der
1763 2535 1880 2595 Worte.
1923 2535 1983 2595 The

1265 2568 1365 2628 longer
1389 2569 1472 2629 plays
1499 2571 1613 2631 include
1645 2571 1702 2631 Der
1724 2574 1865 2634 Einsame
1893 2576 1985 2636 Weg;

1257 2604 1323 2664 Der
1352 2607 1484 2667 Schleier
1514 2609 1563 2669 der
1593 2610 1754 2670 Beatrice;
1780 2613 1829 2673 the
1858 2614 1974 2674 comedy

1256 2645 1520 2705 Ziischenspiel;
1543 2649 1604 2709 Der
1631 2650 1732 2710 Junge
1763 2652 1939 2712 Medardus,
1962 2656 1974 2716 a

1259 2681 1360 2741 drama
1396 2684 1511 2744 dealing
1551 2687 1617 2747 with
1652 2690 1705 2750 the
1736 2690 1913 2750 occupation
1949 2693 1984 2753 ot

1264 2720 1372 2780 Vienna
1414 2723 1450 2783 by
1482 2726 1646 2786 Napoleon
1687 2729 1750 2789 ler,
1783 2729 1845 2789 Das
1887 2730 1977 2790 Weite

1263 2760 1360 2820 Land,
1376 2762 1386 2822 a
1417 2762 1644 2822 tragicomedy;
1665 2768 1736 2828 Prof
1763 2768 1942 2828 Bernhardi,
1958 2769 1968 2829 a

1265 2802 1325 2862 play
1363 2802 1395 2862 of
1424 2804 1475 2864 the
1509 2804 1663 2864 medical,
1677 2807 1840 2867 profession
1884 2810 1972 2870 which

1261 2840 1409 2900 provoked
1434 2843 1522 2903 much
1547 2846 1739 2906 discussion;
1760 2849 1907 2909 Komodie
1927 2847 1976 2907 der

1267 2878 1453 2938 Verfuhrung
1493 2884 1616 2944 (1925);
1646 2884 1702 2944 and
1742 2887 1792 2947 the
1822 2887 1973 2947 dramatie

1256 2920 1330 2980 poem
1367 2920 1430 2980 Der
1452 2920 1536 2980 Gang
1563 2923 1616 2983 zum
1659 2926 1796 2986 Weiher.

1414 2973 1550 3033 Popular
1583 2974 1626 3034 As
1659 2974 1817 3034 Novelist.

1292 3018 1483 3078 Schnitzlers
1504 3019 1669 3079 numerous
1691 3022 1793 3082 novels
1815 3022 1866 3082 and
1888 3022 1975 3082 short

1254 3055 1362 3115 stories
1390 3056 1462 3116 were
1485 3057 1599 3117 almost
1623 3060 1654 3120 as
1677 3058 1854 3118 successful
1869 3062 1904 3122 as
1927 3060 1963 3120 hi

1257 3093 1355 3153 play».
1390 3093 1449 3153 Der
1479 3095 1542 3155 Weg
1572 3096 1616 3156 ins
1641 3096 1724 3156 Freie
1759 3099 1773 3159 a
1799 3099 1916 3159 plcture
1941 3099 1970 3159 of

1258 3131 1405 3191 Viennese
1440 3133 1488 3193 life
1523 3134 1557 3194 at
1587 3135 1641 3195 the
1675 3138 1724 3198 end
1764 3138 1798 3198 of
1828 3138 1876 3198 the
1906 3138 1969 3198 last

1254 3171 1395 3231 century,
1416 3172 1441 3232 is
1466 3173 1511 3233 his
1541 3174 1678 3234 greatest
1703 3177 1861 3237 narrative
1891 3177 1965 3237 work

1252 3208 1326 3268 and,
1347 3210 1372 3270 in
1402 3210 1482 3270 fact,
1503 3213 1548 3273 his
1573 3216 1643 3276 only
1674 3216 1739 3276 long
1770 3216 1870 3276 story.
1910 3216 1965 3276 His

1255 3248 1345 3308 latest
1366 3248 1437 3308 tales
1462 3250 1509 3310 are
1529 3251 1673 3311 Fraulein
1697 3254 1763 3314 Else
1793 3254 1903 3314 (1924),
1918 3255 1970 3315 Die

1255 3287 1328 3347 Frau
1359 3288 1412 3348 dex
1442 3290 1585 3350 Richters
1615 3293 1727 3353 (1925),
1748 3293 1806 3353 and
1836 3293 1968 3353 Traum¬

1253 3326 1368 3386 novelle
1402 3327 1516 3387 (1926).

1284 3365 1453 3425 Schnitzler
1482 3368 1543 3428 was
1567 3371 1617 3431 the
1641 3371 1691 3431 son
1720 3374 1753 3434 of
1777 3374 1787 3434 a
1816 3374 1968 3434 professor

1248 3406 1279 3466 of
1301 3404 1442 3464 medicine
1465 3409 1517 3469 and
1544 3407 1667 3467 himself
1690 3410 1809 3470 became
1827 3413 1840 3473 à
1867 3413 1968 3473 doctor

1252 3442 1269 3502 in
1302 3441 1383 3501 1885.
1420 3442 1465 3502 He
1488 3445 1638 3505 practised
1666 3447 1697 3507 at
1720 3448 1842 3508 various
1865 3451 1969 3511 hospi¬

1252 3481 1304 3541 tals
1324 3481 1382 3541 and
1406 3484 1473 3544 then
1503 3484 1584 3544 went
1604 3484 1632 3544 to
1657 3484 1777 3544 London
1806 3487 1859 3547 and
1884 3487 1970 3547 Paris

1249 3522 1272 3582 to
1300 3520 1388 3580 study
1417 3521 1515 3581 public
1543 3523 1659 3583 health.
1697 3525 1795 3585 Later
1819 3526 1856 3586 he
1880 3526 1959 3586 acted

1248 3559 1278 3619 as
1301 3557 1451 3617 assistant
1473 3562 1499 3622 to
1526 3562 1575 3622 his
1597 3562 1698 3622 father
1721 3562 1756 3622 at
1779 3565 1827 3625 the
1854 3565 1959 3625 Vienna

1249 3595 1376 3655 General
1401 3600 1543 3660 Hospital
1563 3601 1622 3661 and
1652 3601 1769 3661 entered
1799 3602 1852 3662 the
1872 3603 1960 3663 army

1243 3634 1373 3694 medical
1395 3636 1504 3696 service
1534 3639 1554 3699 in
1585 3637 1668 3697 1893.

1284 3672 1341 3732 But
1370 3672 1403 3732 he
1437 3672 1489 3732 had
1523 3675 1551 3735 10
1585 3675 1685 3735 write,
1710 3678 1762 3738 and
1796 3678 1877 3738 when
1916 3680 1958 3740 his

1244 3708 1371 3768 military
1408 3711 1489 3771 story
1526 3714 1626 3774 forced
1667 3714 1712 3774 hím
1763 3715 1817 3775 out
1849 3717 1881 3777 of
1908 3717 1958 3777 the

1240 3750 1343 3810 army,
1356 3750 1386 3810 he
1408 3750 1528 3810 devoted
1554 3750 1675 3810 himself
1692 3753 1817 3813 entirely
1839 3756 1860 3816 to
1882 3756 1963 3816 liter¬

1238 3786 1345 3846 ature.
1383 3786 1447 3846 The
1476 3789 1686 3849 intellectural
1709 3793 1900 3853 atmosphere
1928 3793 1960 3853 of

1245 3825 1291 3885 his
1311 3823 1441 3883 fathers
1465 3828 1576 3888 house,
1596 3827 1693 3887 where
1717 3828 1754 3888 he
1782 3830 1843 3890 met
1867 3830 1954 3890 many

1244 3863 1342 3923 people
1377 3863 1411 3923 of
1437 3863 1540 3923 ability
1575 3863 1633 3923 and
1668 3866 1781 3926 talent,
1806 3869 1954 3929 including

1239 3899 1385 3959 bankers,
1423 3900 1565 3960 business
1612 3905 1787 3965 magnates,
1825 3908 1967 3968 savants,

1240 3939 1380 3999 lawyels,
1390 3939 1494 3999 artists
1513 3941 1567 4001 and
1590 3941 1771 4001 statesmen,
1785 3944 1953 4004 stimulated

1240 3977 1284 4037 his
1320 3978 1487 4038 work.A

1607 3981 1658 4041 all.
1679 3979 1694 4039 t

1800 3981 1869 4041 were
1902 3983 1952 4043 the

1238 4015 1336 4075 actors
1360 4016 1388 4076 of
1407 4018 1457 4078 the
1482 4017 1603 4077 famous
1622 4019 1846 4079 Burgtheater,
1861 4022 1954 4082 where

1244 4054 1327 4114 many
1352 4054 1382 4114 of
1400 4054 1442 4114 his
1461 4057 1551 4117 plays
1570 4057 1641 4117 have
1667 4057 1732 4117 been
1757 4060 1841 4120 given
1866 4061 1962 4121 since,

1244 4090 1304 4150 vho
1330 4090 1439 4150 greatly
1471 4095 1635 4155 influenced
1661 4096 1709 4156 his
1734 4097 1868 4157 writing,

2274 836 2900 896 DOBSERVE

2365 891 2386 951 I.
2400 897 2519 957 österr.
2533 899 2678 959 behördl.
2692 906 2970 966 konzessioniert.

2312 935 2551 995 Unternehmen
2578 941 2626 1001 für
2649 946 2994 1006 Zeitungs-Ausschn.

2374 992 2515 1052 WIEN,
2543 999 2589 1059 I.,
2617 1005 2893 1065 WOLLZEILE
2941 1012 2981 1072 11

2467 1050 2682 1110 TELEPHON
2715 1058 2892 1118 R-23-0-43

2264 1184 2480 1244 Ausschnitt
2503 1189 2592 1249 aus:

2518 1317 2593 1377 The
2626 1318 2746 1378 Times
2772 1320 2923 1380 London

2259 1404 2368 1464 vom:

2690 1419 2782 1479 2Z.
2806 1416 2923 1476 OKT.
2948 1416 3004 1476 199

2301 1500 2482 1560 R.
2508 1509 2673 1569 ARTHUR
2715 1514 2971 1574 SCHNITZLER

2351 1550 2413 1610 Dr.
2436 1556 2560 1616 Arthur
2584 1559 2782 1619 Schnitzler,
2805 1559 2975 1619 drametist
3004 1562 3066 1622 and

2305 1589 2462 1649 novelist,
2486 1594 2587 1654 whose
2620 1597 2713 1657 death
2750 1598 2773 1658 is
2806 1601 2988 1661 announced
3028 1604 3064 1664 by

2308 1628 2363 1688 our
2407 1630 2523 1690 Vienna
2567 1637 2846 1697 Correspondent,
2881 1642 2975 1702 began
3023 1643 3070 1703 his

2309 1667 2413 1727 career
2434 1670 2466 1730 as
2483 1673 2665 1733 physician,
2677 1676 2730 1736 and
2755 1677 2803 1737 for
2819 1679 2912 1739 many
2933 1679 3026 1739 years
3043 1682 3074 1742 of

2306 1705 2354 1765 his
2374 1705 2418 1765 life
2443 1708 2499 1768 was
2520 1711 2685 1771 connected
2710 1714 2778 1774 with
2803 1714 2928 1774 various
2949 1719 3065 1779 Vienna

2302 1744 2474 1804 hospitals.
2515 1748 2564 1808 He
2591 1750 2666 1810 was,
2685 1753 2711 1813 in
2742 1754 2821 1814 fact,
2840 1756 3004 1816 physician
3036 1759 3066 1819 to

2308 1781 2355 1841 the
2377 1786 2450 1846 end,
2463 1786 2557 1846 never
2576 1789 2687 1849 having
2709 1792 2851 1852 officially
2873 1798 3062 1858 abandoned

2303 1822 2350 1882 his
2389 1825 2566 1885 profession
2609 1831 2666 1891 and
2715 1834 2873 1894 retaining
2916 1837 2930 1897 a
2974 1837 3069 1897 small

2307 1864 2442 1924 practice
2467 1864 2497 1924 to
2519 1867 2569 1927 the
2590 1869 2670 1929 last.

2344 1902 2396 1962 The
2423 1905 2515 1965 young
2538 1910 2710 1970 Schnitzler,
2724 1911 2869 1971 however,
2887 1914 2913 1974 as
2936 1917 2980 1977 son
3002 1917 3032 1977 of
3051 1919 3063 1979 a

2300 1936 2466 1996 prominent
2490 1938 2584 1998 throat
2607 1944 2751 2004 specialist
2778 1947 2835 2007 who
2862 1948 2941 2008 loved
2968 1950 2994 2010 to
3021 1950 3062 2010 see

2300 1968 2343 2028 his
2377 1971 2461 2031 home
2506 1974 2553 2034 the
2591 1976 2712 2036 meeting
2753 1980 2833 2040 place
2875 1980 2904 2040 of
2941 1983 3073 2043 authors,

2299 2001 2471 2061 musicians,
2490 2007 2541 2067 and
2574 2008 2684 2068 actors,
2703 2010 2780 2070 early
2810 2013 2831 2073 in
2861 2013 2901 2073 his
2927 2016 2975 2076 life
3001 2016 3070 2076 con¬

2301 2034 2392 2094 ceived
2418 2038 2425 2098 a
2452 2040 2558 2100 passion
2584 2041 2624 2101 for
2643 2043 2789 2103 literature
2812 2046 2863 2106 and
2885 2048 2933 2108 the
2955 2049 3050 2109 drama

2296 2068 2349 2128 and
2384 2069 2406 2129 it
2437 2071 2493 2131 was
2520 2073 2550 2133 as
2577 2074 2619 2134 his
2646 2076 2764 2136 father's
2791 2079 2931 2139 assistant
2958 2082 2988 2142 at

2303 2099 2405 2159 Vienna
2445 2102 2602 2162 Polyclinic
2630 2108 2697 2168 that
2725 2108 2756 2168 he
2787 2111 2913 2171 brought
2941 2114 2992 2174 out
3020 2114 3063 2174 his

2296 2132 2356 2192 first
2383 2134 2452 2194 book
2486 2138 2516 2198 of
2539 2138 2638 2198 poems
2665 2141 2714 2201 and
2745 2144 2828 2204 short
2855 2144 2943 2204 tales,
2962 2147 3068 2207 which,

2296 2166 2444 2226 welcomed
2467 2168 2501 2228 by
2520 2171 2562 2231 the
2581 2172 2691 2232 public,
2703 2177 2874 2237 encouraged
2897 2177 2938 2237 him
2973 2177 3048 2237 there

2292 2198 2367 2258 after
2387 2200 2413 2260 to
2436 2201 2535 2261 devote
2558 2205 2603 2265 the
2623 2207 2737 2267 greater
2756 2210 2820 2270 part
2840 2211 2866 2271 of
2886 2213 2927 2273 his
2946 2210 3011 2270 time
3034 2212 3060 2272 to

2295 2234 2457 2294 literature.
2503 2237 2542 2297 He
2577 2237 2644 2297 soon
2680 2238 2796 2298 became
2829 2243 2991 2303 recognized
3030 2246 3058 2306 as

2293 2267 2456 2327 supremely
2475 2268 2520 2328 the
2540 2270 2623 2330 artist
2642 2270 2672 2330 of
2688 2272 2824 2332 Viennese
2844 2276 2904 2336 life,
2920 2276 2946 2336 as
2969 2276 3014 2336 life

2298 2298 2400 2358 Vienna
2420 2299 2476 2359 was
2492 2300 2583 2360 before
2602 2302 2647 2362 the
2667 2305 2746 2365 War.
2773 2305 2815 2365 He
2838 2306 2887 2366 was
2907 2308 2989 2368 called

2296 2330 2438 2390 “German
2461 2332 2519 2392 Guy
2542 2335 2570 2395 de
2589 2338 2794 2398 Maupassant,
2824 2341 2882 2401 who
2901 2341 3051 2401 portrayed

2292 2362 2337 2422 the
2364 2368 2458 2428 gaiety
2481 2368 2534 2428 and
2565 2371 2803 2431 irresponsibility
2826 2374 2856 2434 of
2875 2374 2886 2434 a
2913 2374 3004 2434 pleasi

2290 2398 2385 2458 loving
2415 2401 2524 2461 capital
2549 2401 2611 2461 with
2641 2404 2766 2464 insight,
2788 2407 2850 2467 with
2880 2408 2980 2468 irony,
3001 2410 3051 2470 and

2292 2432 2350 2492 with
2378 2431 2432 2491 cold
2460 2434 2620 2494 brilliance.

2324 2466 2482 2526 Schnitzler
2506 2467 2561 2527 was
2585 2467 2650 2527 born
2674 2470 2697 2530 in
2730 2472 2832 2532 Vienna
2861 2473 2888 2533 on
2917 2475 2982 2535 May
3011 2476 3057 2536 15,

2293 2499 2371 2559 1862,
2387 2499 2434 2559 the
2458 2499 2505 2559 son
2529 2500 2560 2560 of
2580 2502 2690 2562 Johann
2718 2505 2890 2565 Schnitzler,
2910 2508 3004 2568 Profes

2285 2532 2312 2592 of
2344 2532 2564 2592 Laryngology.
2611 2536 2654 2596 He
2690 2537 2804 2597 studied
2843 2541 2984 2601 medicine
3020 2541 3051 2601 at

2287 2564 2391 2624 Vienna
2416 2568 2594 2628 University,
2611 2571 2764 2631 graduated
2785 2571 2817 2631 at
2833 2574 2877 2634 the
2894 2574 2946 2634 age
2963 2574 2991 2634 of

2281 2599 2334 2659 and
2361 2601 2444 2661 began
2471 2601 2512 2661 the
2535 2604 2657 2664 practice
2676 2604 2706 2664 of
2721 2604 2763 2664 his
2782 2607 2933 2667 profession
2957 2608 2987 2668 at
3002 2609 3013 2669 t

2283 2631 2408 2691 General
2424 2634 2573 2694 Hospital.
2606 2637 2664 2697 But
2684 2637 2723 2697 his
2743 2640 2825 2700 heart
2845 2643 2900 2703 was
2920 2643 2939 2703 in
2963 2643 3045 2703 medi

2281 2665 2341 2725 cine
2364 2667 2413 2727 less
2437 2667 2478 2727 for
2498 2669 2543 2729 the
2562 2669 2668 2729 science
2692 2671 2771 2731 itself
2787 2674 2851 2734 than
2878 2677 2920 2737 for
2939 2675 2984 2735 the

2283 2699 2426 2759 planation
2452 2701 2474 2761 it
2496 2702 2599 2762 offered
2636 2704 2665 2764 of
2695 2705 2802 2765 human
2835 2708 2960 2768 motives
2990 2711 3045 2771 and

2281 2732 2414 2792 frailties.
2445 2735 2500 2795 The
2528 2735 2613 2795 whole
2641 2739 2672 2799 of
2692 2741 2735 2801 his
2759 2741 2934 2801 subsequent
2962 2744 3052 2804 work,

2282 2768 2334 2828 and
2366 2768 2515 2828 especially
2548 2768 2612 2828 that
2649 2769 2677 2829 of
2714 2771 2758 2831 his
2790 2774 2846 2834 last
2887 2774 2915 2834 10
2956 2777 3004 2837 yea

2277 2801 2390 2861 showed
2418 2801 2469 2861 how
2504 2804 2602 2864 deeply
2630 2804 2676 2864 the
2700 2808 2899 2868 pathological
2923 2807 2982 2867 view
3017 2812 3048 2872 of

2281 2834 2382 2894 human
2410 2835 2512 2895 nature
2536 2837 2590 2897 was
2610 2837 2755 2897 ingrained
2783 2843 2806 2903 in
2830 2843 2904 2903 him.
2932 2846 3041 2906 Anatol

2280 2866 2325 2926 the
2348 2866 2408 2926 first
2428 2868 2477 2928 and
2504 2869 2625 2929 perhaps
2648 2872 2689 2932 the
2712 2872 2841 2932 greatest
2860 2872 2887 2932 of
2906 2874 2948 2934 his
2971 2874 3046 2934 com¬

2277 2899 2351 2959 plete
2372 2902 2548 2962 characters,
2564 2902 2614 2962 was
2638 2904 2693 2964 Dor
2717 2905 2792 2965 Juan
2816 2908 2917 2968 probed
2941 2910 2976 2970 by
2996 2911 3043 2971 the

2276 2935 2466 2995 neurologist.
2500 2938 2671 2998 Sometimes
2694 2939 2751 2999 this
2774 2941 2911 3001 tendency
2938 2944 3040 3004 carried

2272 2968 2435 3028 Schnitzler
2455 2968 2488 3028 no
2512 2971 2618 3031 farther
2641 2971 2706 3031 than
2733 2974 2755 3034 to
2782 2974 2789 3034 a
2817 2974 2881 3034 mild
2904 2976 3029 3036 cynicism

2273 2998 2303 3058 or
2326 3001 2337 3061 a
2364 3001 2455 3061 gentle
2482 3004 2611 3064 sardonic
2635 3005 2760 3065 humour
2779 3010 2786 3070 ;
2817 3010 2893 3070 more
2920 3010 2992 3070 often
3023 3010 3045 3070 it

2276 3034 2316 3094 led
2344 3034 2388 3094 him
2430 3035 2457 3095 to
2485 3037 2594 3097 studies
2631 3039 2698 3099 that
2721 3043 2799 3103 some
2831 3043 2922 3103 found
2959 3043 3044 3103 over¬

2276 3063 2383 3123 morbid
2411 3067 2460 3127 and
2488 3069 2668 3129 distasteful.

2312 3099 2372 3159 But
2394 3102 2575 3162 Schnitzler’s
2601 3105 2683 3165 liking
2709 3105 2752 3165 for
2774 3107 2821 3167 the
2847 3111 3045 3171 pathological

2275 3135 2356 3195 type,
2374 3135 2418 3195 the
2444 3135 2601 3195 emotional
2620 3138 2800 3198 aberration,
2818 3141 2862 3201 the
2885 3143 3038 3203 enigmatic

2274 3165 2402 3225 passion,
2420 3168 2526 3228 though
2560 3171 2582 3231 it
2608 3171 2732 3231 perhaps
2758 3174 2839 3234 made
2869 3176 2909 3236 his
2938 3177 3037 3237 stories

2268 3198 2325 3258 seem
2371 3201 2424 3261 not
2455 3201 2531 3261 quite
2562 3201 2626 3261 real
2650 3204 2680 3264 to
2715 3209 2825 3269 English
2860 3208 2974 3268 readers
3005 3210 3039 3270 at

2269 3234 2356 3294 least,
2386 3234 2466 3294 could
2507 3234 2558 3294 not
2595 3237 2715 3297 disguise
2753 3239 2763 3299 a
2804 3241 2939 3301 masterly
2980 3244 3031 3304 and

2270 3263 2387 3323 delicate
2413 3266 2580 3326 execution.
2624 3269 2666 3329 No
2692 3270 2741 3330 one
2766 3272 2830 3332 ever
2852 3274 2963 3334 treated
2988 3275 3034 3335 the

2269 3296 2465 3356 well-handled
2496 3299 2605 3359 themes
2629 3302 2655 3362 of
2678 3303 2814 3363 Viennese
2837 3308 3029 3368 love-making

2269 3330 2319 3390 and
2342 3332 2459 3392 intrigue
2482 3332 2555 3392 more
2574 3335 2669 3395 lightly
2692 3336 2717 3396 or
2736 3338 2809 3398 more
2828 3340 2982 3400 urbanely.
2994 3341 3034 3401 He

2269 3365 2318 3425 had
2341 3365 2348 3425 a
2367 3365 2428 3425 nice
2444 3368 2600 3428 sensibility
2619 3369 2668 3429 and
2687 3371 2793 3431 always
2809 3374 2927 3434 avoided
2946 3374 3037 3434 either

2267 3397 2443 3457 melodrama
2462 3399 2491 3459 or
2506 3401 2579 3461 mere
2597 3403 2766 3463 prettiness.
2785 3407 2824 3467 He
2843 3405 2916 3465 knew
2943 3407 2964 3467 to
2986 3410 3030 3470 the

2264 3431 2363 3491 bottom
2400 3431 2444 3491 the
2462 3434 2543 3494 types
2561 3434 2590 3494 he
2609 3437 2851 3497 portrayed—the
2870 3441 3034 3501 courtesan,

2264 3460 2311 3520 the
2350 3463 2519 3523 profligate,
2555 3466 2601 3526 the
2641 3468 2793 3528 neurotic;
2829 3472 2896 3532 they
2939 3475 3033 3535 might

2268 3493 2296 3553 be
2315 3495 2337 3555 in
2359 3496 2366 3556 a
2393 3497 2539 3557 grotesque
2562 3499 2591 3559 or
2610 3501 2745 3561 artificial
2760 3505 2881 3565 setting,
2893 3508 2944 3568 but
2963 3508 3025 3568 they

2264 3526 2332 3586 were
2359 3529 2444 3589 never
2468 3532 2605 3592 anything
2636 3535 2686 3595 but
2711 3535 2772 3595 true
2803 3538 2826 3598 to
2854 3538 3024 3598 themselves

2262 3559 2288 3619 to
2326 3561 2376 3621 the
2414 3562 2482 3622 end.
2528 3565 2715 3625 Schnitzler's
2749 3568 2859 3628 powers
2894 3572 2924 3632 of
2959 3573 3023 3633 both

2262 3592 2383 3652 analysis
2411 3595 2461 3655 and
2497 3595 2686 3655 construction
2722 3601 2847 3661 brought
2875 3603 2921 3663 the
2947 3606 3028 3666 short

2262 3626 2360 3686 novel,
2389 3626 2431 3686 his
2467 3628 2542 3688 most
2577 3631 2794 3691 characteristic
2830 3635 2971 3695 medium,
2997 3639 3021 3699 te

2259 3657 2421 3717 something
2447 3660 2498 3720 like
2525 3661 2676 3721 perfection
2706 3665 2735 3725 of
2754 3666 2839 3726 form.
2876 3669 2928 3729 His
2954 3669 3028 3729 plots

2264 3687 2326 3747 were
2348 3690 2455 3750 always
2478 3693 2543 3753 neat
2562 3693 2614 3753 and
2636 3696 2772 3756 finished,
2788 3699 2809 3759 if
2828 3699 2876 3759 not
2895 3705 3019 3765 original

2258 3720 2311 3780 and
2342 3723 2387 3783 his
2415 3724 2525 3784 writing
2556 3726 2662 3786 always
2693 3731 2826 3791 gripped.
2865 3735 2899 3795 It
2926 3735 2979 3795 was

2261 3756 2319 3816 pity
2341 3753 2403 3813 only
2429 3757 2495 3817 that
2514 3759 2536 3819 in
2562 3759 2605 3819 the
2631 3762 2683 3822 last
2701 3762 2792 3822 resort
2815 3763 2844 3823 he
2867 3765 2921 3825 was
2943 3768 3027 3828 with-

2262 3788 2309 3848 out
2337 3786 2348 3846 a
2384 3789 2556 3849 philosophy
2588 3793 2615 3853 to
2647 3794 2709 3854 give
2741 3798 2866 3858 brilliant
2898 3801 3023 3861 analysis

2257 3819 2287 3879 of
2306 3819 2455 3879 character
2478 3822 2489 3882 a
2516 3825 2687 3885 permanent
2710 3829 2858 3889 meaning.
