3344 4384
582 258 752 318 SETOTIg
780 258 832 318 Con
861 258 913 318 den
950 258 1102 318 ansga
1130 261 1542 321 orstanlednng
1579 276 1632 336 lil
1660 275 1856 335 orargese.
1893 276 1946 336 De

581 308 655 368 även
697 306 743 366 för
772 306 984 366 livsformer,
1006 306 1055 366 som
1110 306 1234 366 gängse
1264 305 1334 365 mo¬

1351 323 1394 383 av
1425 321 1649 381 kärlekslivet
1671 321 1705 381 är
1727 321 1774 381 för
1800 323 1891 383 löjlig
1922 322 1968 382 för
1995 324 2042 384 att
2064 324 2111 384 ta¬

573 355 631 415 ral
654 354 784 414 brukat
811 354 967 414 utdöma.

1358 374 1418 434 gas
1448 374 1482 434 pà
1517 370 1642 430 allvar,
1664 370 1758 430 tycks
1789 372 1987 432 fórfattaren
2026 373 2103 433 vilja

617 401 685 461 Vill
729 401 802 461 man
841 401 1035 461 ytterligare
1070 401 1233 461 precisera
1268 401 1323 461 den

1360 419 1434 479 säga
1472 418 1484 478 —
1535 418 1568 478 om
1619 419 1689 479 man
1727 417 1769 477 nu
1807 419 2020 479 nödvändigt
2049 418 2107 478 vill

577 449 891 509 stämningsmiljö,
913 448 947 508 ur
982 447 1089 507 vilken
1124 448 1330 508 Schnitzlers

1358 464 1435 524 söka
1470 466 1573 526 någon
1612 464 1788 524 "tendens"
1819 464 1879 524 hos
1910 466 2099 526 Schnitzler

575 497 746 557 dramatik
776 495 876 555 vuxit
898 497 960 557 upp
990 495 1040 555 som
1087 494 1119 554 en
1153 495 1295 555 blomma
1325 494 1337 554 i

1358 512 1616 572 Undertecknad
1654 512 1766 572 minns
1791 512 1841 572 for
1870 512 1916 572 sin
1950 512 2007 572 del
2029 512 2099 572 mec

579 545 762 605 raffinerat
791 542 911 602 brutna
945 542 1116 602 nyanser,
1141 542 1191 602 får
1250 542 1320 602 man

1358 560 1521 620 oblandat
1551 561 1624 621 nöje
1659 560 1834 620 "Reigens”
1874 560 2101 620 framförande

577 593 680 653 tänka
706 593 745 653 på
771 593 826 653 den
861 590 930 650 mot
952 590 1154 650 sekelslutet
1171 590 1326 650 alltmera

1360 611 1372 671 i
1394 608 1501 668 Berlin
1532 608 1578 668 för
1605 608 1635 668 en
1665 608 1720 668 hel
1742 608 1798 668 del
1820 608 1853 668 år
1880 608 2000 668 sedan.
2035 608 2099 668 Den

577 638 856 698 framträdande,
887 637 1193 697 desillusionerade
1223 637 1326 697 esteti

1358 655 1466 715 cirkel
1491 655 1561 715 med
1591 656 1711 716 mánga
1745 655 1945 715 mellanled,
1966 655 2020 715 som
2066 655 2103 715 de

578 685 705 745 cismen
762 685 837 745 inom
903 685 1057 745 litterära
1097 685 1250 745 kretsar.

1358 705 1399 765 tio
1425 703 1600 763 tabláerna
1625 703 1763 763 teckna,
1780 703 1938 763 börjande
1964 703 2014 763 och
2043 703 2089 763 slu

577 735 667 795 äldre
711 734 998 794 naturalisternas
1033 733 1312 793 världsförbättra

1364 751 1459 811 tande
1485 751 1552 811 med
1577 751 1761 811 gatflickan
1786 751 1840 811 och
1870 751 2087 811 genomlöpan

573 781 684 841 reiver
719 781 800 841 hade
840 781 999 841 slocknat
1029 781 1090 841 hos
1129 781 1184 841 den
1224 783 1326 843 yngre

1358 802 1398 862 de
1429 799 1495 859 alla
1526 799 1805 859 samhällsskikt,
1832 799 1867 859 är
1898 799 1924 859 ju
1964 798 2097 858 visserli

575 831 841 891 generationen;
872 829 942 889 man
983 831 1071 891 hade
1107 829 1204 889 blivit
1235 830 1314 890 skep

1359 850 1416 910 gen
1451 849 1491 909 av
1518 846 1588 906 rätt
1611 846 1774 906 makaber
1801 846 1872 906 art.
1912 846 2001 906 Dock
2036 846 2102 906 blev

579 879 660 939 tisk,
678 879 751 939 man
782 877 915 937 började
941 876 975 936 se
1001 878 1035 938 pä
1066 876 1216 936 tillvaron
1251 876 1324 936 utan

1360 897 1411 957 vid
1442 895 1673 955 uppförandet
1699 894 1751 954 det
1777 894 1845 954 hela
1880 894 1931 954 till
1953 894 1987 954 en
2022 893 2111 953 sede¬

566 927 781 987 indignation
823 924 903 984 eller
937 925 1084 985 särskild
1127 924 1338 984 entusiasm,

1364 945 1424 1005 bild
1489 945 1557 1005 med
1596 945 1699 1005 nâgot
1729 942 1763 1002 av
1798 944 1970 1004 rokokons
2004 943 2107 1003 puder

577 973 631 1033 och
669 975 744 1035 man
782 974 873 1034 sökte
907 973 973 1033 ofta
1007 972 1019 1032 i
1049 972 1262 1032 litteraturen
1296 970 1308 1030 -

1360 993 1433 1053 över
1481 993 1767 1053 ruskigheterna.
1811 993 1888 1053 Man
1945 990 2048 1050 mâste
2079 990 2104 1050 le

569 1023 629 1083 när
664 1021 720 1081 den
760 1020 829 1080 inte
865 1020 1017 1080 svävade
1052 1021 1195 1081 alldeles
1257 1020 1335 1080 bort

1362 1041 1442 1101 trots
1481 1042 1557 1102 allt,
1579 1044 1747 1104 ochaan
1791 1041 1900 1101 mâste
1933 1041 2112 1101 samtidigt

576 1071 643 1131 från
698 1067 1086 1127 vardagsverkligheten
1137 1065 1150 1125 —
1218 1068 1332 1128 âterge

576 1118 657 1178 livet
690 1117 758 1177 helt
790 1115 1018 1175 tendenslöst,
1046 1117 1100 1177 som
1156 1115 1187 1175 en
1229 1118 1329 1178 rörlig

575 1166 665 1226 tavla
691 1164 760 1224 med
790 1166 880 1226 tusen
911 1166 1044 1226 valörer
1066 1166 1139 1226 men
1169 1166 1246 1226 utan
1277 1165 1337 1225 nâ¬

572 1218 627 1278 gon
663 1214 810 1274 egentlig
842 1214 1040 1274 "mening".
1055 1215 1070 1275 —
1122 1213 1187 1273 Vad
1223 1213 1325 1273 slutli

573 1267 631 1327 gen
671 1262 729 1322 den
765 1262 849 1322 yttre
881 1259 1006 1319 formen
1042 1259 1095 1319 för
1127 1259 1336 1319 Schnitzlers

582 1309 782 1369 produktion
815 1309 936 1369 angår,
955 1306 988 1366 sà
1016 1306 1170 1366 grundar
1198 1305 1254 1365 den
1287 1306 1328 1366 sig

580 1358 649 1418 irån
711 1357 827 1417 början
883 1356 920 1416 på
982 1354 1037 1414 den
1080 1354 1172 1414 korta
1210 1354 1341 1414 dialog-

579 1405 756 1465 novellen,
776 1402 874 1462 sådan
912 1402 968 1462 den
1002 1402 1170 1462 utbildats
1195 1402 1339 1462 särskilt

639 1453 852 1513 Frankrike;
894 1447 1089 1507 sedermera
1140 1449 1335 1509 tillkomma

581 1500 763 1560 märkbara
797 1497 961 1557 impulser
994 1494 1064 1554 frän
1102 1492 1215 1552 Ibsen.

621 1548 765 1608 Härmed
799 1545 836 1605 är
860 1544 944 1604 bâde
977 1543 1127 1603 formellt
1156 1542 1207 1602 och
1245 1542 1343 1602 inne¬

579 1596 737 1656 hällsligt
782 1593 919 1653 angivet
970 1592 1073 1652 några
1128 1591 1334 1651 huvuddrag

584 1644 645 1704 hos
673 1644 883 1704 Schnitzler.
926 1641 1014 1701 Dock
1051 1640 1126 1700 vore
1159 1638 1215 1698 det
1243 1641 1341 1701 högst

582 1692 726 1752 oriktigt
750 1692 803 1752 att
822 1689 995 1749 föreställa
1024 1689 1072 1749 sig
1106 1689 1211 1749 honom
1260 1689 1341 1749 blott

586 1740 638 1800 som
688 1739 722 1799 en
754 1739 864 1799 typisk
900 1736 1143 1796 representant
1170 1734 1218 1794 för
1250 1736 1333 1796 tiden

586 1788 640 1848 och
672 1789 808 1849 miljön.
850 1787 864 1847 I
887 1786 996 1846 själva
1028 1784 1146 1844 verket
1169 1784 1205 1844 är
1233 1784 1337 1844 denne

584 1836 643 1896 det
666 1835 779 1895 korta,
797 1834 1033 1894 novellistiska
1065 1832 1323 1892 90-talsdramat

584 1886 733 1946 mästare
760 1883 795 1943 en
826 1883 958 1943 diktare
990 1881 1025 1941 av
1052 1883 1184 1943 ganska
1211 1881 1347 1941 tjusan-

586 1935 625 1995 de
657 1933 811 1993 egenart.
856 1931 900 1991 De
932 1930 1029 1990 flesta
1065 1930 1100 1990 av
1131 1929 1184 1989 oss
1216 1930 1255 1990 ha
1291 1928 1348 1988 väl

586 1982 649 2042 sett
700 1981 804 2041 några
859 1978 900 2038 av
932 1978 1146 2038 Schnitzlers
1178 1978 1342 2038 enaktare

583 2030 657 2090 med
690 2029 783 2089 titlar
812 2029 863 2089 som
911 2026 1135 2086 "Litteratur"
1164 2024 1219 2084 och
1253 2023 1336 2083 "Den

586 2078 673 2138 stora
709 2077 872 2137 scenen",
895 2074 987 2134 dessa
1027 2074 1057 2134 en
1098 2076 1181 2136 gång
1221 2074 1322 2134 genom

585 2126 632 2186 sin
667 2126 825 2186 moderna
856 2125 902 2185 ton
937 2125 971 2185 sa
1002 2122 1250 2182 stimulerande
1281 2122 1349 2182 tea¬

582 2175 799 2235 terstycken,
841 2174 895 2234 som
945 2171 1040 2231 blevo
1073 2172 1272 2232 ytterligare
1304 2169 1349 2229 le¬

591 2223 701 2283 vande
730 2225 744 2285 i
768 2223 801 2283 de
835 2221 955 2281 Wahls
984 2220 1141 2280 briljanta
1176 2220 1352 2280 tolkning.

594 2274 656 2334 Här
692 2271 886 2331 satiriserar
918 2268 1112 2328 Schnitzler
1143 2268 1174 2328 ju
1214 2267 1249 2327 en
1290 2268 1347 2328 hel

592 2323 644 2383 del
667 2322 742 2382 just
760 2319 840 2379 över
871 2319 901 2379 de
933 2316 1172 2376 estetkretsar,
1190 2316 1230 2376 ur
1257 2316 1345 2376 vilka

592 2370 653 2430 han
686 2370 769 2430 själv
798 2370 984 2430 framgått.
1022 2365 1092 2425 Men
1130 2365 1237 2425 vilken
1270 2364 1349 2424 säll-

588 2418 669 2478 synt
724 2417 937 2477 opartiskhet
970 2416 1023 2476 och
1065 2414 1264 2474 känslighet
1296 2414 1346 2474 för

592 2467 782 2527 nyanserna
814 2467 826 2527 i
849 2465 955 2525 denna
986 2462 1088 2522 satir!
1132 2462 1340 2522 Författaren

593 2514 657 2574 vill
677 2516 741 2576 inte
765 2513 839 2573 taga
873 2513 966 2573 parti
985 2511 994 2571 —
1041 2510 1163 2570 därtill
1182 2510 1247 2570 har
1271 2510 1354 2570 han,

592 2564 700 2624 erligt
751 2564 828 2624 eget
874 2561 1073 2621 uttalande,
1101 2558 1223 2618 varken
1260 2558 1355 2618 mod,

595 2611 846 2671 temperament
875 2608 958 2668 eiler
992 2608 1103 2668 enfald
1146 2605 1351 2665 tillräckligt

632 2661 729 2721 utan
757 2659 818 2719 han
850 2656 943 2716 nöjer
970 2656 1013 2716 sig
1045 2656 1115 2716 med
1147 2656 1195 2716 att
1218 2653 1355 2713 presen¬

595 2710 660 2770 tera
700 2707 739 2767 de
775 2707 863 2767 olika
917 2704 1221 2764 ståndpunkterna
1287 2701 1339 2761 och

594 2755 926 2815 människotyperna
957 2753 970 2813 i
993 2752 1130 2812 elegant
1157 2749 1338 2809 koncentre

593 2807 650 2867 rad
679 2805 780 2865 form.
795 2803 886 2863 Livet
906 2800 944 2860 är
964 2801 1079 2861 löjligt
1099 2799 1176 2859 eller
1200 2800 1364 2860 tragiskt,

594 2855 649 2915 som
697 2853 770 2913 man
805 2852 864 2912 vill
886 2850 916 2910 se
951 2850 1018 2910 det,
1036 2847 1139 2907 halvt
1161 2846 1268 2906 teater
1290 2846 1345 2906 och

596 2901 696 2961 halvt
720 2900 926 2960 verklighet,
950 2898 1012 2958 ofta
1046 2895 1112 2955 rikt
1137 2895 1151 2955 i
1175 2895 1218 2955 sin
1257 2895 1357 2955 skön-

595 2950 654 3010 het
677 2949 744 3009 men
772 2949 890 3009 nästan
922 2946 1012 3006 alltid
1040 2946 1112 3006 med
1140 2943 1171 3003 en
1204 2943 1357 3003 vemods¬

594 3000 730 3060 skugga
753 2997 830 3057 mitt
849 2997 862 3057 i
876 2994 1094 3054 rikedomen.
1126 2992 1216 3052 Trots
1244 2991 1348 3051 denna

595 3047 690 3107 svala
722 3044 776 3104 och
813 3044 917 3104 nâgot
941 3041 1095 3101 ironiska
1127 3038 1250 3098 livssyn
1287 3038 1345 3098 kan

598 3095 787 3155 Schnitzler
839 3092 921 3152 dock
960 3089 1033 3149 icke
1068 3087 1249 3147 betecknas
1283 3086 1334 3146 som

599 3145 630 3205 en
690 3142 894 3202 kallsinnig,
922 3139 1071 3199 artistisk
1108 3137 1339 3197 experimenta

601 3192 665 3252 tor.
712 3191 782 3251 Han
824 3189 954 3249 känner
983 3185 1113 3245 tvärtom
1165 3185 1276 3245 varmt
1304 3185 1355 3245 för

600 3239 850 3299 människorna
880 3237 893 3297 —
940 3236 1013 3296 men
1048 3236 1113 3296 han
1148 3233 1281 3293 känner
1307 3233 1358 3293 för

601 3289 660 3349 dem
706 3287 824 3347 alla.

637 3336 747 3396 Redan
788 3337 858 3397 med
899 3334 960 3394 sitt
988 3331 1200 3391 dramatiska
1241 3329 1360 3389 debut¬

1036 3376 1070 3436 en
1121 3377 1207 3437 serie
1254 3376 1364 3436 dialo¬

601 3385 717 3445 arbete
764 3384 926 3444 "Anatol'

600 3436 677 3496 ger,
703 3433 763 3493 där
798 3431 832 3491 de
866 3430 917 3490 tvá
957 3429 1111 3489 mamfliga
1150 3427 1351 3487 personerna

600 3484 655 3544 äro
707 3480 961 3540 genomgående
995 3477 1064 3537 men
1103 3477 1158 3537 där
1189 3474 1360 3534 kvinnofi¬

605 3531 746 3591 gurerna
773 3528 866 3588 växla
893 3529 902 3589 —
947 3526 1008 3586 har
1026 3525 1217 3585 Schnitzler
1240 3522 1364 3582 tydligt

606 3580 739 3640 angivit
764 3576 805 3636 sin
839 3576 914 3636 ton.
956 3573 1027 3633 Med
1061 3573 1114 3633 den
1152 3572 1356 3632 graciosaste

606 3627 767 3687 ordkonst
796 3624 945 3684 skildras
974 3623 1035 3683 här
1067 3619 1350 3679 wiener-erotiken

659 3675 693 3735 en
733 3675 785 3735 rad
824 3674 958 3734 typiska
998 3669 1171 3729 aspekter.
1228 3669 1370 3729 Anatol,

600 3723 660 3783 den
695 3722 862 3782 elegante,
879 3719 1098 3779 bortskämde
1124 3716 1175 3776 och
1210 3716 1278 3776 med
1308 3713 1351 3773 sin

602 3770 752 3830 svaghet
774 3770 1014 3830 koketterande
1045 3765 1264 3825 författaren,
1281 3766 1345 3826 upp

607 3821 697 3881 lever
725 3820 761 3880 de
789 3818 879 3878 olika
911 3815 1070 3875 "fallen",
1088 3815 1142 3875 och
1179 3814 1265 3874 hans
1297 3812 1351 3872 vän

606 3869 680 3929 Max
735 3866 990 3926 kommenterar
1024 3863 1082 3923 dem
1132 3863 1203 3923 från
1266 3860 1357 3920 mera

602 3916 854 3976 osentimental
899 3910 1133 3970 ständpunkt.
1182 3910 1195 3970 I
1231 3907 1372 3967 Anatol,

607 3967 664 4027 den
695 3964 942 4024 melankoliska
969 3959 1180 4019 stämnings-
1194 3958 1246 4018 och
1273 3958 1365 4018 njut-

610 4012 944 4072 ningsmänniskan,
959 4009 1021 4069 har
1046 4006 1136 4066 Wien
1165 4006 1232 4066 fått
1256 4004 1299 4064 ett
1323 4006 1356 4066 av

608 4063 681 4123 sina
706 4060 923 4120 monument.
953 4057 1017 4117 Det
1037 4057 1204 4117 egentliga
1234 4054 1371 4114 genom¬

612 4108 852 4168 brottsstycket
882 4105 1044 4165 "Libelei"
1074 4105 1187 4165 börjar
1222 4102 1270 4162 som
1325 4102 1354 4162 en

609 4158 724 4218 direkt
750 4155 972 4215 fortsättning
1009 4152 1043 4212 av
1084 4149 1261 4209 "Anatol",
1287 4149 1357 4209 men

609 4209 623 4269 i
652 4206 690 4266 de
724 4206 871 4266 följande
905 4202 1043 4262 akterna
1082 4199 1229 4259 djupnar
1263 4197 1368 4257 stäm¬

608 4255 754 4315 ningen,
776 4254 841 4314 här
869 4251 1020 4311 kommer
1048 4248 1075 4308 in
1114 4246 1228 4306 bittert
1256 4245 1363 4305 allvar

2136 300 2338 360 skärskädat
2368 300 2425 360 dem
2471 302 2486 362 i
2510 300 2684 360 belysning
2719 303 2756 363 av
2791 303 2882 363 fran¬

2136 345 2185 405 ska
2220 348 2471 408 revolutionen.
2517 348 2584 408 Men
2619 348 2702 408 först
2729 348 2783 408 och
2817 349 2877 409 sist

2132 396 2168 456 är
2189 396 2249 456 han
2278 396 2322 456 sin
2355 396 2428 456 egen
2461 396 2522 456 tids
2547 396 2730 456 skildrare.
2767 396 2872 456 Tonen

2135 445 2193 505 blir
2243 443 2364 503 endast
2415 443 2591 503 efterhand
2625 443 2796 503 mörkare,
2818 443 2871 503 den

2132 491 2282 551 wienska
2315 491 2515 551 frivoliteten
2553 491 2603 551 får
2637 491 2766 551 alltmer
2800 491 2874 551 vika

2134 541 2177 601 för
2228 539 2445 599 ensamhets-
2469 539 2523 599 och
2563 539 2885 599 svärmodstankar,

2133 587 2182 647 som
2229 587 2342 647 ibland
2376 587 2489 647 kunna
2519 587 2548 647 få
2582 587 2615 647 en
2649 587 2758 647 judisk
2797 588 2884 648 färg-

2132 634 2229 694 ning.
2266 632 2355 692 Aven
2388 633 2399 693 i
2420 634 2489 694 sina
2518 633 2607 693 mest
2627 634 2875 694 melankoliska

2137 680 2270 740 böcker,
2299 682 2509 742 dramatiska
2546 682 2627 742 eller
2664 681 2675 741 i
2705 681 2878 741 novellens

2131 730 2186 790 och
2218 730 2399 790 romanens
2427 730 2525 790 form,
2545 730 2706 790 glömmer
2734 729 2887 789 Schnitz¬

2132 778 2179 838 ler
2209 778 2287 838 dock
2322 780 2429 840 aldrig
2464 778 2537 838 bort
2563 778 2606 838 sin
2645 775 2761 835 kräset
2788 778 2886 838 artis¬

2135 826 2216 886 tiska
2243 826 2315 886 stil,
2333 826 2376 886 sin
2411 826 2574 886 kvickhet
2592 825 2647 885 och
2678 823 2720 883 sin
2751 823 2875 883 skärpa

2136 876 2149 936 i
2167 873 2508 933 detaljskildringen.
2546 873 2613 933 Inte
2641 871 2686 931 för
2715 873 2800 933 intet
2824 873 2882 933 har

2136 921 2194 981 han
2254 921 2353 981 vuxit
2381 924 2445 984 upp
2482 920 2495 980 i
2523 920 2581 980 det
2609 921 2659 981 för
2696 918 2741 978 all
2773 921 2873 981 konst

2137 969 2356 1029 verksamhet
2383 972 2416 1032 sà
2451 969 2657 1029 inciterande
2692 967 2804 1027 Wien.

2636 1038 2693 1098 H.
2717 1038 2833 1098 G—e.
