3436 4352
268 128 380 188 siano,
409 134 502 194 oggi,
531 136 769 196 stranamente
806 142 1069 202 osscesio-e,
1090 151 1215 211 infine,
1236 153 1260 213 lo
1289 156 1459 216 smeraldo
1487 161 1608 221 finisca
1641 163 1693 223 con

268 165 340 225 nati
363 167 422 227 dat
444 171 616 231 problemi
638 174 797 234 sessuali.
815 178 844 238 In
879 179 1129 239 real-l'essere
1159 190 1327 250 restituito
1362 195 1422 255 alla
1457 197 1512 257 sua
1547 201 1697 261 proprie¬

263 204 293 264 tà
323 206 349 266 il
367 209 573 269 fenomeno,
591 213 750 273 divenulo
781 214 832 274 piu
858 218 1082 278 appa-tarla
1117 225 1177 285 dal
1203 231 1367 291 bandito,
1389 233 1414 293 il
1441 237 1539 297 quale
1570 237 1613 297 s'e
1648 237 1703 297 ro¬

264 244 413 304 riscente
439 247 451 307 e
481 249 593 309 spinto
623 250 822 310 all'estreme
853 264 1273 324 conse-mantscamente
1299 272 1520 332 innamorate
1550 276 1587 336 di
1608 279 1670 339 lel,

264 282 388 342 guenze
416 285 500 345 dopo
527 287 553 347 la
585 291 745 351 sconfitta
777 294 803 354 in
839 296 968 356 seyuito
995 300 1079 360 dopo
1111 304 1222 364 averle
1254 309 1396 369 provato
1427 312 1543 372 ch'ella
1579 318 1699 378 usurpa

268 321 332 381 alla
367 323 435 383 flne
470 324 525 384 det
556 327 662 387 rigori
693 330 774 390 della
813 333 975 393 censura,
993 338 1035 398 un
1066 341 1159 401 nome
1186 345 1245 405 non
1276 348 1331 408 suo
1353 349 1391 409 ha
1417 351 1515 411 finito
1541 354 1592 414 con
1623 355 1699 415 l'ot¬

263 359 366 419 risale
396 361 408 421 a
448 364 611 424 parecchi
637 368 740 428 lustri
766 370 911 430 innanzi
938 372 963 432 la
994 377 1114 437 tenere
1144 380 1178 440 da
1213 382 1260 442 lel
1286 383 1320 443 un
1355 389 1518 449 colloquio
1549 392 1698 452 d'amore

267 398 404 458 guerra.
422 401 435 461 E
465 403 620 463 qualcosa
646 405 685 465 di
702 407 784 467 cupo
810 408 818 468 e
849 410 882 470 di
900 410 1029 470 tor-su
1060 416 1120 476 cui
1137 420 1261 480 scende
1288 423 1313 483 il
1335 427 1481 487 sipario;
1503 428 1593 488 tutte
1624 434 1684 494 que

267 437 341 497 bido
375 440 571 500 s'avvertiva
609 446 679 506 gid,
700 446 742 506 fin
780 447 817 507 aa
851 450 975 510 allora,
993 453 1042 513 ste
1076 457 1146 517 cose
1176 458 1204 518 si
1230 461 1371 521 possono
1401 468 1617 528 apprendere
1647 467 1696 527 re¬

266 476 509 536 nell'erotismo
544 480 655 540 ch'era
703 485 762 545 alla
814 487 891 547 base
935 491 973 551 di
999 494 1144 554 candosi
1175 498 1208 558 al
1239 501 1418 561 Manzoni.
1445 505 1534 565 Dove
1569 511 1692 571 iersera

266 515 362 575 molta
401 515 501 575 opera
540 521 627 581 dello
662 523 880 583 Schnitzler,
916 527 954 587 pe

991 533 1042 593 per
1077 535 1103 595 la
1138 539 1247 599 prima
1282 539 1372 599 volta
1404 544 1485 604 sono
1521 546 1612 606 state
1643 548 1694 608 of-

265 551 290 611 la
329 553 385 613 cui
411 556 590 616 casistica,
617 560 723 620 anche
754 562 788 622 se
818 564 963 624 delicatu
994 569 1079 629 ferte
1110 572 1122 632 a
1152 574 1190 634 un
1221 577 1375 637 pubblico
1405 583 1615 643 abbastanza
1645 586 1696 646 af¬

268 592 294 652 in
329 593 417 653 certe
444 595 655 655 sfumature,
673 599 699 659 si
722 601 735 661 è
761 603 849 663 fatto
881 605 973 665 assai
995 610 1136 670 follato,
1158 615 1219 675 che
1251 616 1277 676 le
1309 617 1348 677 ha
1383 621 1555 681 accettate
1591 624 1603 684 e
1635 623 1696 683 ap¬

257 628 265 688 a
301 631 390 691 torto
421 634 447 694 il
471 636 568 696 nome
599 637 688 697 tutto
720 641 875 701 parigino
907 646 964 706 del
987 652 1164 712 plaudite,
1201 655 1409 715 chiamando
1454 661 1561 721 molte
1610 663 1694 723 volte

258 669 438 729 Donnay.

989 688 1112 748 autore
1137 691 1151 751 e
1182 696 1369 756 interpreti
1394 698 1452 758 alla
1483 703 1551 763 fine
1581 706 1675 766 d'ogn

305 707 365 767 Fra
399 712 431 772 le
465 715 564 775 opere
597 718 851 778 drammaliche
890 723 974 783 dello
999 724 1097 784 atto.

264 748 455 808 Schnitzler
491 751 610 811 meglio
650 753 725 813 note
761 756 809 816 fra
854 759 911 819 noi
943 760 974 820 si

1015 762 1028 822 A
1074 765 1132 825 noi
1159 768 1172 828 è
1205 768 1303 828 parso
1340 774 1452 834 d’aver
1484 778 1597 838 capito
1629 782 1691 842 che

260 785 423 845 ricordera
464 791 632 851 anzitutto
668 794 846 854 Anatolio:
873 798 959 858 sette
987 804 1177 864 Guglielmo
1201 810 1382 870 Giannini,
1392 814 1532 874 l'autore
1556 819 1609 879 del
1624 817 1696 877 for¬

267 824 442 884 quadretti
470 827 483 887 o
515 831 682 891 dialoghi,
714 834 750 894 ne
801 836 895 896 quait
923 839 958 899 un
990 842 1112 902 tunati
1140 848 1366 908 Grattacieli,
1389 854 1501 914 questa
1543 857 1628 917 volta
1669 858 1700 918 si

265 864 373 924 viveur
392 867 541 927 abborda
569 869 627 929 una
655 872 737 932 dopo
760 874 868 934 l’a'tra
897 876 964 936 set-
988 879 1032 939 sia
1060 882 1174 942 voluto
1201 887 1337 947 pigliare
1365 891 1387 951 il
1406 892 1501 952 gusto
1534 895 1565 955 di
1588 896 1642 956 far
1665 897 1692 957 la

260 903 286 963 te
323 904 454 964 donne,
482 906 541 966 che
578 908 636 968 poi
664 910 713 970 son
755 914 887 974 sempre
928 917 959 977 la
992 919 1127 979 parodia
1160 926 1378 986 agl'intrecci
1401 930 1600 990 polizleschi
1624 936 1691 996 tipo

263 942 468 1002 medesima:
498 945 596 1005 tenut
622 949 737 1009 scene,
759 951 849 1011 iutte
879 954 1135 1014 aft-«questo
1170 962 1251 1022 libro
1286 965 1349 1025 non
1388 965 1422 1025 vi
1448 970 1576 1030 lascerà
1615 972 1691 1032 dor¬

256 980 332 1040 date
360 982 615 1042 all'accortezza
647 987 701 1047 del
720 988 819 1048 ritmo
852 991 879 1051 in
907 992 965 1052 cai
989 994 1070 1054 mire
1089 999 1120 1059 »,
1148 1000 1252 1060 d'atto
1285 1004 1316 1064 in
1353 1006 1426 1066 atto
1462 1010 1626 1070 volgendo
1662 1013 1689 1073 la

254 1017 332 1077 sono
354 1021 523 1081 trattate.
532 1022 545 1082 —
589 1025 754 1085 Scandali
772 1028 841 1088 veri
859 1032 872 1092 e
889 1031 967 1091 pro¬

986 1036 1124 1096 vicenda
1162 1040 1249 1100 dallo
1288 1046 1530 1106 spaventevole
1569 1049 1602 1109 al
1636 1052 1690 1112 co¬

253 1060 307 1120 pri
330 1058 480 1118 suscitó,
499 1061 512 1121 a
549 1062 681 1122 Berlino
713 1064 727 1124 e
759 1069 905 1129 altrove,
928 1072 955 1132 la
987 1075 1092 1135 mico,
1115 1076 1128 1136 e
1161 1079 1219 1139 dal
1247 1082 1375 1142 comico
1402 1087 1612 1147 all’esotico:
1640 1091 1698 1151 qui

255 1097 581 1157 rappresentazione
612 1103 645 1163 di
672 1106 882 1166 Girotondo:
908 1112 1174 1172 ol-Fantomas
1209 1118 1221 1178 a
1260 1118 1299 1178 un
1342 1121 1428 1181 certo
1467 1126 1569 1186 punto
1608 1128 1685 1188 s'in¬

252 1133 300 1193 tri
323 1136 415 1196 dieci
438 1140 592 1200 dialoghi
619 1142 632 1202 a
663 1144 747 1204 due,
765 1145 822 1205 nel
849 1147 954 1207 primo
981 1153 1100 1213 contra
1132 1156 1188 1216 con
1224 1158 1264 1218 Le
1295 1160 1454 1220 memorie
1485 1165 1542 1225 del
1565 1164 1688 1224 Diaro¬

256 1173 309 1233 de'
337 1175 432 1235 qualt
459 1177 522 1237 una
559 1180 721 1240 femmina
758 1184 875 1244 adesca
912 1188 948 1248 un
980 1189 1034 1249 lo,
1052 1192 1065 1252 e
1093 1194 1215 1254 L'altro
1247 1199 1387 1259 pericolo
1419 1202 1473 1262 con
1509 1204 1545 1264 La
1582 1204 1690 1264 tredt¬

254 1211 403 1271 soldato,
429 1216 489 1276 nel
515 1218 660 1278 secondo
690 1220 719 1280 lo
750 1223 856 1283 stesso
891 1225 1104 1285 sol-cesima
1139 1234 1250 1294 sedia.
1267 1237 1331 1297 Ora
1361 1239 1374 1299 a
1408 1241 1459 1301 far
1489 1244 1681 1304 qualunque

255 1252 332 1312 dato
358 1253 533 1313 conquista
568 1257 627 1317 una
657 1260 769 1320 serva,
791 1263 846 1323 nel
868 1264 953 1324 terzo
983 1269 1124 1329 parodia
1172 1274 1326 1334 occorre,
1356 1279 1454 1339 com'è
1493 1283 1591 1343 noto,
1622 1286 1681 1346 non

254 1291 280 1351 la
312 1291 412 1351 stessa
448 1294 536 1354 serva
567 1295 597 1355 si
620 1299 822 1359 abbandona
853 1303 888 1363 al
910 1305 1051 1365 si-solo
1087 1313 1306 1373 intelligenza
1342 1318 1359 1378 e
1395 1321 1606 1381 sensibilità,
1632 1325 1685 1385 na

254 1329 412 1389 gnorino,
439 1332 452 1392 e
488 1334 558 1394 cosi
585 1336 620 1396 di
647 1338 779 1398 seguito
810 1341 841 1401 in
876 1344 960 1404 ogni
978 1346 1087 1406 sicura
1137 1352 1331 1412 esperienza
1371 1356 1454 1416 della
1494 1361 1621 1421 tecnica
1670 1362 1683 1422 e

250 1366 374 1426 scena:
404 1371 520 1431 flnché
559 1373 644 1433 nella
683 1377 811 1437 decima
850 1382 952 1442 ritro-
979 1383 1038 1443 del
1064 1389 1244 1449 mestiere:
1266 1392 1282 1452 è
1313 1395 1488 1455 questione
1519 1398 1557 1458 d!
1579 1400 1685 1460 misu¬

246 1404 357 1464 viamo
389 1407 415 1467 la
451 1410 616 1470 femmina
648 1416 705 1476 del
728 1418 861 1478 dialogo
893 1420 941 1480 ini

978 1425 1010 1485 re
1043 1425 1057 1485 e
1090 1426 1127 1486 di
1156 1429 1244 1489 toni,
1268 1432 1305 1492 di
1329 1434 1398 1494 luci
1423 1434 1436 1494 e
1474 1439 1642 1499 d'ombre.
1666 1441 1680 1501 E

245 1446 347 1506 ziale,
360 1446 373 1506 e
400 1446 426 1506 la
453 1451 572 1511 catena
604 1452 657 1512 del
675 1455 856 1515 girotondo
883 1458 1095 1518 rin-questo
1127 1470 1272 1530 Castello
1304 1471 1339 1531 di
1362 1474 1503 1534 bronzo,
1521 1479 1609 1539 oltre
1636 1480 1671 1540 a!

239 1483 333 1543 salda
361 1488 505 1548 l'ultimo
528 1491 640 1551 anello
667 1494 716 1554 col
735 1497 865 1557 primo.
879 1500 960 1560 Cin¬

982 1506 1159 1566 l'apparire
1192 1512 1360 1572 pluttosto
1393 1514 1493 1574 tirato
1530 1516 1602 1576 via,
1626 1518 1684 1578 ab-

250 1524 305 1584 que
340 1525 477 1585 uomini
516 1527 533 1587 e
581 1533 700 1593 cinque
739 1536 850 1596 donne
890 1539 949 1599 che
975 1543 1190 1603 borracciato
1229 1547 1241 1607 e
1276 1549 1335 1609 non
1379 1551 1524 1611 rifinito,
1551 1557 1593 1617 ha
1632 1555 1683 1615 so¬

243 1562 525 1622 rappresentano
552 1569 643 1629 tutto
669 1571 691 1631 il
713 1574 856 1634 mondo,
874 1577 939 1637 rive

980 1583 1148 1643 prattutto
1180 1586 1207 1646 il
1236 1586 1322 1646 torto
1354 1589 1390 1649 di
1414 1593 1578 1653 risultare
1610 1595 1683 1655 far-

243 1602 362 1662 lando,
389 1604 447 1664 nel
479 1608 629 1668 compter
661 1610 749 1670 tutti
776 1610 806 1670 io
842 1619 1157 1679 stessolraginoso,
1175 1628 1339 1688 prolisso,
1357 1631 1561 1691 insistente,
1584 1634 1685 1694 stati-

245 1640 333 1700 atto,
356 1644 528 1704 l'identica
564 1649 745 1709 psicologia
781 1653 948 1713 animale-
971 1656 1037 1716 co:
1060 1663 1192 1723 mentre
1223 1666 1249 1726 in
1285 1668 1320 1728 un
1356 1671 1511 1731 dramma
1547 1672 1683 1732 polizie¬

246 1679 295 1739 sca
327 1680 340 1740 e
373 1684 531 1744 brutale:
555 1686 581 1746 la
618 1690 759 1750 materia
792 1692 805 1752 e
837 1693 946 1753 quellu
974 1697 1050 1757 sco,
1069 1703 1159 1763 fatto
1192 1705 1246 1765 sul
1270 1706 1355 1766 serlo
1383 1706 1401 1766 o
1433 1711 1492 1771 per
1520 1714 1669 1774 ischerzo

246 1718 448 1778 crudissima
497 1724 554 1784 det
594 1728 813 1788 naturaliett,
840 1732 888 1792 ma
928 1734 954 1794 il
977 1738 1065 1798 tutto
1100 1739 1179 1799 vuol
1206 1744 1315 1804 essere
1347 1747 1469 1807 ridotto
1505 1752 1681 1812 all'essen¬

246 1759 365 1819 pathos
393 1759 454 1819 che
481 1763 521 1823 ne
552 1765 658 1825 spira,
681 1768 716 1828 di
739 1771 867 1831 nausca
898 1774 1075 1834 di-ziale,
1111 1781 1253 1841 rapido,
1289 1785 1484 1845 concitato,
1524 1791 1670 1851 ansante

247 1798 428 1858 sperante,
448 1801 461 1861 è
484 1804 638 1864 tragico.

975 1818 1188 1878 stupefatto.
1207 1822 1311 1882 Senza
1343 1825 1411 1885 dire
1443 1825 1524 1885 che,
1548 1828 1574 1888 in
1611 1831 1674 1891 una

284 1835 332 1895 Da
368 1840 482 1900 queste
514 1841 526 1901 «
562 1843 597 1903 da
633 1845 721 1905 altre
752 1852 959 1912 commedie,
977 1856 1140 1916 parodia,
1172 1859 1202 1919 si
1238 1861 1396 1921 vorrebbe
1441 1867 1608 1927 sorridere

240 1876 268 1936 in
301 1878 357 1938 cut
376 1879 399 1939 la
428 1881 607 1941 delusione
631 1885 687 1945 del
706 1886 800 1946 pocta
834 1888 871 1948 ha
899 1887 951 1947 as¬

975 1895 1054 1955 più:
1078 1897 1115 1957 al
1134 1897 1195 1957 che
1228 1900 1265 1960 ne
1289 1900 1303 1960 1
1327 1902 1401 1962 casi
1425 1906 1462 1966 né
1491 1906 1505 1966 1
1529 1909 1673 1969 dialoghi

237 1915 334 1975 sunto
365 1918 476 1978 forme
507 1920 547 1980 di
569 1921 676 1981 cinico
712 1928 888 1988 realismo,
911 1929 1026 1989 loidel
1054 1938 1204 1998 Castello
1235 1941 1275 2001 di
1297 1942 1421 2002 bronzo
1457 1947 1488 2007 si
1515 1949 1674 2009 prestand

249 1953 439 2013 Schnitzler
473 1956 486 2016 e
524 1961 673 2021 arrivato
707 1965 818 2025 anche
852 1967 902 2027 lut
931 1966 945 2026 a
978 1972 1113 2032 spesso.

237 1992 403 2052 trattare,
426 1995 483 2055 nel
506 1998 604 2058 clima
636 2001 694 2061 che
721 2004 752 2064 fu
784 2006 887 2066 tipico
914 2007 945 2067 in

1011 2013 1051 2073 La
1088 2016 1311 2076 recitazione,
1343 2019 1356 2079 a
1402 2022 1461 2082 cui
1498 2027 1674 2087 partecipd

241 2032 368 2092 Europa
400 2037 550 2097 durante
582 2039 609 2099 la
641 2041 759 2101 guerra
791 2044 804 2104 e
837 2045 850 2105 t
874 2047 1082 2107 pri-anche
1105 2055 1133 2115 il
1151 2055 1342 2115 Mascalchi
1360 2061 1447 2121 nella
1474 2064 1569 2124 parte
1597 2065 1669 2125 d'un

236 2071 383 2131 missimi
405 2074 497 2134 anni
519 2076 575 2136 del
593 2082 832 2142 dopoguerra,
845 2085 858 2145 i
880 2084 949 2144 mo¬

972 2090 1109 2150 vecchlo
1149 2097 1403 2157 magglordomo
1451 2101 1463 2161 e
1516 2105 1679 2165 complice

235 2109 299 2169 tivi
323 2111 377 2171 del
401 2115 580 2175 contrasto
609 2118 659 2178 tra
692 2120 714 2180 il
738 2121 829 2181 fatto
858 2124 871 2184 e
899 2123 949 2183 l'i¬

974 2127 1025 2187 del
1052 2133 1203 2193 padrone
1238 2136 1272 2196 di
1298 2136 1397 2196 casa,
1419 2138 1453 2198 fu
1488 2141 1514 2201 in
1553 2144 1678 2204 genere

240 2148 317 2208 dea,
336 2150 386 2210 tra
415 2153 525 2213 realtà
558 2155 571 2215 e
599 2157 765 2217 trrealtà,
784 2160 838 2220 del
867 2162 949 2222 dub¬

975 2169 1202 2229 volenterosa.
1226 2173 1276 2233 Ma
1308 2174 1330 2234 il
1358 2177 1518 2237 Martini,
1537 2180 1678 2240 ch’ebbe

237 2189 286 2249 bio
318 2189 381 2249 che
414 2192 550 2252 investe
587 2195 674 2255 tutti
701 2198 714 2258 i
747 2199 823 2259 dati
856 2202 938 2262 della
970 2206 1075 2266 molto
1112 2208 1152 2268 da
1189 2213 1339 2273 agitarsi
1367 2216 1452 2276 nella
1494 2221 1671 2281 maschera

241 2228 469 2288 conoscenza,
492 2231 562 2291 ecc.
584 2233 628 2293 Ne
659 2236 698 2296 La
734 2237 813 2297 cena
848 2242 945 2302 d'ad-
972 2242 1029 2302 del
1051 2246 1192 2306 bandito
1223 2254 1478 2314 protagonista,
1500 2258 1531 2318 cl
1553 2259 1566 2319 è
1602 2259 1672 2319 pla¬

237 2267 281 2327 dio
318 2267 381 2327 due
414 2270 568 2330 amanti,
605 2273 655 2333 he
688 2276 778 2336 forse
815 2279 874 2339 non
916 2281 947 2341 si
966 2283 1056 2343 cluto
1089 2287 1120 2347 di
1143 2289 1193 2349 plù
1225 2292 1307 2352 altre
1335 2294 1439 2354 volte.
1458 2300 1498 2360 Le
1522 2300 1676 2360 repliche

238 2304 312 2364 sono
341 2306 411 2366 mai
430 2310 565 2370 traditi,
580 2312 593 2372 s
627 2314 828 2374 projessano
857 2319 941 2379 "uno
969 2327 1184 2387 cominciano
1218 2333 1311 2393 oggi.

238 2344 405 2404 all'altra,
421 2347 481 2407 per
505 2350 588 2410 farsi
608 2353 776 2413 spetto,
791 2356 842 2416 ret
861 2356 949 2416 d'in¬

1507 2380 1541 2440 s.
1562 2380 1638 2440 d’a.

237 2383 386 2443 fedeltà:
415 2386 535 2446 dicono
569 2387 598 2447 il
623 2389 699 2449 ero
733 2392 747 2452 o
781 2392 795 2452 t
834 2395 940 2455 falso.

228 2422 292 2482 Non
330 2425 500 2485 importa,
519 2430 667 2490 sofrono
700 2431 708 2491 e
736 2432 847 2492 janno
880 2436 949 2496 sof¬

238 2462 337 2522 frire:
361 2461 388 2521 il
417 2466 554 2526 dolore,
578 2470 653 2530 ecco
687 2470 720 2530 la
754 2473 923 2533 reattd.-

228 2500 287 2560 Nel
311 2503 444 2563 Cacadu
478 2506 598 2566 verde,
612 2509 639 2569 in
672 2509 857 2569 un'osteriu
890 2513 949 2573 do¬

236 2538 267 2598 ve
294 2540 307 2600 i
335 2541 441 2601 nobili
468 2544 624 2604 francest
656 2547 735 2607 (fine
767 2550 825 2610 del
847 2551 945 2611 seco¬

233 2577 261 2637 lo
286 2580 415 2640 XVIII)
440 2583 473 2643 si
493 2583 612 2643 recano
642 2586 651 2646 a
680 2586 800 2646 vedere
829 2588 853 2648 lo
878 2589 944 2649 ris¬

233 2616 263 2676 se
295 2617 330 2677 di
357 2622 441 2682 finti
468 2625 650 2685 popolant,
672 2625 734 2685 uno
770 2625 805 2685 di
832 2631 947 2691 questi

233 2655 352 2715 ultimi
370 2661 472 2721 recita
503 2661 529 2721 la
557 2662 747 2722 commedia
774 2667 858 2727 aelia
889 2669 942 2729 ge¬

234 2697 312 2757 losta
342 2698 458 2758 contro
484 2700 521 2760 un
551 2703 654 2763 duca,
672 2703 759 2763 come
784 2706 818 2766 se
843 2707 867 2767 il
885 2708 942 2768 du¬

232 2735 266 2795 ca
297 2735 387 2795 fosse
413 2738 541 2798 l'amico
572 2741 605 2801 di
623 2741 679 2801 sua
709 2744 855 2804 moglie:
873 2746 945 2806 sin¬

234 2774 291 2834 che
327 2774 358 2834 lo
389 2777 530 2837 scherzo
562 2777 663 2837 rivela
703 2780 739 2840 un
779 2783 889 2843 fatto,
912 2783 938 2843 la

231 2810 381 2870 finzione
412 2813 442 2873 st
468 2816 583 2876 scopre
614 2818 743 2878 realtà,
760 2819 773 2879 e
808 2821 941 2881 l'attore

233 2849 355 2909 uccide
388 2854 537 2914 davvero
565 2855 592 2915 il
615 2856 719 2916 duca.

780 2858 819 2918 In
854 2861 933 2921 Fink

235 2888 248 2948 e
280 2891 520 2951 Fliederbusch
557 2894 588 2954 st
616 2895 747 2955 tratta,
784 2898 833 2958 ma
879 2902 933 2962 con

227 2927 361 2987 intenti
381 2930 500 2990 d'altra
530 2933 808 2993 signiflcazionc,
823 2938 937 2998 l'iden¬

228 2966 294 3026 tico
330 2970 485 3030 soggetto
521 2971 582 3031 che
614 2973 747 3033 Tristan
787 2977 933 3037 Bernard

233 3004 274 3064 ha
301 3007 411 3067 svolto
438 3008 451 3068 a
479 3011 579 3071 scopo
607 3011 643 3071 di
666 3013 752 3073 mera
785 3016 939 3076 comicitu

232 3044 378 3104 farsesca
418 3047 458 3107 ne
489 3049 533 3109 La
569 3052 710 3112 flaccola
746 3055 758 3115 e
791 3055 816 3115 li
848 3056 945 3116 laro:

228 3082 268 3142 un
308 3088 534 3148 giornalista,
552 3088 733 3148 scrivendo
774 3092 831 3152 con
881 3096 942 3156 duc

232 3124 454 3184 pseudomini
477 3126 508 3186 su
541 3126 604 3186 due
632 3126 781 3186 glornuli
804 3131 949 3191 diver,

229 3162 381 3222 intavola
420 3165 482 3225 una
516 3165 645 3225 furiosa
679 3170 942 3230 polemicaai

223 3199 302 3259 suol
329 3201 391 3261 due
418 3204 471 3264 lo.
489 3204 564 3264 sino
595 3204 608 3264 a
640 3207 741 3267 dover
773 3210 932 3270 scender.

222 3237 278 3297 sul
298 3240 436 3300 terreno
461 3243 579 3303 contro
604 3243 637 3303 se
661 3243 766 3303 stesso

264 3276 297 3336 In
346 3281 466 3341 Italia,
500 3282 600 3342 opere
644 3285 803 3345 sceniche
846 3289 932 3349 delle

228 3318 427 3378 Schnitzler
458 3321 524 3381 non
560 3321 641 3381 sono
677 3323 769 3383 stale
800 3329 922 3389 rappre

227 3354 364 3414 sentate
402 3356 435 3416 se
473 3358 539 3418 non
581 3359 639 3419 per
677 3365 873 3425 eccezione,
902 3365 927 3425 in

230 3392 356 3452 piccoli
389 3395 497 3455 teatri
534 3401 819 3461 (Indipendenti,
848 3404 937 3464 Odn¬

228 3433 395 3493 scalcht).
418 3435 463 3495 Un
495 3439 590 3499 largo
618 3440 781 3500 interesse
814 3442 854 3502 ha
887 3442 936 3502 in¬

227 3473 302 3533 vece
342 3476 527 3536 suscitato,
554 3476 611 3536 dal
642 3479 748 3539 punto
784 3481 818 3541 di
850 3483 929 3543 vista

224 3512 387 3572 estetico,
406 3515 433 3575 la
465 3517 619 3577 versione
652 3518 688 3578 de
715 3518 756 3578 La
788 3520 933 3580 signori¬

223 3550 262 3610 na
298 3550 395 3610 Elsa,
413 3553 598 3613 romanzo,
612 3556 633 3616 il
660 3556 717 3616 cui
744 3559 929 3619 contenute

223 3586 254 3646 si
282 3589 390 3649 svolge
423 3592 454 3652 in
491 3592 536 3652 tre
568 3593 645 3653 bre:
672 3595 685 3655 e
718 3595 745 3655 la
777 3599 931 3659 tragedie

223 3628 343 3688 tntime
372 3631 472 3691 d'una
501 3634 642 3694 ragazza
671 3637 853 3697 moderna,
871 3637 924 3697 ben

222 3670 451 3730 consapevole
492 3670 540 3730 ma
585 3672 709 3732 ancora
750 3676 927 3736 muterial¬

223 3706 339 3766 mente
369 3709 473 3769 pura,
490 3710 552 3770 che
581 3712 635 3772 per
665 3715 794 3775 salvare
823 3716 848 3776 ii
874 3717 931 3777 pa¬

222 3744 282 3804 dre
312 3745 371 3805 del
393 3747 534 3807 suicidio
564 3749 645 3809 deve
675 3750 829 3810 chiedere
863 3753 901 3813 un

218 3783 351 3843 somma
390 3785 403 3845 a
446 3786 484 3846 un
528 3789 665 3849 vecchto
704 3792 885 3852 lbertino.

218 3825 317 3885 quale
343 3825 405 3885 non
434 3825 530 3885 gliela
555 3828 738 3888 concedera
767 3830 796 3890 se
821 3831 846 3891 la
876 3830 929 3890 ra¬

224 3862 318 3922 gazza
351 3864 410 3924 non
442 3866 486 3926 gli
506 3864 668 3924 mostrera
696 3869 723 3929 il
737 3870 796 3930 suo
823 3870 918 3930 rorpo

223 3903 261 3963 La
292 3903 407 3963 mente
446 3903 519 3963 ella
549 3906 733 3966 fanctulla,
751 3909 802 3969 gta
833 3909 926 3969 scon¬

222 3940 333 4000 volta,
350 3941 380 4001 si
402 3941 581 4001 smarrisce
611 3942 624 4002 e
655 3946 842 4006 vaneggla:
864 3950 923 4010 ella

222 3979 342 4039 fnisce
367 3980 416 4040 col
442 3982 624 4042 mostrarst
645 3983 703 4043 non
737 3986 770 4046 at
791 3986 927 4046 vecchte

224 4019 293 4079 ma,
325 4019 518 4079 scendendo
567 4022 650 4082 nella
690 4025 765 4085 hail
796 4025 927 4085 delal-

219 4055 342 4115 bergo,
364 4058 377 4118 a
413 4060 501 4120 tuttl
524 4060 536 4120 1
563 4061 735 4121 presentt,
762 4064 911 4124 soccorse

220 4097 392 4157 s'auventa
421 4101 458 4161 al
475 4103 659 4163 soporiferi
681 4106 734 4166 che
762 4106 789 4166 le
811 4106 930 4166 hanno

2125 462 2234 522 oesert
2252 447 2377 507 bertorch
2410 415 2694 475 boncestodene-

2046 508 2276 568 Uonemnehnen
2307 486 2348 546 ur
2379 454 2754 514 Zelungs-Ausehalie

2105 561 2244 621 MIEN,
2271 549 2307 609 I.
2334 529 2613 589 WollzeiLE

2202 600 2417 660 TELEPHON
2455 567 2622 627 R-2BO-S

2021 765 2253 825 Ausschnit
2266 753 2376 813 atsi,
2389 756 2462 816 mps
2500 724 2621 784 Tere

2257 918 2275 978 9
2305 925 2352 985 3.
2372 933 2507 993 OKT.
2529 930 2624 990 1937

2205 1004 2381 1064 Schniteler
2415 1021 2592 1081 pugnalato
2637 1035 2669 1095 al
2692 1040 2802 1100 cuore

2245 1055 2341 1115 prima
2372 1064 2408 1124 di
2427 1068 2542 1128 essore
2573 1084 2737 1144 seppellito

2341 1116 2588 1176 Vienna,
2615 1133 2654 1193 22
2689 1141 2808 1201 notte.

2161 1133 2205 1193 Lo
2245 1142 2403 1202 scrittore
2444 1156 2568 1216 Arturo
2603 1171 2812 1231 Schnitzler,

2109 1165 2239 1225 famoso
2271 1178 2470 1238 romanziere
2498 1189 2511 1249 e
2538 1197 2651 1257 autore
2679 1210 2845 1270 dramma¬

2104 1195 2172 1255 tieo
2199 1203 2300 1263 morto
2332 1212 2406 1272 leri,
2428 1219 2459 1279 ha
2492 1227 2629 1287 lasciato
2656 1238 2704 1298 tra
2731 1240 2757 1300 le
2784 1248 2842 1308 sue

2107 1231 2218 1291 ultime
2256 1247 2470 1307 disposizioni
2494 1262 2629 1322 l’ordine
2666 1270 2698 1330 di
2732 1278 2838 1338 venire

2100 1268 2279 1328 pugnalato
2305 1277 2339 1337 al
2360 1284 2474 1344 cuore,
2495 1295 2599 1355 prima
2630 1306 2684 1366 che
2709 1311 2744 1371 si
2764 1316 2838 1376 pro¬

2099 1298 2175 1358 ceda
2207 1308 2269 1368 alla
2301 1314 2358 1374 sua
2390 1327 2577 1387 sepoltura.

2100 1382 2248 1442 Esame
2284 1392 2328 1452 di
2355 1396 2424 1456 due
2461 1405 2565 1465 fatti
2585 1423 2830 1483 prodigiosi

2114 1428 2172 1488 per
2194 1431 2221 1491 la
2248 1442 2517 1502 oanizzazione
2545 1457 2581 1517 di
2604 1463 2657 1523 don
2690 1471 2791 1531 Bosco

2218 1475 2304 1535 Città
2332 1482 2386 1542 del
2409 1493 2588 1553 Vaticano,
2605 1502 2643 1562 22
2670 1509 2779 1569 notte.

2201 1509 2254 1569 c.)
2281 1511 2312 1571 Il
2335 1520 2486 1580 processo
2521 1530 2575 1590 per
2606 1536 2632 1596 la
2664 1545 2819 1605 canoniz¬

2074 1536 2210 1596 zazione
2239 1542 2296 1602 dol
2318 1551 2418 1611 beato
2448 1559 2504 1619 don
2542 1568 2641 1628 Bosco
2671 1582 2807 1642 procede

2068 1575 2319 1635 rapidamente.
2347 1587 2383 1647 In
2422 1594 2534 1654 questi
2567 1607 2679 1667 ultimi
2711 1619 2818 1679 tempi

2072 1604 2142 1664 esso
2167 1610 2202 1670 ha
2228 1618 2369 1678 ricevuto
2400 1626 2429 1686 un
2461 1636 2596 1696 impulso
2617 1644 2672 1704 che
2698 1651 2722 1711 si
2743 1655 2803 1715 puo

2068 1640 2208 1700 ritenere
2247 1656 2402 1716 decisivo.
2430 1665 2489 1725 Tra
2527 1671 2543 1731 1
2571 1679 2694 1739 riversi
2722 1691 2802 1751 fatti

2068 1678 2253 1738 prodiglosi
2274 1688 2329 1748 che
2354 1694 2389 1754 si
2410 1704 2611 1764 asseriscono
2642 1722 2802 1782 avvenuti

2064 1709 2119 1769 per
2143 1721 2377 1781 intercessione
2406 1735 2457 1795 del
2476 1741 2579 1801 Beato
2603 1750 2663 1810 due
2687 1758 2799 1818 sareb¬

2059 1744 2133 1804 bero
2154 1752 2238 1812 stati
2255 1759 2350 1819 scolti
2366 1765 2424 1825 per
2446 1770 2477 1830 un
2504 1781 2657 1841 accurato
2684 1795 2790 1855 esame

2059 1780 2069 1840 e
2101 1780 2132 1840 un
2170 1789 2296 1849 preciso
2323 1802 2481 1862 controllo
2513 1813 2550 1873 da
2577 1820 2671 1880 parte
2703 1831 2782 1891 della

2052 1814 2142 1874 sacra
2173 1831 2445 1891 Congregazione
2476 1845 2530 1905 dei
2555 1853 2633 1913 riti;
2658 1860 2718 1920 uno
2749 1867 2767 1927 d

2049 1847 2115 1907 essi
2138 1851 2154 1911 é
2183 1861 2344 1921 avvenuto
2373 1873 2389 1933 a
2417 1882 2596 1942 Innsbruck
2630 1894 2646 1954 e
2674 1902 2780 1962 l’altro

2048 1885 2059 1945 a
2088 1889 2224 1949 Rimini.
2242 1897 2304 1957 Per
2328 1913 2550 1973 quest’ultimo
2573 1926 2652 1986 anzi
2671 1932 2693 1992 il
2710 1937 2783 1997 pro¬

2045 1922 2192 1982 curatore
2230 1936 2382 1996 generale
2415 1946 2496 2006 della
2535 1959 2654 2019 società
2692 1970 2778 2030 sale¬

2042 1953 2149 2013 slana,
2173 1964 2270 2024 prof.
2293 1971 2349 2031 don
2390 1984 2589 2044 Tomasetti,
2613 1997 2652 2057 ha
2687 2007 2772 2067 testé

2037 1990 2200 2050 compiuto
2234 2008 2443 2068 un’accurata
2477 2028 2630 2088 indagine
2659 2041 2771 2101 racco¬

2033 2025 2162 2085 gliendo
2197 2043 2445 2103 testimonianze
2479 2066 2677 2126 importanti
2706 2080 2761 2140 che

2027 2056 2107 2116 Sono
2129 2067 2220 2127 state
2252 2077 2354 2137 subito
2386 2093 2570 2153 trasmesse
2591 2106 2651 2166 alla
2684 2115 2764 2175 Con¬

2041 2099 2215 2159 geratione
2242 2111 2286 2171 dal
2306 2116 2377 2176 ril.

2070 2262 2331 2322 OBS

2531 2260 2783 2320 VER

2151 2324 2179 2384 I.
2189 2321 2310 2381 österr.
2325 2324 2474 2384 behördl.
2484 2325 2782 2385 konzessioniertes

2105 2362 2344 2422 Unternehmen
2373 2365 2424 2425 für
2448 2365 2832 2425 Zeitungs-Ausschnitte

2160 2420 2307 2480 WIEN,
2336 2425 2385 2485 I.,
2414 2426 2697 2486 WOLLZEILE
2740 2428 2782 2488 11

2256 2477 2474 2537 TELEPHON
2508 2479 2682 2539 R-23-0-43

2052 2616 2275 2676 Ausschnitt
2296 2617 2367 2677 aus

2301 2658 2472 2718 Ularnale
2487 2658 2515 2718 d'
2522 2655 2611 2715 Italla
2626 2651 2687 2711 Rom

2254 2776 2318 2836 23
2365 2774 2493 2834 OKT.
2513 2774 2613 2834 1937

2121 2900 2160 2960 La
2202 2897 2315 2957 morte
2350 2896 2422 2956 d'un
2464 2898 2544 2958 noto
2579 2903 2805 2963 romanziere

2332 2974 2557 3034 austriaco

2204 3018 2272 3078 (Dal
2296 3019 2401 3079 nostro
2429 3022 2704 3082 corrispondente)

2145 3055 2313 3115 VIENNA,
2333 3058 2380 3118 22.
2400 3056 2409 3116 —
2463 3061 2520 3121 (m.
2540 3063 2597 3123 t.).
2612 3064 2626 3124 -
2646 3064 2684 3124 E'
2703 3064 2799 3124 morto

2099 3095 2170 3155 ieri,
2200 3095 2514 3155 improvvisamente,
2544 3100 2569 3160 il
2603 3103 2796 3163 romanziere

2103 3132 2115 3192 e
2162 3135 2433 3195 commedlografo
2480 3138 2635 3198 austriaco
2685 3144 2798 3204 Arturo

2101 3171 2295 3231 Schnitzler.

2132 3210 2176 3270 Da
2212 3213 2271 3273 due
2302 3216 2396 3276 anni,
2416 3216 2450 3276 da
2486 3216 2610 3276 quando
2641 3219 2705 3279 cloè
2736 3222 2794 3282 una

2103 3249 2193 3309 grave
2220 3252 2361 3312 sclagura
2392 3255 2478 3315 turbò
2535 3255 2607 3315 suoi
2630 3258 2737 3318 affetti
2759 3256 2801 3316 fa¬

2104 3288 2233 3348 millari,
2263 3288 2289 3348 le
2328 3290 2379 3350 sue
2418 3293 2593 3353 condiziont
2628 3297 2662 3357 di
2693 3297 2795 3357 salute

2104 3326 2163 3386 non
2198 3326 2290 3386 erano
2320 3329 2418 3389 buone

2141 3362 2214 3422 Egli
2243 3362 2294 3422 era
2329 3365 2403 3425 nato
2437 3367 2465 3427 1j
2494 3368 2527 3428 15
2563 3372 2687 3432 magglo
2722 3371 2806 3431 1862.

2095 3400 2265 3460 Seguendo
2295 3402 2320 3462 le
2349 3404 2432 3464 orme
2462 3404 2512 3464 del
2537 3407 2632 3467 padre
2662 3410 2799 3470 Glovan¬

2103 3437 2147 3497 ni,
2175 3439 2297 3499 celebre
2330 3443 2532 3503 laringoiatra
2569 3447 2585 3507 e
2621 3446 2795 3506 professore

2098 3476 2329 3536 all'Università
2361 3479 2397 3539 di
2425 3482 2556 3542 Vienna,
2579 3485 2688 3545 Arturo
2720 3485 2797 3545 Sch¬

2101 3515 2212 3575 nitzler
2241 3515 2268 3575 si
2287 3517 2394 3577 dedicò
2423 3520 2460 3580 da
2489 3520 2619 3580 glovene
2647 3523 2703 3583 alla
2731 3523 2801 3583 he¬

2097 3550 2247 3610 dicinae
2286 3553 2424 3613 sttenuta
2483 3556 2512 3616 la
2546 3556 2647 3616 Murea
2681 3561 2710 3621 fu
2744 3562 2798 3622 per

2099 3589 2228 3649 qualche
2258 3590 2358 3650 tempo
2388 3594 2551 3654 assistente
2576 3598 2651 3658 della
2685 3601 2789 3661 clinica

2097 3628 2247 3688 paterna.
2272 3631 2330 3691 Poi
2360 3634 2543 3694 abbandonò
2576 3634 2605 3694 la
2668 3640 2788 3700 scienza

2095 3665 2153 3725 per
2188 3666 2292 3726 l'arte,
2318 3670 2435 3730 avendo
2473 3673 2608 3733 spiccate
2646 3676 2797 3736 tendenze

2097 3700 2280 3760 letterarie.

2126 3738 2247 3798 Scrisse
2278 3744 2377 3804 poesie
2412 3745 2425 3805 e
2455 3747 2572 3807 novelle
2603 3750 2615 3810 e
2650 3750 2788 3810 pubblicò

2095 3777 2195 3837 anche
2220 3780 2272 3840 del
2293 3782 2447 3842 romanzi.
2463 3786 2503 3846 La
2532 3786 2580 3846 sua
2609 3789 2790 3849 abbondan¬

2094 3816 2125 3876 te
2162 3816 2367 3876 produzione,
2396 3822 2514 3882 avendo
2550 3825 2645 3885 tratto
2685 3831 2792 3891 troppa

2092 3854 2362 3914 influendalla
2392 3859 2492 3919 scuola
2526 3864 2784 3924 naturalisticae

2099 3891 2257 3951 trattando
2295 3894 2395 3954 spesso
2433 3899 2479 3959 tem
2567 3902 2721 3962 scabrost,
2747 3906 2792 3966 gli

2092 3929 2221 3989 procurò
2251 3935 2421 3995 polemiche
2447 3939 2459 3999 e
2488 3940 2609 4000 dispute
2639 3941 2734 4001 varle.

2096 3995 2274 4055 VIRGINIO
2319 4001 2476 4061 GAYDA,
2503 4007 2655 4067 Direttore
2689 4010 2704 4070 e
2737 4010 2791 4070 ge¬

2120 4034 2211 4094 rente
2242 4040 2468 4100 responsabile,

2090 4076 2176 4136 Stah,
2196 4082 2362 4142 tipogranco
2389 4085 2435 4145 del
2462 4085 2614 4145 sOlornale
2642 4086 2754 4146 d'Italla
