3344 4352
161 308 283 368 12.

362 309 837 369 Schnitzler
905 309 941 369 s
1009 306 1237 366 Death

362 1487 1075 1547 OBSERVER

445 1559 471 1619 I.
490 1553 608 1613 österr.
622 1547 767 1607 behördl.
781 1536 1077 1596 konzessioniertes

406 1598 640 1658 Unternehmen
669 1589 720 1649 für
739 1576 1128 1636 Zeitungs-Ausschnitte

464 1658 605 1718 WIEN,
633 1652 679 1712 I.,
707 1644 989 1704 WOLLZEILE
1037 1630 1077 1690 11

560 1703 778 1763 TELEPHON
812 1691 985 1751 R-23-0-43

369 1855 591 1915 Ausschnitt
620 1844 708 1904 aus:

543 1946 1067 2006 Dseaa

386 2083 490 2143 vom:

564 2099 641 2159 10.
660 2095 756 2155 HOV

352 2201 676 2261 Gedenkfeier
712 2197 789 2257 für
825 2198 1018 2258 Arthur
1045 2197 1333 2257 Schnitzler

658 2261 687 2321 im
729 2261 1002 2321 Schauspielhaus

415 2316 568 2376 Schöner,
583 2315 746 2375 würdiger
775 2315 851 2375 kann
886 2315 952 2375 man
986 2312 1073 2372 einen
1102 2312 1183 2372 toten
1217 2309 1341 2369 Dichter

330 2355 409 2415 nicht
433 2356 545 2416 ehren,
569 2355 615 2415 als
648 2353 675 2413 es
708 2353 746 2413 an
779 2353 876 2413 diesem
919 2350 1241 2410 Novembermorgen
1274 2349 1343 2409 hier

327 2395 461 2455 geschah.
496 2395 597 2455 Keine
626 2394 736 2454 falsche
770 2392 972 2452 Aktualität,
997 2391 1068 2451 aber
1103 2389 1127 2449 in
1166 2389 1247 2449 allem
1295 2386 1338 2446 die

335 2432 530 2492 Gegenwart
550 2431 783 2491 unbeirrbaren
816 2431 1050 2491 schnitzlerschen
1078 2428 1218 2488 Geistes.
1242 2425 1344 2485 Keine

335 2472 557 2532 sentimentale
580 2470 802 2530 Betulichkeit,
821 2469 893 2529 aber
917 2467 993 2527 über
1017 2467 1093 2527 allem
1130 2465 1198 2525 jene
1221 2464 1348 2524 melan¬

330 2512 466 2572 cholische
503 2509 820 2569 Grundstimmung,
848 2508 906 2568 aus
948 2506 1002 2566 der
1039 2506 1083 2566 die
1120 2504 1242 2564 gütige,
1270 2502 1347 2562 ver¬

332 2550 476 2610 zeihende
501 2549 702 2609 Erkenntnis
726 2547 753 2607 in
782 2547 833 2607 der
862 2544 955 2604 Seele
983 2543 1077 2603 dieses
1105 2542 1250 2602 Dichters
1279 2541 1348 2601 auf¬

335 2590 503 2650 gewachsen
531 2589 577 2649 ist.
601 2586 699 2646 Denn
728 2586 807 2646 seine
836 2586 1032 2646 Erkenntnis
1065 2583 1126 2643 war
1150 2579 1229 2639 trotz
1248 2580 1350 2640 seiner

335 2628 581 2688 Geistesschärfe
623 2625 683 2685 von
735 2624 1004 2684 durchfühlender
1051 2619 1227 2679 Intuition
1279 2618 1348 2678 ein¬

332 2668 484 2728 gegeben.
509 2669 585 2729 Wer
605 2667 652 2727 ihn
681 2664 815 2724 wirklich
839 2664 978 2724 gekannt
1002 2663 1064 2723 hat,
1083 2661 1155 2721 weiß
1184 2658 1231 2718 es.
1256 2658 1341 2718 Weiß

335 2706 423 2766 auch,
442 2706 493 2766 daß
521 2706 605 2766 seine
629 2705 727 2765 große
750 2703 960 2763 Resignation
994 2700 1096 2760 keinen
1125 2697 1273 2757 Verzicht
1297 2697 1353 2757 auf

336 2742 485 2802 Glauben
518 2741 578 2801 und
602 2741 877 2801 Grundsätzliches
901 2738 929 2798 je
957 2738 985 2798 in
1013 2738 1059 2798 sich
1083 2736 1260 2796 geschlossen
1289 2735 1358 2795 hat.

333 2786 430 2846 Diese
454 2783 548 2843 Feier
576 2783 641 2843 war
665 2782 730 2842 also
759 2780 837 2840 nicht
857 2779 969 2839 zuletzt
993 2777 1053 2837 und
1077 2777 1156 2837 ganz
1180 2774 1343 2834 abgesehen

337 2823 394 2883 von
428 2822 480 2882 der
509 2821 595 2881 Höhe
624 2820 710 2880 ihrer
740 2819 844 2879 Kunst
869 2816 1003 2876 deshalb
1032 2816 1060 2876 so
1090 2814 1190 2874 schön,
1215 2813 1286 2873 weil
1315 2813 1353 2873 sie

337 2863 418 2923 nicht
442 2861 528 2921 jenes
557 2859 681 2919 falsche,
701 2858 805 2918 billige
835 2858 969 2918 Mitleid
998 2855 1074 2915 über
1099 2852 1151 2912 das
1185 2852 1352 2912 Stoffliche

336 2903 392 2963 der
420 2897 886 2957 „Leutnant=Gustl“=Novelle
920 2897 980 2957 und
1013 2893 1092 2953 „Die
1116 2891 1223 2951 letzten
1256 2891 1353 2951 Mas¬

337 2941 413 3001 ken“
443 2939 519 2999 goß.
553 2938 625 2998 Mit
654 2937 750 2997 nichts
784 2935 855 2995 war
885 2932 932 2992 die
962 2932 1134 2992 Herbheit,
1158 2931 1206 2991 die
1236 2929 1360 2989 Tragi¬

347 2980 567 3040 komödie,
588 2977 638 3037 die
669 2977 859 3037 Kantigkeit
885 2974 940 3034 der
970 2971 1166 3031 Charaktere
1202 2969 1357 3029 verhüllt.

421 3064 465 3124 Es
500 3067 622 3127 begann
662 3063 721 3123 mit
751 3061 835 3121 zwei
860 3061 973 3121 Sätzen
1012 3058 1071 3118 aus
1106 3057 1160 3117 dem
1204 3055 1356 3115 D=Moll¬

343 3106 506 3166 Quartett
535 3106 646 3166 Franz
689 3101 964 3161 Schuberts,
1001 3097 1090 3157 jenen
1128 3095 1351 3155 ergreifenden

350 3144 557 3204 Variationen
594 3142 757 3202 sozusagen
798 3141 875 3201 über
903 3138 957 3198 das
993 3135 1224 3195 Lebensthema
1256 3132 1355 3192 Schu¬

343 3185 451 3245 berts,
475 3183 556 3243 über
588 3183 633 3243 die
670 3179 847 3239 jugendlich
888 3177 1065 3237 wehrsame
1115 3171 1356 3231 Lebensfreude

346 3225 436 3285 gegen
465 3222 513 3282 den
547 3222 628 3282 Tod.
652 3219 733 3279 Eine
758 3218 881 3278 Musik,
896 3216 943 3276 die
968 3215 1116 3275 nirgends
1145 3213 1169 3273 in
1203 3210 1250 3270 der
1274 3210 1360 3270 Welt

344 3264 493 3324 entstehen
521 3259 635 3319 konnte
653 3258 703 3318 als
726 3258 758 3318 an
785 3258 835 3318 den
863 3255 985 3315 grünen
1013 3252 1126 3312 Wellen
1154 3250 1204 3310 des
1227 3249 1359 3309 Wiener

344 3303 474 3363 Waldes
502 3301 562 3361 und
591 3299 637 3359 die
661 3297 712 3357 das
740 3297 894 3357 seelische,
908 3293 1033 3353 geistige
1062 3291 1145 3351 Wien
1179 3288 1355 3348 verewigen

346 3341 468 3401 müßte,
491 3341 581 3401 wenn
618 3336 649 3396 es
686 3336 853 3396 materiell
877 3333 976 3393 dieses
1013 3329 1098 3389 Wien
1135 3329 1262 3389 einmal
1285 3328 1361 3388 nicht

348 3383 432 3443 mehr
456 3381 548 3441 gäbe.
572 3377 651 3437 Eine
675 3377 796 3437 Musik,
810 3374 898 3434 deren
927 3371 1019 3431 Seele
1044 3369 1094 3429 der
1118 3368 1211 3428 Seele
1235 3365 1360 3425 Arthur

342 3420 534 3480 Schnitzlers
562 3416 792 3476 verschwistert
811 3414 862 3474 ist,
882 3412 956 3472 weil
980 3410 1017 3470 sie
1041 3408 1097 3468 aus
1130 3408 1181 3468 dem
1224 3406 1355 3466 gleichen

353 3461 549 3521 Vaterhause
572 3455 712 3515 stammt.
736 3452 820 3512 Man
853 3450 927 3510 kann
956 3449 1011 3509 das
1040 3449 1119 3509 nicht
1138 3446 1259 3506 schöner
1283 3443 1362 3503 spie¬

351 3501 418 3561 len,
443 3497 495 3557 als
534 3497 567 3557 es
601 3494 721 3554 gestern
765 3494 851 3554 durch
890 3489 957 3549 Jan
1001 3485 1226 3545 Dahmen,
1265 3482 1361 3542 Willy

352 3536 528 3596 Janda,
543 3532 645 3592 Georg
670 3531 876 3591 Seifert,
891 3526 974 3586 Karl
989 3526 1117 3586 Hesse
1137 3524 1273 3584 geschah.
1294 3520 1366 3580 Mit

353 3579 438 3639 einer
466 3574 650 3634 Präzision,
669 3571 754 3631 einer
782 3568 904 3628 Kultur
931 3565 981 3625 des
1008 3564 1170 3624 Klanges,
1194 3562 1252 3622 mit
1270 3556 1360 3616 einer

354 3616 606 3676 Gesanglichkeit
625 3610 676 3670 der
700 3610 872 3670 Cantilene
901 3607 937 3667 (in
966 3605 1016 3665 dem
1055 3601 1218 3661 Andante)
1237 3598 1367 3658 strömte

353 3656 407 3716 das
439 3654 498 3714 aus
530 3652 589 3712 und
617 3652 684 3712 ein,
707 3650 757 3710 daß
794 3648 861 3708 man
894 3646 938 3706 sich
971 3642 1021 3702 des
1053 3641 1271 3701 Musizierens
1307 3637 1366 3697 und

353 3696 399 3756 des
437 3692 671 3752 Inskruments
709 3688 788 3748 kaum
844 3685 929 3745 mehr
967 3681 1097 3741 bewußt
1130 3679 1233 3739 blieb.
1266 3676 1364 3736 Diese

356 3732 458 3792 Musik
482 3731 552 3791 geht
576 3729 608 3789 an
641 3729 692 3789 dem
735 3727 884 3787 schmalen
918 3723 1109 3783 Grenzgrat
1133 3718 1263 3778 entlang
1292 3714 1371 3774 zwi¬

360 3772 429 3832 schen
472 3771 536 3831 Tod
574 3769 634 3829 und
672 3766 793 3826 Leben.
830 3763 900 3823 Das
938 3760 975 3820 ist
1008 3759 1077 3819 auch
1115 3757 1166 3817 der
1203 3755 1273 3815 Weg
1315 3752 1366 3812 der

356 3813 509 3873 Dichtung
538 3807 663 3867 Arthur
687 3805 896 3865 Schnitzlers.
920 3801 966 3861 So
995 3798 1083 3858 ward
1107 3796 1171 3856 hier
1195 3795 1241 3855 die
1265 3792 1372 3852 Zwei¬

358 3852 544 3912 einsamkeit
581 3843 977 3903 Schubert—Schnitzler.
1020 3836 1290 3896 Unvergeßliches
1337 3828 1364 3888 in

360 3890 447 3950 einer
470 3888 677 3948 wehmüitigen
708 3882 1114 3942 Sonntagmorgenstunde
1141 3876 1229 3936 einer
1251 3871 1361 3931 groben

364 3929 427 3989 und
450 3926 635 3986 undankbar
665 3924 773 3984 schnell
797 3920 1011 3980 vergessenden
1046 3915 1144 3975 Welt.

443 4016 535 4076 Dann
571 4012 618 4072 las
654 4010 741 4070 Felix
779 4006 1015 4066 Steinböck
1047 4004 1114 4064 (mit
1145 4000 1196 4060 den
1233 3998 1284 4058 für
1316 3995 1367 4055 den

365 4055 504 4115 Vortrag
537 4051 802 4111 gerechtfertigten
836 4047 891 4107 und
919 4045 1063 4105 richtigen
1092 4038 1306 4098 Kürzungen)
1329 4032 1375 4092 die

368 4091 660 4151 monodramatische
687 4085 820 4145 Novelle
842 4085 895 4145 vom
940 4082 1196 4142 „Leutnant
1214 4073 1338 4133 Gustl

372 4133 623 4193 Wolkenschatten
660 4129 714 4189 und
745 4128 861 4188 Lichter
882 4126 1043 4186 abzulesen
1074 4122 1129 4182 auf
1150 4120 1199 4180 dem
1240 4117 1376 4177 Grunde

2107 189 2363 249 OBS

2643 206 2811 266 VEF

2189 246 2216 306 I.
2229 246 2350 306 österr.
2358 249 2511 309 behördl.
2523 253 2813 313 konzessioniertes

2144 287 2379 347 Unternehmen
2408 288 2456 348 für
2481 294 2862 354 Zeitungs-Ausschnitte

1466 303 1587 363 box
1665 303 1848 363 44/1

2206 343 2344 403 WIEN,
2370 348 2420 408 I.,
2446 354 2730 414 WOLLZEILE
2775 354 2818 414 11

2298 398 2513 458 TELEPHON
2548 401 2724 461 R-23-0-43

2816 500 3051 560 iber

2013 503 2156 563 Extrait
2180 506 2218 566 du
2257 509 2434 569 Journal:

2014 607 2195 667 Adresse:

2825 688 2909 748 193

2015 708 2102 768 Date
2120 710 2130 770 :

2368 753 2633 813 Stadttycater.

2076 795 2236 855 (Mitget.)
2272 795 2422 855 Arthur
2474 798 2975 858 Schnitzler=Gedächtnis¬

2026 837 2141 897 feier!
2182 840 2303 900 Heute,
2339 840 2526 900 Dienstag,
2567 843 2642 903 wird
2688 845 2769 905 Carl
2810 849 2966 909 Friedrich

2031 884 2242 944 Wiegand,
2263 882 2314 942 der
2346 882 2371 942 in
2403 882 2459 942 der
2491 885 2640 945 Schweiz
2667 888 2754 948 durch
2790 889 2847 949 sein
2884 891 2976 951 histo¬

2022 918 2136 978 risches
2183 924 2303 984 Drama
2344 928 2590 988 „Marignano“
2626 933 2787 993 bekannte
2833 936 2978 996 Dichter,

2026 961 2078 1021 zum
2132 965 2337 1025 Angedenken
2372 968 2428 1028 des
2463 971 2683 1031 verstorbenen
2722 975 2836 1035 großen
2875 977 2970 1037 öster¬

2020 1006 2201 1066 reichischen
2248 1010 2467 1070 Romanciers
2514 1014 2578 1074 und
2626 1019 2849 1079 Dramatikers
2896 1022 2965 1082 eine

2029 1049 2230 1109 Gedenkrede
2251 1052 2379 1112 halten,
2394 1055 2438 1115 die
2458 1055 2511 1115 den
2542 1058 2773 1118 Verstorbenen
2803 1064 2960 1124 würdigen

2023 1091 2082 1151 und
2112 1092 2200 1152 ehren
2235 1097 2328 1157 wird.
2348 1098 2486 1158 Hierauf
2511 1100 2589 1160 wird
2619 1103 2712 1163 unter
2737 1106 2963 1166 Spielleitung

2015 1134 2079 1194 von
2125 1139 2290 1199 Gottfried
2331 1143 2567 1203 Falkenhausen
2613 1149 2738 1209 Arthur
2774 1153 2964 1213 Schnitzlers

2017 1250 2163 1310 Liebelei"
2191 1255 2212 1315 in
2246 1260 2348 1320 Szene
2376 1267 2495 1327 gehen,
2512 1271 2566 1331 das
2588 1276 2696 1336 Werk,
2713 1282 2761 1342 das
2789 1286 2832 1346 ihn
2860 1289 2930 1349 noch

2046 1294 2168 1354 jungen
2198 1303 2320 1363 Jahren
2360 1307 2418 1367 mit
2443 1311 2531 1371 einem
2581 1320 2668 1380 Male
2698 1326 2722 1386 in
2757 1327 2806 1387 die
2836 1331 2933 1391 Reihe

2017 1336 2036 1396 er
2072 1339 2165 1399 ersten
2205 1344 2362 1404 deutschen
2406 1357 2766 1417 Bühnenschriftsteller
2796 1372 2933 1432 brachte.

2012 1374 2038 1434 sie
2066 1379 2243 1439 Nachfrage
2274 1383 2323 1443 für
2345 1385 2394 1445 die
2425 1389 2527 1449 Plähe
2554 1392 2589 1452 an
2621 1397 2718 1457 diesom
2759 1404 2931 1464 Abondist

2022 1416 2101 1476 reits
2132 1422 2272 1482 ziemlich
2303 1427 2397 1487 groß,
2423 1428 2554 1488 worauf
2579 1434 2639 1494 wir
2665 1438 2719 1498 das
2755 1447 2945 1507 Publikum/

2027 1460 2126 1520 flichst
2157 1467 2353 1527 aufmerksam
2409 1473 2559 1533 machen.
2595 1485 2931 1545 (Schauspielpreise.)

2023 1503 2082 1563 Als
2118 1506 2153 1566 7.
2183 1512 2389 1572 Vorstellung
2425 1515 2449 1575 im
2505 1523 2932 1583 Mittwoch=Abonnement

2009 1546 2114 1606 plangt
2141 1547 2188 1607 die
2221 1553 2368 1613 komische
2400 1559 2490 1619 Oper
2522 1562 2611 1622 „Der
2639 1568 2924 1628 Waffenschmied“

2004 1586 2036 1646 on
2074 1590 2188 1650 Albert
2221 1595 2361 1655 Lortzing
2394 1601 2453 1661 zur
2487 1606 2719 1666 Aufführung.
2747 1613 2839 1673 Diese
2872 1613 2931 1673 all¬

2001 1630 2113 1690 pliebte
2151 1637 2212 1697 und
2249 1642 2517 1702 unverwüstliche
2555 1653 2756 1713 Spieloper,
2787 1656 2834 1716 die
2870 1656 2921 1716 den

1997 1677 2091 1737 anzen
2129 1681 2339 1741 Theatersinn
2377 1686 2434 1746 und
2473 1691 2598 1751 Humor
2625 1694 2709 1754 ihres
2742 1700 2926 1760 Schöpfers

1999 1721 2077 1781 eigt,
2099 1725 2151 1785 ist.
2167 1724 2209 1784 als
2246 1730 2473 1790 musikalisches
2510 1739 2847 1799 Unterhaltungsstück
2874 1741 2926 1801 ge¬

1997 1762 2202 1822 hmackvoller
2240 1768 2302 1828 Art
2335 1771 2360 1831 in
2403 1774 2461 1834 der
2493 1779 2645 1839 heutigen
2688 1785 2809 1845 ernsten
2852 1789 2925 1849 Zeit

1995 1807 2145 1867 esonders
2191 1813 2433 1873 willkommen.
2469 1822 2751 1882 Kammersänger
2792 1830 2923 1890 Eduard

1986 1851 2178 1911 ischtenstein
2207 1856 2285 1916 singt
2309 1859 2353 1919 die
2382 1862 2495 1922 Partie
2518 1867 2569 1927 des
2597 1871 2761 1931 „Georg“.
2784 1876 2926 1936 (Opern¬

2002 1894 2104 1954 seise.)

2014 1935 2058 1995 Am
2103 1941 2339 2001 Donnerstag,
2359 1947 2415 2007 den
2448 1947 2505 2007 12.
2525 1952 2716 2012 November
2736 1960 2844 2020 findet
2870 1964 2914 2024 ein

2002 1983 2158 2043 chweizer
2180 1992 2552 2052 Komponisten=Abend
2579 2001 2665 2061 statt.

2466 2154 2520 2214 dem
2558 2156 2650 2216 Wege
2677 2153 2850 2213 gegangen.
2873 2150 2964 2210 Diese
2987 2147 3230 2207 schnitzlerischen
3258 2146 3327 2206 Var

1398 2168 1486 2228 einer
1511 2166 1623 2226 Seele,
1643 2165 1692 2225 das
1722 2165 1834 2225 machte
1859 2163 1883 2223 ja
1914 2162 1992 2222 nicht
2017 2162 2124 2222 zuletzt
2144 2159 2193 2219 den
2228 2158 2350 2218 Dichter
2380 2156 2404 2216 in

2469 2195 2493 2255 in
2523 2195 2655 2255 d-Moll
2680 2192 2754 2252 über
2789 2190 2838 2250 das
2873 2189 2990 2249 Thema
3020 2189 3118 2249 Leben
3153 2186 3212 2246 und
3247 2183 3310 2243 Tod

1401 2207 1568 2267 Schnitzler
1592 2206 1668 2266 aus.
1702 2204 1788 2264 Aber
1812 2204 1860 2264 nie
1884 2201 1955 2261 darf
1980 2201 2041 2261 man
2075 2201 2247 2261 vergessen,
2262 2198 2314 2258 daß
2343 2195 2404 2255 hier

2466 2235 2525 2295 mit
2556 2234 2606 2294 der
2637 2231 2767 2291 gleichen
2808 2228 2974 2288 Zartheit,
3000 2228 3070 2288 aber
3106 2228 3171 2288 auch
3207 2225 3267 2285 mit
3292 2224 3327 2284 de

1400 2246 1611 2306 künstlerische
1636 2243 1797 2303 Synthese
1828 2243 1883 2303 das
1919 2243 2009 2303 Werk
2040 2241 2145 2301 schafft
2176 2239 2231 2299 und
2267 2237 2322 2297 daß
2358 2234 2412 2294 mit

2473 2273 2563 2333 hohen
2593 2273 2799 2333 Musikalität
2820 2268 2961 2328 gespielt,
2982 2266 3041 2326 wie
3067 2264 3117 2324 der
3143 2265 3313 2325 Schubert.

1398 2287 1446 2347 dem
1499 2285 1686 2345 andauernd
1731 2282 1966 2342 mißbrauchten
2006 2278 2140 2338 Begriff
2175 2278 2227 2338 der
2266 2276 2415 2336 „Psycho¬

2473 2315 2547 2375 griff
2573 2312 2639 2372 man
2674 2311 2750 2371 ohne
2776 2309 2942 2369 weiteres,
2963 2308 3013 2368 daß
3044 2307 3073 2367 es
3105 2306 3169 2366 hier
3195 2304 3276 2364 nicht
3302 2300 3331 2360 un

1399 2326 1542 2386 analyse“
1571 2324 1628 2384 kein
1657 2321 1762 2381 Unfug
1791 2321 1948 2381 getrieben
1977 2319 2096 2379 werden
2130 2318 2230 2378 sollte.
2264 2315 2354 2375 Denn
2383 2315 2406 2375 so

2470 2351 2552 2411 geht,
2573 2349 2640 2409 was
2672 2348 2842 2408 Schnitzler
2868 2347 3018 2407 geradezu
3054 2346 3168 2406 gehaßt
3194 2344 3261 2404 hat,
3282 2343 3328 2403 alf

1402 2365 1623 2425 geringfügig,
1644 2361 1786 2421 gemessen
1821 2359 1856 2419 an
1886 2359 2201 2419 Schicksalskämpfen
2236 2354 2285 2414 des
2320 2350 2417 2410 Men¬

2469 2389 2504 2449 um
2551 2388 2597 2448 den
2635 2386 2815 2446 Einfall
2841 2386 2887 2446 des
2919 2384 3084 2444 geschickten
3115 2383 3322 2443 Literaten,d

1402 2402 1499 2462 schen,
1519 2401 1584 2461 auch
1617 2401 1658 2461 die
1687 2398 1855 2458 Ehrennot
1883 2398 1966 2458 eines
2000 2398 2116 2458 kleinen
2150 2393 2322 2453 Leutnants
2355 2392 2410 2452 von

2468 2428 2670 2488 Sterbenden
2710 2427 2734 2487 in
2774 2425 2817 2485 die
2852 2424 2936 2484 Lage
2966 2425 3108 2485 versetzt,
3133 2422 3167 2482 am
3217 2422 3334 2482 Lebenk

1406 2440 1506 2500 ehedem
1545 2440 1602 2500 sein
1636 2440 1722 2500 mag,
1742 2438 1809 2498 geht
1833 2435 1861 2495 es
1891 2434 1957 2494 doch
1987 2436 2020 2496 um
2063 2434 2140 2494 echte
2164 2435 2298 2495 Tragik.
2332 2431 2404 2491 Daß

2468 2467 2572 2527 letztes
2602 2467 2746 2527 Gefühl,
2770 2467 2996 2527 Rachegefühl,
3020 2466 3048 2526 zu
3084 2461 3158 2521 üben
3200 2462 3257 2522 und
3293 2458 3321 2518 da

1404 2482 1446 2542 die
1480 2480 1580 2540 Opfer
1614 2479 1666 2539 für
1700 2477 1743 2537 die
1777 2476 1862 2536 Ehre
1891 2476 1962 2536 auch
1997 2476 2063 2536 ihre
2097 2473 2264 2533 besondere
2293 2470 2412 2530 Tragi¬

2470 2509 2594 2569 Pointe
2616 2509 2641 2569 zu
2673 2506 2854 2566 gewinnen.

1404 2521 1542 2581 komödie
1566 2519 1590 2579 in
1624 2518 1667 2578 sich
1696 2518 1824 2578 tragen,
1844 2515 1896 2575 hat
1921 2515 2045 2575 Arthur
2069 2514 2241 2574 Schnitzler
2265 2510 2332 2570 nach
2356 2509 2408 2569 den

1408 2559 1642 2619 Feststellungen
1676 2556 1704 2616 in
1743 2556 1790 2616 den
1829 2553 2044 2613 Aphorismen
2093 2550 2413 2610 schopenhauerischer

2554 2561 2661 2621 Wenig
2697 2562 2839 2622 bekannt
2866 2559 3028 2619 geworden
3070 2560 3110 2620 ist
3145 2562 3185 2622 ein
3227 2560 3327 2620 philof

1412 2598 1684 2658 Lebensweisheit
1708 2595 1789 2655 nicht
1814 2596 1866 2656 für
1900 2594 1952 2654 den
1986 2593 2120 2653 engeren
2154 2593 2230 2653 Fall
2259 2589 2316 2649 und
2350 2589 2416 2649 eine

2473 2604 2561 2664 Essay
2589 2602 2805 2662 Schnitzlers:
2823 2601 2911 2661 „Der
2934 2598 3022 2658 Geist
3045 2599 3066 2659 im
3106 2600 3217 2660 Wort,
3240 2598 3333 2658 undd

1408 2638 1493 2698 Kaste
1513 2637 1661 2697 beweisen
1691 2634 1820 2694 wollen.
1854 2634 1925 2694 Das
1954 2634 2021 2694 eben
2055 2632 2155 2692 bleibt
2174 2630 2198 2690 ja
2227 2628 2337 2688 immer
2361 2627 2413 2687 das

2478 2645 2502 2705 in
2537 2643 2590 2703 der
2620 2642 2698 2702 Tat.
2752 2640 2801 2700 In
2836 2640 2913 2700 zwei
2938 2640 3168 2700 Diagrammen
3208 2637 3334 2697 (Schnitz

1408 2679 1624 2739 Dichterische,
1640 2676 1693 2736 wie
1718 2673 1767 2733 der
1793 2673 1969 2733 Einzelfall
1985 2673 2009 2733 in
2039 2673 2093 2733 das
2118 2669 2285 2729 menschlich
2310 2667 2418 2727 Ganze

2474 2683 2539 2743 auch
2575 2679 2913 2739 Spinoza=Schüler!)
2939 2679 2989 2739 hat
3015 2679 3065 2739 er,
3091 2679 3115 2739 in
3152 2679 3182 2739 je
3213 2679 3288 2739 zwei

1408 2718 1575 2778 projiziert
1600 2714 1697 2774 wird.
1732 2712 1781 2772 Im
1821 2713 1987 2773 Angesicht
2012 2710 2061 2770 des
2096 2709 2179 2769 durch
2209 2709 2262 2769 den
2292 2706 2414 2766 Ehren¬

2475 2724 2536 2784 mit
2562 2724 2654 2784 ideell
2681 2721 3005 2781 unüberschreitbarer
3036 2718 3149 2778 Basis,
3170 2721 3329 2781 gezeigt,:

1406 2756 1496 2816 kodex
1526 2753 1687 2813 diktierten
1722 2750 1941 2810 Selbstmords
1975 2750 2060 2810 eines
2094 2750 2208 2810 jungen
2242 2746 2424 2806 Menschen,

2472 2759 2521 2819 bei
2542 2762 2625 2822 Tat=
2651 2760 2709 2820 und
2735 2759 2982 2819 Wortmenschen
3017 2758 3061 2818 als
3091 2756 3224 2816 positive
3250 2756 3309 2816 und

1406 2792 1456 2852 der
1504 2794 1563 2854 mit
1606 2790 1680 2850 allen
1727 2789 1848 2849 Fasern
1900 2786 1950 2846 der
1997 2789 2146 2849 gesunden
2198 2785 2304 2845 Natur
2352 2783 2402 2843 dem

2482 2801 2584 2861 Typen
2616 2801 2734 2861 gelten.
2771 2799 2821 2859 Da
2848 2798 2925 2858 steht
2946 2798 2992 2858 ihm
3033 2797 3084 2857 der
3116 2796 3234 2856 Literat
3255 2795 3332 2855 zund

1412 2831 1564 2891 Diesseits
1594 2831 1755 2891 verhaftet
1780 2830 1829 2890 ist,
1844 2828 1937 2888 fallen
1972 2825 2025 2885 alle
2055 2827 2162 2887 Hüllen
2197 2824 2270 2884 aller
2296 2820 2413 2880 Gesetze

2478 2843 2607 2903 Teufel,
2627 2842 2723 2902 genau
2752 2840 2781 2900 in
2810 2839 2863 2899 der
2887 2837 3109 2897 Entfernung,
3128 2836 3185 2896 wie
3211 2834 3268 2894 auf
3287 2832 3335 2892 ber

1406 2873 1458 2933 des
1483 2873 1741 2933 Herkommens.
1775 2867 1943 2927 Leutnant
1967 2867 2077 2927 Gustl,
2092 2864 2245 2924 gekränkt
2265 2861 2351 2921 durch
2380 2859 2423 2919 die

2474 2881 2551 2941 seite
2582 2882 2634 2942 der
2670 2882 2794 2942 Dichter
2831 2879 2862 2939 zu
2899 2877 2981 2937 Gott
3013 2876 3106 2936 steht.
3153 2873 3214 2933 Die
3246 2873 3333 2933 Stell

1406 2912 1625 2972 gelegentliche
1649 2909 1779 2969 plumpe
1803 2909 2017 2969 Beleidigung
2051 2907 2134 2967 eines
2158 2902 2415 2962 Bäckermeisters

2475 2921 2702 2981 Journalisten
2739 2918 2764 2978 im
2806 2918 2987 2978 Diagramm
3034 2915 3117 2975 „Der
3143 2915 3236 2975 Geist
3257 2915 3308 2975 des

1406 2952 1443 3012 an
1476 2951 1564 3011 einer
1592 2950 1938 3010 Konzertgarderobe,
1957 2947 2111 3007 durcheilt
2140 2944 2167 3004 im
2210 2941 2419 3001 Seelenfluge

2478 2962 2537 3022 und
2567 2960 2620 3020 auf
2645 2959 2699 3019 der
2725 2956 2886 3016 negativen
2922 2956 3118 3016 Dreieckseite
3148 2954 3182 3014 ist
3202 2953 3266 3013 nach
3296 2952 3305 3012 S

1408 2991 1468 3051 alle
1506 2992 1679 3052 Stationen
1726 2987 1782 3047 von
1829 2986 1880 3046 der
1923 2986 2208 3046 Lehensbejahung
2251 2980 2302 3040 bis
2354 2979 2409 3039 zum

2475 3001 2605 3061 Worten
2641 3001 2671 3061 zu
2702 2998 2868 3058 bemessen.
2894 2996 2965 3056 Das
2995 2995 3172 3055 eigentliche
3197 2995 3328 3055 „satanis

1413 3028 1635 3088 Pistolenschuß
1672 3028 1728 3088 auf
1750 3028 1795 3088 sich
1827 3027 1930 3087 selbst.
1972 3025 2070 3085 Wenn
2107 3025 2137 3085 er
2164 3022 2251 3082 hört,
2278 3020 2329 3080 daß
2361 3018 2417 3078 sein

2477 3043 2585 3103 ment,
2600 3040 2653 3100 das
2683 3040 2713 3100 er
2743 3040 2811 3100 nach
2836 3038 2934 3098 seiner
2964 3037 3151 3097 Auffassung
3181 3037 3205 3097 in
3235 3035 3323 3095 puno

1415 3070 1596 3130 Beleidiger
1636 3068 1768 3128 plötzlich
1812 3064 1871 3124 von
1920 3064 2003 3124 einem
2053 3063 2277 3123 Schlaganfall
2312 3058 2425 3118 gefällt

2482 3082 2659 3142 gemeinsam
2699 3079 2757 3139 mit
2778 3078 2831 3138 dem
2871 3076 3023 3136 Politiker
3053 3076 3191 3136 darstellt
3216 3073 3328 3133 (wobei

1415 3109 1533 3169 worden
1568 3109 1617 3169 ist,
1633 3107 1750 3167 jauchzt
1775 3106 1825 3166 das
1855 3105 2096 3165 Lebensgefühl
2116 3102 2140 3162 in
2170 3101 2219 3161 ihm
2260 3099 2328 3159 auf.
2358 3097 2426 3157 Die

2482 3118 2555 3178 etwa
2606 3118 2753 3178 bedeutet
2797 3115 3093 3175 mephistophelische
3137 3113 3328 3173 Ueberwert

1415 3147 1650 3207 vergewaltigte
1681 3145 1783 3205 Natur
1808 3144 1930 3204 schreit,
1946 3141 2097 3201 beglückt,
2113 3140 2161 3200 ihr
2186 3138 2279 3198 Recht
2299 3135 2417 3195 hinaus

2479 3159 2655 3219 ungunsten
2690 3158 2743 3218 des
2778 3155 2988 3215 Faustischen)
3023 3153 3106 3213 wird
3151 3153 3327 3213 gewandelt

1417 3186 1440 3246 in
1469 3186 1517 3246 die
1536 3183 1636 3243 Welt,
1651 3183 1698 3243 die
1718 3183 1765 3243 ihr
1790 3183 1904 3243 wieder
1928 3182 2062 3242 gehören
2091 3179 2176 3239 darf.
2210 3176 2291 3236 Aber
2316 3174 2415 3234 keinen

2480 3201 2594 3261 Typus
2631 3198 2686 3258 des
2721 3195 2857 3255 „großen
2893 3195 3165 3255 Journalisten",
3191 3192 3241 3252 der
3272 3192 3321 3252 „hä

1415 3225 1602 3285 Augenblick
1627 3224 1705 3284 wird
1740 3220 1833 3280 dieser
1863 3219 1996 3279 Jugend
2031 3219 2114 3279 klar,
2134 3219 2187 3279 daß
2222 3215 2271 3275 ihr
2301 3213 2423 3273 Ehren¬

2481 3239 2594 3299 Typus
2624 3237 2796 3297 Historiker
2826 3236 3086 3296 (Kontinualist),
3102 3234 3273 3294 manchmal
3299 3233 3328 3293 de

1415 3267 1507 3327 gesetz
1526 3265 1586 3325 nun
1615 3264 1670 3324 erst
1694 3262 1763 3322 aufs
1787 3261 1926 3321 schärfste
1950 3261 2098 3321 getroffen
2127 3257 2177 3317 ist.
2211 3255 2298 3315 Denn
2332 3252 2415 3312 wenn

2487 3279 2612 3339 Dichter
2638 3279 2925 3339 repraesentiert“.
2966 3275 3046 3335 Aber
3077 3274 3127 3334 für
3158 3273 3207 3333 den
3238 3273 3323 3333 Liter

1419 3305 1512 3365 dieser
1540 3304 1642 3364 geheim
1684 3303 1847 3363 bleibende
1875 3300 1972 3360 Griff
1996 3300 2079 3360 eines
2108 3296 2265 3356 ehrsamen
2299 3292 2423 3352 Bäcker¬

2483 3318 2546 3378 nie,
2572 3316 2635 3376 wie
2665 3315 2719 3375 der
2749 3316 2896 3376 Dichter,
2926 3314 3083 3374 Gestalter
3129 3312 3187 3372 und
3222 3312 3339 3372 Bewal

1424 3344 1555 3404 meisters
1592 3341 1660 3401 nach
1692 3341 1778 3401 einem
1824 3338 2128 3398 Dragonerpallasch
2161 3335 2223 3395 nur
2252 3332 2338 3392 durch
2370 3329 2419 3389 den

2484 3354 2615 3414 innerer
2661 3356 2923 3416 Notwendigkeit
2964 3353 3020 3413 ist,
3055 3350 3151 3410 kennt
3192 3350 3328 3410 Schnitzl

1417 3381 1486 3441 Tod
1515 3383 1645 3443 gesühnt
1673 3381 1794 3441 werden
1832 3380 1943 3440 konnte
1972 3377 1981 3437 —
2033 3377 2088 3437 hat
2117 3374 2191 3434 dann
2229 3372 2280 3432 der
2308 3368 2429 3428 Ueber¬

2487 3396 2620 3456 Gnade:
2646 3397 2734 3457 „Dem
2779 3395 2942 3455 Literaten
2977 3392 3011 3452 ist
3036 3392 3085 3452 die
3116 3389 3204 3449 Welt
3230 3389 3308 3449 nicht

1417 3419 1547 3479 lebende
1575 3419 1622 3479 die
1650 3419 1761 3479 Sühne
1790 3419 1976 3479 vollzogen?
2024 3415 2172 3475 Sündigt
2201 3413 2229 3473 er
2257 3412 2317 3472 nun
2350 3409 2429 3469 nicht

2487 3434 2652 3494 Material
2688 3436 2738 3496 für
2783 3434 2838 3494 sein
2884 3434 2994 3494 Werk.
3045 3430 3090 3490 Er
3141 3430 3180 3490 ist
3216 3429 3326 3489 vielme

1417 3461 1603 3521 lebenslang
1632 3459 1799 3519 insgeheim
1838 3460 1928 3520 gegen
1958 3456 2043 3516 jenen
2077 3453 2297 3513 Ehrenkodex,
2312 3451 2364 3511 den
2393 3449 2421 3509 er

2482 3473 2641 3533 Stoffe
2673 3476 2760 3536 aus.“
2812 3476 2884 3536 (Die
2910 3474 2941 3534 er
2972 3473 3137 3533 zugunsten
3169 3471 3266 3531 seiner
3292 3466 3307 3526 P

1421 3500 1547 3560 morgen
1584 3500 1701 3560 wieder
1734 3499 1793 3559 mit
1820 3499 1874 3559 dem
1920 3497 2029 3557 Säbel
2056 3494 2083 3554 im
2134 3491 2329 3551 Zweikampf
2361 3487 2428 3547 ver¬

2480 3513 2650 3573 ausnützen
2687 3515 2826 3575 könnte.)
2863 3514 2982 3574 „Seine
3008 3512 3184 3572 Erlebnisse
3211 3510 3267 3570 sind
3293 3503 3339 3563 ihr

1421 3538 1514 3598 tritt?
1544 3535 1558 3595 —
1607 3537 1681 3597 Das
1715 3535 1915 3595 Wesentliche
1946 3537 2043 3597 dieser
2073 3533 2318 3593 Tragikomödie
2353 3526 2421 3586 aber

2486 3553 2540 3613 zum
2580 3553 2707 3613 Zweck.“
2753 3551 3043 3611 Charakteristisch:
3064 3550 3108 3610 die
3128 3550 3275 3610 Neigung
3301 3549 3329 3609 zu

1428 3577 1552 3637 mündet
1576 3577 1633 3637 aus
1662 3577 1709 3637 dem
1753 3577 1930 3637 Zufälligen
1964 3576 2016 3636 der
2040 3572 2126 3632 Kaste
2150 3571 2178 3631 in
2208 3570 2260 3630 das
2289 3566 2427 3626 Mensch¬

2487 3592 2704 3652 bespiegelung
2735 3595 2802 3655 auch
2828 3595 2854 3655 im
2891 3592 3004 3652 starken
3031 3589 3206 3649 Erlebnis.

1424 3616 1797 3676 lich=Allzumenschliche.
1831 3616 1902 3676 Daß
1932 3614 1994 3674 dies
2023 3613 2080 3673 mit
2104 3612 2152 3672 dem
2191 3604 2420 3664 überschatteten

1422 3657 1544 3717 Humor
1569 3658 1755 3718 Schnitzlers
1785 3655 1986 3715 hervortrat,
2001 3652 2035 3712 ist
2060 3651 2099 3711 ein
2129 3648 2295 3708 Verdienst
2315 3643 2427 3703 Stein¬

2569 3664 2706 3724 Hieraus
2740 3661 2778 3721 ist
2806 3661 2856 3721 die
2895 3662 3122 3722 erschütternde
3156 3658 3311 3718 Tragikom

1417 3695 1520 3755 böcks,
1550 3697 1604 3757 der
1644 3697 1712 3757 nach
1752 3697 1968 3757 anfänglichen
2008 3692 2219 3752 Hemmungen
2259 3685 2317 3745 und
2347 3685 2426 3745 ohne

2488 3703 2588 3763 letzten
2629 3703 2784 3763 Masken,
2815 3700 2860 3760 die
2896 3700 2921 3760 in
2962 3700 3012 3760 der
3043 3697 3264 3757 Todesstunde
3294 3694 3324 3754 fa

1424 3735 1668 3795 übertreibende
1692 3735 1970 3795 Dramatisierung
1999 3732 2051 3792 das
2081 3731 2176 3791 kleine
2196 3724 2377 3784 Kunstwerk
2397 3723 2420 3783 in

2484 3740 2555 3800 voll
2580 3741 2608 3801 zu
2637 3741 2791 3801 verstehen
2825 3739 2882 3799 und
2912 3739 2940 3799 zu
2969 3738 3156 3798 würdigen.
3190 3735 3252 3795 Bei
3277 3732 3324 3792 der

1428 3776 1485 3836 echt
1509 3777 1724 3837 wienerischer
1753 3774 1892 3834 Sprache
1921 3773 1983 3833 und
2012 3771 2074 3831 Art
2098 3769 2337 3829 ausgezeichnet
2362 3761 2433 3821 ver¬

2490 3780 2583 3840 vollen
2618 3780 2825 3840 Aufführung
2856 3780 2880 3840 im
2920 3777 3186 3837 Schauspielhaus
3216 3774 3250 3834 ist
3275 3773 3323 3833 das

1430 3814 1585 3874 mittelte.

2491 3822 2623 3882 schehen.
2659 3819 2703 3879 Es
2733 3819 2821 3879 siegte
2846 3817 3078 3877 zwingend
3103 3816 3156 3876 das
3186 3814 3265 3874 letzte
3290 3814 3338 3874 Mi

2486 3861 2598 3921 armen
2633 3860 2878 3920 Journalisten,
2903 3857 2951 3917 der
2981 3855 3030 3915 sich
3064 3854 3088 3914 in
3123 3854 3177 3914 der
3207 3854 3309 3914 Todes

2494 3898 2541 3958 dem
2585 3902 2613 3962 zu
2648 3900 2786 3960 Unrecht
2811 3897 2983 3957 beneideten
3022 3894 3237 3954 erbärmlichen
3271 3892 3333 3952 Lite

1503 3915 1572 3975 Und
1613 3912 1688 3972 dann
1733 3915 1828 3975 folgte
1869 3911 1913 3971 ein
1959 3906 2149 3966 vollendetes
2190 3903 2435 3963 Kammerspiel.

2491 3937 2591 3997 rächen
2635 3938 2793 3998 gedachte.
2837 3935 2899 3995 Die
2938 3932 3164 3992 erschütternde
3203 3929 3322 3989 Erkenn

1429 3951 1508 4011 Eine
1549 3951 1760 4011 Aufführung
1811 3949 1866 4009 des
1917 3946 2062 4006 genialen
2113 3942 2283 4002 Einakters
2329 3938 2429 3998 „Die

2494 3977 2713 4037 Sterbenden,
2733 3976 2887 4036 geäußert
2916 3973 2939 4033 zu
2972 3971 3056 4031 einem
3104 3969 3338 4029 Todgeweihten

1425 3992 1577 4052 letzten
1622 3992 1848 4052 Masken",
1883 3986 1936 4046 bis
1976 3986 2024 4046 ins
2065 3983 2152 4043 letzte
2187 3981 2349 4041 vollzogen
2389 3977 2418 4037 im

2494 4015 2584 4075 haben
2616 4016 2674 4076 wir
2702 4014 2761 4074 mit
2784 4013 2874 4073 denen
2906 4012 2933 4072 zu
2965 4010 3037 4070 tun,
3056 4008 3101 4068 die
3129 4008 3251 4068 morgen
3283 4005 3337 4065 no¬

1431 4030 1531 4090 Geiste
1551 4031 1601 4091 der
1627 4031 1797 4091 Dichtung.
1808 4028 1988 4088 Kiesau,
2004 4025 2054 4085 der
2075 4022 2285 4082 Spielleiter,
2296 4019 2331 4079 ist
2346 4016 2431 4076 jeder

2487 4055 2664 4115 beleuchtet
2692 4054 2720 4114 in
2758 4052 2846 4112 einem
2894 4045 3179 4105 unnachahmlichen
3222 4044 3324 4104 Helldu

1429 4069 1495 4129 noch
1534 4067 1562 4127 so
1601 4069 1863 4129 verführerischen
1907 4064 2122 4124 Gelegenheit
2156 4060 2212 4120 zur
2246 4055 2437 4115 Veräußer¬

2492 4097 2582 4157 tiefen
2616 4097 2774 4157 Abgrund
2809 4093 2887 4153 nicht
2916 4089 2972 4149 nur
3006 4088 3141 4148 zwischen
3182 4085 3271 4145 Leben

1430 4114 1553 4174 lichung
1583 4112 1671 4172 durch
1702 4112 1795 4172 starke
1825 4111 1966 4171 Akzente
1990 4109 2049 4169 mit
2079 4106 2178 4166 seinem
2221 4102 2349 4162 Gefühl
2373 4099 2432 4159 aus
