3392 4352
352 333 752 393 Schnitzl.

1025 333 1175 393 et

871 343 919 403 S

712 768 1052 828 ERVER

425 830 451 890 1.
464 828 589 888 österr.
603 828 746 888 behördl.
759 827 1058 887 konzessioniertes

376 869 615 929 Unternehmen
647 870 695 930 für
717 867 1102 927 Zeitungs-Ausschnitte

430 927 582 987 WIEN,
609 930 655 990 I.,
682 930 962 990 WOLLZEILE
1009 929 1055 989 11

529 980 748 1040 TELEPHON
780 980 951 1040 R-23-0-43

335 1124 551 1184 Ausschnitt
579 1121 665 1181 aus:

304 1383 606 1443 Ausschnitt
641 1377 709 1437 aus

390 1518 821 1578 Saarbrücker
867 1495 1106 1555 Zeitung

832 1637 955 1697 1
978 1650 988 1710 9
1104 1656 1226 1716 193/

431 1650 475 1710 0

308 1677 679 1737 Nr....VOm.

712 1845 814 1905 Der
862 1846 1100 1906 einsame
1149 1846 1298 1906 Weg.

703 1918 765 1978 Zum
822 1918 913 1978 Tode
949 1915 1060 1975 Artur
1096 1913 1313 1973 Schnitzlers.

974 1964 1031 2024 Von

754 2022 817 2082 Dr.
844 2023 955 2083 Albert
982 2022 1083 2082 Malte
1115 2022 1263 2082 Wagner.

408 2027 436 2087 0

831 2082 919 2142 Artur
943 2082 1091 2142 Schnitzler
1115 2082 1150 2142 ist
1169 2082 1198 2142 am
1234 2079 1281 2139 21.
1299 2079 1328 2139 d.
1352 2079 1422 2139 Mts.
1447 2077 1470 2137 in
1494 2076 1564 2136 Wien

836 2121 996 2181 gestorben.

472 2178 595 2238 Wenige
623 2177 752 2237 Monate
775 2175 828 2235 vor
861 2174 953 2234 seinem
996 2174 1044 2234 70.
1061 2171 1288 2231 Geburtstage,
1310 2171 1423 2231 wenige
1451 2171 1564 2231 Wochen

436 2219 498 2279 nach
537 2218 589 2278 dem
642 2216 809 2276 Erscheinen
852 2215 947 2275 seiner
986 2213 1081 2273 letzten
1130 2213 1268 2273 Novelle:
1302 2212 1426 2272 „Flucht
1460 2208 1483 2268 in
1527 2207 1569 2267 die

435 2257 620 2317 Finsternis"
662 2257 712 2317 (S.
743 2255 854 2315 Fischer
894 2255 1020 2315 Verlag,
1051 2252 1182 2312 Berlin)
1213 2254 1248 2314 ist
1279 2252 1379 2312 Artur
1416 2249 1571 2309 Schnitzler

436 2299 455 2359 in
489 2297 570 2357 Wien
604 2295 685 2355 einem
724 2294 940 2354 Schlaganfall
965 2294 1099 2354 erlegen.
1128 2291 1233 2351 Flucht
1263 2291 1286 2351 in
1320 2291 1363 2351 die
1392 2287 1574 2347 Finsternis:

436 2334 488 2394 das
532 2335 632 2395 ewige
667 2333 776 2393 Thema
820 2333 1021 2393 Schnitzlers,
1065 2333 1112 2393 die
1162 2330 1266 2390 Flucht
1310 2327 1358 2387 des
1411 2327 1564 2387 alternden

436 2376 584 2436 Menschen
619 2374 671 2434 vor
706 2373 758 2433 dem
807 2371 932 2431 Altern,
961 2372 1013 2432 das
1048 2371 1182 2431 weniger
1216 2369 1336 2429 tragisch
1375 2365 1418 2425 als
1457 2368 1572 2428 traurig

434 2418 478 2478 ist,
518 2416 591 2476 wird
641 2413 704 2473 hier
744 2413 798 2473 zum
848 2413 1024 2473 letztenmal
1064 2410 1123 2470 mit
1158 2409 1241 2469 einer
1276 2407 1335 2467 fast
1365 2407 1575 2467 wissenschaft¬

437 2455 521 2515 lichen
557 2455 707 2515 Präzision
738 2454 913 2514 dargestellt
939 2452 963 2512 in
994 2452 1044 2512 der
1070 2450 1245 2510 Erzählung
1276 2448 1330 2508 von
1361 2447 1411 2507 dem
1451 2449 1576 2509 Hofrat,

435 2498 486 2558 der
519 2497 565 2557 sich
603 2495 696 2555 seinem
748 2494 896 2554 Schicksal
929 2492 1125 2552 unterwirft,
1149 2490 1236 2550 indem
1283 2488 1315 2548 er
1349 2488 1395 2548 ihm
1442 2488 1474 2548 zu
1512 2486 1576 2546 ent¬

436 2538 524 2598 gehen
564 2535 658 2595 sucht.
693 2535 795 2595 Flucht
831 2532 855 2592 in
895 2533 943 2593 die
973 2532 1165 2592 Finsternis:
1195 2530 1225 2590 es
1260 2530 1299 2590 ist
1329 2527 1377 2587 das
1418 2529 1496 2589 Ziel,
1526 2527 1575 2587 das

431 2576 468 2636 am
522 2576 602 2636 Ende
646 2574 698 2634 des
742 2573 895 2633 einsamen
938 2572 1043 2632 Weges
1077 2571 1167 2631 steht,
1206 2568 1258 2628 den
1302 2567 1459 2627 Schnitzler
1503 2565 1569 2625 stets

436 2618 584 2678 gegangen
642 2616 689 2676 ist.
743 2613 804 2673 Der
853 2613 986 2673 einsame
1035 2610 1107 2670 Weg
1160 2610 1207 2670 des
1265 2607 1566 2667 impressionistischen

434 2657 606 2717 Menschen,
637 2655 685 2715 der
720 2654 764 2714 sich
804 2652 873 2712 nach
908 2652 961 2712 den
1001 2652 1139 2712 Stunden
1184 2649 1233 2709 des
1268 2649 1421 2709 Genusses
1456 2647 1578 2707 zurück¬

442 2697 539 2757 sehnt,
561 2697 636 2757 ohne
663 2697 700 2757 sie
728 2695 953 2755 aufzufangen,
976 2694 1050 2754 ohne
1078 2694 1110 2754 sie
1143 2691 1239 2751 halten
1277 2689 1304 2749 zu
1337 2688 1573 2748 können......

472 2753 633 2813 Schnitzler
664 2752 697 2812 ist
727 2751 776 2811 der
806 2751 874 2811 früh
909 2750 1046 2810 gereifte,
1071 2750 1154 2810 zarte
1184 2748 1243 2808 und
1278 2747 1415 2807 traurige
1445 2744 1581 2804 Wiener,

436 2795 494 2855 wie
526 2795 575 2855 ihn
617 2794 662 2854 ein
703 2792 830 2852 anderer
871 2792 980 2852 großer
1017 2790 1157 2850 Wiener,
1189 2788 1275 2848 Hugo
1312 2786 1347 2846 v.
1375 2786 1579 2846 Hoffmanns¬

436 2837 512 2897 thal,
537 2834 781 2894 charakterisiert
810 2832 877 2892 hat.
911 2831 1093 2891 Schnitzlers
1127 2828 1241 2888 Drama
1275 2828 1380 2888 wächst
1410 2825 1486 2885 nicht
1520 2825 1572 2885 aus

433 2875 485 2935 der
519 2873 748 2933 kämpferischen
791 2873 924 2933 Haltung
963 2870 1010 2930 der
1049 2870 1202 2930 Menschen
1240 2867 1364 2927 hervor,
1393 2867 1460 2927 auch
1498 2865 1574 2925 nicht

430 2915 488 2975 aus
525 2914 670 2974 seelischer
707 2912 838 2972 Tragik,
865 2910 992 2970 sondern
1029 2910 1083 2970 aus
1119 2909 1169 2969 der
1206 2906 1400 2966 Stimmung,
1432 2906 1486 2966 aus
1523 2906 1572 2966 der

435 2953 565 3013 müden,
598 2950 738 3010 weichen,
771 2950 1027 3010 melancholischen
1070 2948 1251 3008 Stimmung
1289 2947 1339 3007 des
1382 2944 1568 3004 kaiserlichen

436 2995 539 3055 Wien.
594 2991 667 3051 Man
722 2992 835 3052 könnte
884 2989 1052 3049 Schnitzler
1101 2989 1253 3049 vielleicht
1299 2985 1431 3045 insofern
1486 2983 1569 3043 einen

436 3034 641 3094 Naturalisten
680 3031 818 3091 nennen,
848 3031 895 3091 als
929 3031 962 3091 er
1001 3030 1106 3090 weitab
1145 3028 1197 3088 von
1240 3027 1292 3087 dem
1346 3025 1503 3085 Wunsche,
1532 3024 1575 3084 die

444 3073 592 3133 Menschen
635 3072 664 3132 zu
707 3071 821 3131 bessern
865 3070 922 3130 und
966 3070 998 3130 zu
1042 3070 1209 3130 erwecken,
1243 3067 1300 3127 nur
1339 3064 1472 3124 objektiv
1516 3064 1568 3124 sein

441 3115 519 3175 will,
562 3112 794 3172 registrierend,
832 3109 915 3169 nicht
953 3109 1110 3169 Tatsachen
1167 3109 1292 3169 sondern
1344 3106 1576 3166 Stimmungen.

436 3153 555 3213 Gerade
589 3153 612 3213 in
646 3152 737 3212 dieser
766 3150 899 3210 Hinsicht
925 3147 962 3207 ist
987 3148 1062 3208 seine
1092 3149 1173 3209 letzte
1202 3146 1321 3206 Novelle
1351 3144 1417 3204 auch
1447 3144 1475 3204 im
1518 3142 1580 3202 Stil

436 3194 486 3254 der
515 3192 761 3252 vollkommenste
790 3189 943 3249 Ausdruck
981 3189 1074 3249 seiner
1102 3188 1298 3248 dichterischen
1331 3185 1582 3245 Persönlichkeit.

435 3234 500 3294 Das
533 3234 570 3294 ist
598 3231 649 3291 der
677 3231 854 3291 Schnitzler,
882 3231 933 3291 dem
980 3229 1007 3289 es
1045 3230 1096 3290 auf
1129 3228 1180 3288 das
1213 3228 1380 3288 Einfangen
1418 3225 1473 3285 fast
1506 3225 1580 3285 nicht

435 3272 706 3332 wahrnehmbarer
752 3270 896 3330 Nuancen
947 3270 1123 3330 ankommt.
1173 3267 1236 3327 Mit
1277 3267 1340 3327 sehr
1390 3266 1562 3326 skeptischem

440 3314 561 3374 Lächeln
594 3313 668 3373 sieht
696 3311 854 3371 Schnitzler
887 3310 938 3370 dem
985 3309 1110 3369 Treiben
1148 3306 1240 3366 seiner
1273 3306 1422 3366 „Helden“
1450 3306 1501 3366 zu,
1525 3305 1570 3365 den

441 3353 540 3413 ebenso
582 3351 777 3411 skeptischen,
809 3350 918 3410 ebenso
955 3347 1082 3407 müden,
1115 3347 1219 3407 ebenso
1260 3347 1442 3407 ironischen,
1474 3344 1574 3404 ebenso

438 3392 596 3452 eleganten
641 3391 697 3451 und
734 3389 901 3449 gebildeten
945 3388 1122 3448 Vertretern
1166 3386 1214 3446 der
1254 3386 1373 3446 Wiener
1414 3385 1572 3445 „goldenen

441 3434 595 3494 Jugend“,
632 3431 730 3491 diesen
773 3429 1001 3489 Lebemännern
1054 3428 1133 3488 ohne
1171 3427 1376 3487 Leidenschaft
1423 3425 1478 3485 und
1521 3425 1581 3485 voll

439 3473 582 3533 kohetter
616 3472 825 3532 Schwermut.
859 3470 1026 3530 Schnitzler
1060 3470 1117 3530 hat
1146 3470 1198 3530 den
1241 3467 1322 3527 „Ruf
1356 3464 1408 3524 des
1442 3464 1575 3524 Lebens“

441 3518 459 3578 in
502 3514 664 3574 Wahrheit
702 3512 763 3572 nur
805 3511 899 3571 selten
946 3509 1160 3569 vernommen,
1198 3507 1226 3567 es
1273 3506 1310 3566 ist
1343 3505 1390 3565 ihm
1441 3504 1497 3564 nur
1535 3504 1572 3564 ein

447 3552 731 3612 „Zwischenspiel“,
771 3549 824 3609 das
874 3549 922 3609 die
962 3548 1030 3608 Zeit
1075 3547 1133 3607 von
1183 3546 1237 3606 der
1276 3544 1398 3604 Geburt
1433 3544 1477 3604 bis
1516 3543 1565 3603 zum

436 3592 564 3652 Sterben
599 3592 742 3652 ausfüllt.
772 3589 811 3649 Es
841 3589 875 3649 ist
900 3589 959 3649 fast
979 3589 1279 3649 selbstverständlich,
1300 3586 1353 3646 daß
1383 3585 1477 3645 dieser
1507 3583 1580 3643 Poet

444 3634 550 3694 gerade
598 3632 620 3692 in
672 3631 723 3691 der
766 3631 961 3691 Darstellung
1008 3629 1059 3689 des
1097 3628 1194 3688 Todes
1242 3626 1302 3686 und
1349 3625 1377 3685 in
1424 3625 1475 3685 der
1512 3623 1582 3683 Ver¬

450 3674 645 3734 schwisterung
688 3670 744 3730 von
791 3670 879 3730 Liebe
926 3670 982 3730 und
1029 3670 1089 3730 Tod
1132 3667 1178 3727 die
1221 3668 1323 3728 feinste
1366 3664 1454 3724 Hand
1496 3665 1589 3725 zeigt.

441 3715 567 3775 Immer
594 3712 666 3772 wird
699 3712 761 3772 man
798 3712 843 3772 sich
876 3712 907 3772 an
944 3709 1038 3769 seiner
1066 3709 1306 3769 Seelenanalyse
1338 3705 1392 3765 und
1419 3704 1455 3764 an
1492 3705 1582 3765 seiner

436 3754 590 3814 virtuosen
638 3751 801 3811 Fähigkeit
844 3750 1002 3810 erfreuen,
1036 3747 1087 3807 den
1130 3747 1242 3807 Dialog
1284 3745 1312 3805 zu
1364 3744 1490 3804 führen,
1523 3743 1579 3803 aus

445 3795 575 3855 heiterer
604 3792 887 3852 Nachdenklichkeit
915 3791 1026 3851 heraus
1059 3789 1105 3849 die
1134 3789 1245 3849 Tragik
1283 3789 1310 3849 zu
1343 3786 1510 3846 streicheln,
1534 3785 1566 3845 um

443 3834 524 3894 dann
579 3834 637 3894 mit
688 3831 768 3891 einem
837 3831 999 3891 wehmütig
1059 3828 1226 3888 lächelnden
1281 3827 1488 3887 Fragezeichen
1548 3825 1579 3885 zu

448 3873 606 3933 schließen,
625 3874 722 3934 hinter
756 3873 802 3933 dem
849 3870 904 3930 nur
933 3870 1007 3930 allzu
1045 3870 1087 3930 oft
1115 3867 1180 3927 eine
1204 3867 1483 3927 Sentimentalität
1507 3867 1590 3927 steht,

442 3916 488 3976 die
530 3917 628 3977 weder
660 3917 826 3977 menschlich
868 3913 935 3973 noch
972 3913 1159 3973 künstlerisch
1195 3912 1268 3972 groß
1305 3909 1351 3969 ist.

1448 330 1568 390 box
1653 330 1827 390 43/3

1679 1819 1744 1879 „Ich
1772 1814 1877 1874 fühle,
1900 1813 2020 1873 wieviel
2054 1813 2109 1873 mir
2143 1813 2369 1873 verlorengeht,
2397 1813 2479 1873 wenn
2513 1815 2551 1875 ich
2585 1816 2656 1876 mich
2695 1816 2772 1876 eines

1641 1854 1734 1914 Tages
1769 1854 1842 1914 stark
1877 1853 2004 1913 fände",
2024 1854 2092 1914 sagt
2122 1852 2175 1912 sein
2210 1855 2342 1915 Anatol,
2367 1855 2415 1915 der
2445 1855 2518 1915 Held
2553 1855 2651 1915 seines
2686 1856 2768 1916 ersten

1641 1893 1770 1953 Buches.
1813 1891 1882 1951 Das
1915 1891 1947 1951 ist
1990 1892 2031 1952 ein
2069 1894 2356 1954 Selbstbekenntnis
2399 1894 2449 1954 des
2483 1894 2617 1954 Dichters
2659 1891 2673 1951 —
2738 1894 2761 1954 im

1641 1933 1765 1993 Grunde
1794 1933 1856 1993 sind
1885 1933 1942 1993 alle
1971 1933 2047 1993 seine
2081 1933 2228 1993 Gestalten
2263 1933 2381 1993 Anatol
2406 1933 2472 1993 oder
2506 1933 2687 1993 Verwandte
2721 1933 2773 1993 von

1643 1971 1716 2031 ihm.
1756 1972 1795 2032 Im
1840 1971 1992 2031 Zeitalter
2022 1971 2076 2031 der
2106 1973 2396 2033 Empfindsamkeit,
2421 1972 2474 2032 aus
2510 1971 2558 2031 dem
2608 1973 2657 2033 der
2687 1973 2780 2033 junge

1641 2011 1755 2071 Goethe
1784 2010 2061 2070 hervorgewachsen
2099 2013 2147 2073 ist,
2171 2011 2218 2071 gab
2252 2010 2280 2070 es
2319 2010 2419 2070 keinen
2453 2010 2596 2070 größeren
2634 2010 2782 2070 Vorwurf

1646 2049 1687 2109 für
1721 2050 1766 2110 den
1804 2049 2018 2109 Schaffenden,
2041 2051 2087 2111 als
2121 2049 2171 2109 daß
2200 2050 2232 2110 er
2260 2049 2301 2109 ein
2334 2051 2478 2111 Virtuose
2502 2049 2641 2109 genannt
2669 2049 2785 2109 wurde.

1643 2091 1804 2151 Schnitzler
1834 2089 1868 2149 ist
1893 2088 1937 2148 ein
1972 2089 2079 2149 solcher
2109 2089 2266 2149 Virtuose,
2287 2091 2379 2151 dessen
2414 2091 2541 2151 Können
2576 2088 2654 2148 nicht
2679 2087 2786 2147 unter¬

1643 2128 1743 2188 schätzt
1767 2130 1882 2190 werden
1911 2129 1993 2189 darf.
2031 2128 2069 2188 Im
2108 2130 2289 2190 Gegenteil!
2324 2128 2390 2188 Den
2419 2130 2582 2190 Stürmern
2616 2128 2668 2188 von
2698 2127 2783 2187 heute

1648 2168 1750 2228 möchte
1783 2168 1852 2228 man
1895 2167 1992 2227 etwas
2026 2166 2081 2226 von
2128 2168 2221 2228 diesem
2273 2168 2510 2228 Schnitzlerschen
2548 2168 2766 2228 Virtuosentum

1644 2207 1814 2267 wünschen,
1845 2207 1909 2267 aber
1941 2206 1975 2266 es
2006 2207 2106 2267 bleibt
2137 2207 2197 2267 hoch
2233 2209 2429 2269 schmerzlich,
2454 2207 2510 2267 daß
2545 2207 2640 2267 dieser
2676 2206 2786 2266 außer¬

1642 2248 1823 2308 ordentliche
1855 2245 1977 2305 Könner
2005 2246 2136 2306 niemals
2168 2246 2263 2306 etwas
2295 2246 2345 2306 von
2381 2246 2472 2306 dieser
2500 2246 2640 2306 Hingabe
2668 2245 2703 2305 an
2740 2243 2780 2303 die

1646 2284 1717 2344 Idee
1761 2284 1808 2344 des
1847 2285 2091 2345 Menschentums
2134 2285 2235 2345 hatte,
2274 2284 2350 2344 ohne
2384 2285 2426 2345 die
2470 2285 2537 2345 auch
2575 2285 2627 2345 das
2676 2285 2780 2345 größte

1648 2324 1765 2384 Können
1797 2324 1866 2384 eben
1902 2324 1956 2384 nur
1989 2324 2111 2384 Können
2144 2324 2253 2384 bleibt.
2294 2323 2375 2383 Aber
2403 2323 2499 2383 etwas
2531 2321 2580 2381 von
2618 2321 2667 2381 der
2695 2320 2785 2380 Emp¬

1649 2364 1845 2424 findsamkeit
1870 2362 1918 2422 des
1954 2360 2002 2420 18.
2032 2363 2262 2423 Jahrhunderts
2292 2362 2380 2422 steckt
2410 2362 2473 2422 doch
2509 2361 2616 2421 gerade
2651 2360 2714 2420 auch
2754 2359 2778 2419 in

1643 2404 1735 2464 diesem
1792 2401 1898 2461 klugen
1950 2401 2071 2461 Wiener
2113 2401 2234 2461 Dichter
2276 2401 2327 2461 des
2374 2401 2588 2461 zwanzigsten.
2644 2399 2779 2459 Goethes

1643 2443 1785 2503 Oronaro
1815 2443 1893 2503 kann
1923 2443 1977 2503 das
2007 2442 2134 2502 geliebte
2159 2440 2237 2500 Weib
2272 2440 2296 2500 in
2326 2440 2380 2500 der
2405 2440 2616 2500 Wirklichkeit
2641 2439 2719 2499 nicht
2744 2437 2787 2497 er¬

1648 2482 1767 2542 tragen,
1791 2482 1910 2542 sondern
1949 2482 2006 2542 nur
2035 2481 2082 2541 die
2111 2482 2298 2542 Vorstellung
2336 2480 2388 2540 von
2422 2481 2484 2541 ihr.
2523 2480 2641 2540 Anatol
2671 2479 2780 2539 möchte

1643 2521 1723 2581 wohl
1753 2522 1872 2582 wissen,
1896 2521 1929 2581 ob
1963 2521 2010 2581 die
2040 2521 2139 2581 kleine
2169 2521 2249 2581 Kora
2283 2520 2326 2580 ihm
2374 2520 2431 2580 treu
2470 2520 2517 2580 ist,
2541 2518 2612 2578 aber
2642 2518 2684 2578 die
2718 2517 2785 2577 ent¬

1654 2562 1811 2622 scheidende
1841 2559 1955 2619 „Frage
1984 2559 2017 2619 an
2055 2558 2107 2618 das
2137 2559 2304 2619 Schicksal“
2338 2559 2456 2619 vermag
2491 2559 2519 2619 er
2548 2556 2609 2616 doch
2643 2558 2724 2618 nicht
2753 2555 2776 2615 zu

1646 2601 1739 2661 stellen
1774 2598 1783 2658 —
1833 2599 1876 2659 die
1907 2598 2073 2658 Meinung,
2099 2598 2142 2658 die
2167 2598 2196 2658 er
2226 2598 2270 2658 sich
2305 2598 2353 2658 von
2388 2598 2432 2658 ihr
2462 2598 2638 2658 geschaffen,
2663 2597 2697 2657 ist
2727 2595 2771 2655 ihm

1648 2640 1863 2700 wesentlicher,
1884 2639 1927 2699 als
1957 2637 2020 2697 jede
2045 2637 2187 2697 mögliche
2212 2637 2388 2697 Wahrheit.
2423 2637 2467 2697 Es
2497 2637 2550 2697 sind
2585 2637 2638 2697 nur
2668 2634 2780 2694 wenige

1648 2679 1833 2739 „Lebendige
1862 2676 2043 2736 Stunden“,
2067 2676 2115 2736 die
2149 2676 2201 2736 uns
2235 2677 2287 2737 der
2316 2676 2516 2736 Dramatiker
2545 2676 2707 2736 Schnitzler
2741 2674 2788 2734 ge¬

1647 2718 1760 2778 schenkt
1790 2718 1858 2778 hat.
1897 2718 2019 2778 Seltsam
2064 2717 2255 2777 überhaupt,
2280 2715 2333 2775 daß
2368 2715 2461 2775 dieser
2491 2714 2647 2774 Schnitzler
2682 2713 2706 2773 so
2741 2712 2784 2772 oft

1647 2760 1696 2820 zum
1747 2756 1859 2816 Drama
1891 2754 2040 2814 getrieben
2081 2753 2198 2813 wurde.
2245 2753 2303 2813 Der
2340 2753 2452 2813 Mensch
2489 2753 2565 2813 kann
2602 2752 2692 2812 nichts
2729 2749 2778 2809 tun

1649 2798 1730 2858 gegen
1764 2795 1821 2855 sein
1850 2795 2017 2855 Schicksal:
2036 2795 2088 2855 das
2122 2795 2155 2855 ist
2180 2795 2232 2855 sein
2266 2795 2361 2855 Kredo
2390 2792 2447 2852 und
2481 2792 2537 2852 wer
2562 2792 2657 2852 dieses
2686 2790 2781 2850 Kredo

1643 2834 1705 2894 hat,
1730 2834 1796 2894 muß
1840 2834 1883 2894 ein
1917 2834 2012 2894 Kleist
2042 2834 2118 2894 sein,
2152 2834 2185 2894 um
2229 2834 2262 2894 es
2301 2834 2478 2894 dramatisch
2507 2833 2704 2893 ermöglichen
2752 2829 2776 2889 zu

1648 2876 1786 2936 können.
1820 2874 1862 2934 In
1901 2873 2063 2933 Wahrheit
2102 2872 2159 2932 sind
2198 2873 2374 2933 Schnitzlers
2413 2870 2685 2930 Bühnenarbeiten
2729 2870 2785 2930 und

1648 2916 1754 2976 gerade
1783 2914 1825 2974 die
1853 2912 2086 2972 bekanntesten,
2109 2912 2161 2972 nur
2189 2912 2394 2972 dialogisierte
2422 2912 2580 2972 Novellen.
2600 2909 2707 2969 Gewiß
2740 2909 2790 2969 hat

1643 2953 1675 3013 er
1703 2955 1749 3015 sich
1782 2953 1806 3013 in
1843 2950 1936 3010 seiner
1969 2950 2090 3010 Jugend
2123 2950 2188 3010 auch
2221 2952 2347 3012 sozialen
2385 2949 2561 3009 Problemen
2599 2947 2790 3007 zugewandt,

1648 2994 1671 3054 im
1720 2992 1901 3052 „Freiwild“
1935 2989 1992 3049 und
2027 2989 2055 3049 im
2103 2990 2370 3050 „Vermächtnis“.
2415 2988 2495 3048 Aber
2529 2988 2591 3048 was
2625 2988 2787 3048 Schnitzler

1647 3035 1703 3095 zur
1727 3031 1899 3091 Duellfrage
1927 3028 1983 3088 und
2012 3030 2062 3090 zur
2091 3028 2184 3088 Frage
2213 3028 2259 3088 der
2282 3028 2469 3088 unehelichen
2502 3028 2618 3088 Mütter
2643 3028 2670 3088 zu
2703 3025 2786 3085 sagen

1647 3073 1714 3133 hat,
1747 3070 1800 3130 das
1833 3070 2017 3130 interessiert
2059 3067 2117 3127 uns
2154 3068 2239 3128 heute
2280 3067 2357 3127 nicht
2389 3068 2483 3128 mehr.
2529 3067 2632 3127 Selbst
2665 3064 2705 3124 ein
2751 3064 2777 3124 in

1648 3112 1782 3172 mancher
1820 3108 1955 3168 Hinsicht
1993 3109 2207 3169 interessantes
2250 3106 2333 3166 Werk
2380 3106 2436 3166 wie
2479 3106 2651 3166 „Professor
2693 3103 2790 3163 Bern¬

1648 3148 1767 3208 hardi“,
1796 3147 1848 3207 das
1883 3147 2025 3207 religiöse
2059 3145 2117 3205 und
2156 3147 2347 3207 Rassefragen
2386 3144 2562 3204 behandelt,
2592 3144 2629 3204 ist
2659 3144 2720 3204 viel
2754 3142 2782 3202 zu

1651 3190 1712 3250 sehr
1742 3188 1941 3248 Abhandlung
1970 3186 2022 3246 und
2052 3186 2242 3246 Feuilleton,
2262 3186 2295 3246 um
2338 3184 2380 3244 als
2410 3184 2586 3244 Kunstwerk
2615 3183 2786 3243 gewürdigt

1650 3230 1678 3290 zu
1711 3228 1845 3288 werden.
1883 3223 1933 3283 Wo
1966 3226 2125 3286 Schnitzler
2153 3225 2241 3285 nichts
2269 3225 2315 3285 als
2344 3224 2469 3284 Theater
2497 3222 2585 3282 geben
2618 3222 2697 3282 will,
2716 3219 2780 3279 muß

1649 3267 1676 3327 es
1708 3267 1753 3327 ihm
1803 3267 1857 3327 aus
1889 3264 2039 3324 innerster
2071 3264 2170 3324 Natur
2202 3264 2388 3324 mißlingen.
2429 3261 2524 3321 Seine
2561 3260 2787 3320 Journalisten¬

1654 3306 1787 3366 komödie
1817 3306 1907 3366 „Fink
1946 3303 1999 3363 und
2033 3303 2258 3363 Fliederbusch“
2287 3300 2449 3360 versandet
2474 3300 2498 3360 im
2541 3300 2713 3360 Schwank,
2738 3300 2785 3360 der

1654 3347 1757 3407 Ansatz
1782 3345 1835 3405 zum
1875 3339 1982 3399 großen
2017 3342 2163 3402 Lustspiel
2188 3341 2261 3401 wird
2291 3341 2447 3401 schließlich
2482 3339 2531 3399 zur
2561 3338 2756 3398 Albernheit.

1683 3382 1755 3442 Was
1783 3382 1814 3442 an
1846 3383 2009 3443 Schnitzler
2037 3380 2145 3440 dauern
2177 3382 2267 3442 wird,
2290 3383 2349 3443 sind
2381 3380 2476 3440 einige
2503 3378 2598 3438 seiner
2626 3377 2784 3437 Novellen.

1651 3422 1698 3482 Die
1737 3422 1861 3482 Novelle
1900 3422 2143 3482 „Sterben"“,
2172 3421 2200 3481 in
2244 3420 2292 3480 der
2330 3421 2488 3481 physisches
2526 3417 2669 3477 Siechtum
2722 3416 2779 3476 und

1651 3464 1794 3524 seelisches
1828 3463 2032 3523 Welkwerden
2069 3461 2148 3521 einer
2181 3461 2264 3521 Liebe
2297 3461 2441 3521 einander
2474 3458 2785 3518 gegenübergestellllt

1647 3503 1782 3563 werden,
1806 3503 1843 3563 ist
1871 3503 1894 3563 in
1932 3503 2011 3563 ihrer
2044 3501 2104 3561 Art
2133 3503 2174 3563 ein
2212 3500 2436 3560 Meisterwerk,
2465 3500 2539 3560 nicht
2572 3497 2702 3557 weniger
2736 3498 2782 3558 als

1652 3544 1824 3604 „Leutnant
1853 3541 1978 3601 Gustl“,
2002 3541 2030 3601 in
2072 3541 2123 3601 der
2156 3540 2230 3600 ohne
2268 3540 2314 3600 die
2347 3538 2491 3598 geringste
2530 3538 2692 3598 Handlung
2730 3536 2780 3596 das

1648 3584 1741 3644 Leben
1781 3583 1863 3643 eines
1903 3583 2054 3643 Menschen
2099 3581 2276 3641 geschildert
2306 3580 2398 3640 wird,
2428 3580 2477 3640 der
2517 3580 2638 3640 glaubt,
2669 3579 2776 3639 sterben

1652 3629 1681 3689 zu
1712 3623 1841 3683 müssen.

1689 3662 1838 3722 Dennoch:
1870 3661 1962 3721 dieser
1994 3662 2112 3722 Dichter
2144 3661 2195 3721 der
2227 3661 2366 3721 Novelle,
2392 3658 2443 3718 der
2475 3659 2521 3719 sich
2558 3658 2583 3718 im
2630 3658 2779 3718 „Schleier

1647 3703 1698 3763 der
1722 3703 1880 3763 Beatrice“
1913 3703 1969 3763 und
2002 3703 2025 3763 im
2067 3701 2207 3761 „Jungen
2240 3700 2426 3760 Menardus“
2459 3697 2594 3757 tragische
2623 3699 2780 3759 Probleme

1643 3744 1755 3804 gestellt
1793 3742 1858 3802 hat,
1892 3741 1986 3801 denen
2033 3741 2113 3801 seine
2156 3741 2249 3801 Kraft
2287 3738 2367 3798 nicht
2405 3739 2569 3799 gewachsen
2621 3738 2701 3798 war,
2734 3736 2785 3796 hat

1649 3783 1762 3843 einmal
1794 3781 1835 3841 ein
1872 3780 2085 3840 Bühnenwerk
2122 3780 2322 3840 geschrieben,
2346 3777 2372 3837 in
2409 3777 2454 3837 dem
2505 3777 2532 3837 er
2564 3775 2696 3835 wirklich
2732 3775 2777 3835 den

1656 3822 1720 3882 Mut
1758 3822 1818 3882 und
1865 3820 1911 3880 die
1954 3822 2046 3882 Kraft
2089 3820 2158 3880 fand
2200 3821 2256 3881 zur
2289 3819 2419 3879 Tragik.
2461 3816 2526 3876 Das
2563 3816 2651 3876 Stück
2698 3818 2782 3878 heißt

1648 3861 1834 3921 „Liebelei",
1860 3861 1933 3921 aber
1968 3859 1997 3919 es
2037 3860 2140 3920 dürfte
2175 3859 2297 3919 „Liebe“
2337 3857 2460 3917 heißen.
2500 3857 2588 3917 Diese
2623 3855 2789 3915 Christine,

1643 3903 1689 3963 die
1721 3903 1798 3963 einen
1830 3903 1938 3963 jungen
1975 3903 2140 3963 Lebemann
2177 3903 2264 3963 liebt,
2285 3901 2321 3961 ist
2347 3901 2419 3961 nicht
2446 3900 2497 3960 das
2529 3902 2616 3962 „füße
2648 3898 2787 3958 Mädel",

2841 1816 2924 1876 nicht
2951 1816 3001 1876 das
3027 1816 3156 1876 typische
3182 1816 3330 1876 „Verhält

2848 1856 2889 1916 für
2926 1855 2972 1915 die
3005 1855 3140 1915 deutsche
3177 1855 3282 1915 Bühne
3319 1855 3334 1915 e

2845 1895 2894 1955 das
2928 1894 3016 1954 liebt,
3045 1897 3117 1957 nicht
3145 1894 3266 1954 liebelt.
3300 1894 3311 1954 E

2845 1933 2889 1993 ihr
2914 1936 3033 1996 Freund
3064 1933 3102 1993 um
3143 1933 3226 1993 einer
3257 1936 3331 1996 ande

2848 1974 2869 2034 in
2913 1976 2993 2036 ihrer
3027 1974 3216 2034 Schlichtheit
3255 1974 3335 2034 erhal

2848 2014 2993 2074 Fontane,
3020 2013 3066 2073 der
3098 2013 3217 2073 Dichter
3244 2013 3290 2073 der

2845 2055 2939 2115 hätte.
2973 2052 3046 2112 Lene
3079 2055 3224 2115 Nimptsch
3253 2053 3292 2113 ist
3315 2055 3342 2115 di

2843 2091 2902 2151 und
2932 2094 3154 2154 Wirrungen“.
3189 2096 3248 2156 Ihr
3284 2094 3342 2154 Gel

2845 2133 2918 2193 liest,
2946 2133 2998 2193 daß
3036 2133 3110 2193 Lene
3143 2133 3190 2193 sich
3223 2133 3281 2193 mit
3313 2136 3339 2196 ei

2845 2171 2974 2231 „Gideon
3011 2171 3041 2231 ist
3068 2171 3155 2231 besser
3192 2171 3233 2231 als
3264 2171 3341 2231 Both

2848 2213 3019 2273 Schnitzler.
3047 2212 3112 2272 Und
3141 2211 3173 2271 da
3202 2210 3240 2270 ist
3262 2213 3311 2273 der

2848 2252 2967 2312 Wiener
2992 2252 3046 2312 und
3081 2252 3151 2312 allen
3186 2255 3300 2315 denen,

2851 2290 3042 2350 Menschheit,
3069 2291 3148 2351 nicht
3175 2291 3234 2351 nur
3268 2291 3313 2351 des
