3344 4256
485 49 620 109 Wg

477 145 894 205 Hietzing

601 285 1078 345 eröffnet!

455 346 528 406 Man
559 347 627 407 muß
658 349 684 409 es
706 350 822 410 gesehen
853 350 943 410 haben

448 410 574 470 Musik:

371 491 631 551 DieBesten
665 491 711 551 von
745 488 791 548 der
825 491 1032 551 Kobenzl-Bar

782 549 875 609 Hans
901 550 1029 610 Hübner

324 679 614 739 Arthur
666 681 1101 741 Schnitzler

331 777 475 837 und
555 779 677 839 die
745 778 1102 838 Zukunft

724 850 870 910 Wien,
889 851 944 911 22.
957 849 1103 909 Oktober

371 906 545 966 Vielleicht
570 909 654 969 wird
685 909 757 969 man
788 911 859 971 jetzt
884 909 1065 969 entdecken,
1090 908 1150 968 wie

283 956 369 1016 weit
398 956 461 1016 uns
497 959 630 1019 Arthur
659 958 861 1018 Schnitzler,
908 957 971 1017 wie
1007 958 1087 1018 weit
1117 957 1150 1017 er

293 1004 390 1064 seiner
420 1007 541 1067 ganzen
576 1007 650 1067 Zeit
674 1007 801 1067 voraus
831 1007 923 1067 war.
941 1009 1004 1069 Dem
1051 1009 1148 1069 allge¬

290 1058 439 1118 meinen,
468 1056 560 1116 nicht
595 1057 658 1117 nur
693 1058 912 1118 literarischen
959 1058 1143 1118 Vorurteil

285 1105 377 1165 nach,
400 1106 499 1166 stellte
528 1106 562 1166 er
592 1106 661 1166 noch
690 1107 806 1167 lebend
841 1109 904 1169 nur
934 1107 1020 1167 mehr
1056 1106 1142 1166 einen

292 1150 683 1210 Vergangenheitswert
707 1153 786 1213 dar,
803 1153 870 1213 eine
894 1154 1058 1214 erlesene,
1076 1152 1148 1212 aber

290 1198 438 1258 morbide
468 1201 676 1261 Köstlichkeit
700 1201 788 1261 jenes
825 1201 972 1261 Geistes,
997 1203 1050 1263 der
1080 1202 1132 1262 dem

285 1250 355 1310 jetzt
391 1249 532 1309 langsam
587 1252 857 1312 untergehenden
900 1252 994 1312 Wien
1042 1252 1141 1312 Mode

284 1298 348 1358 und
376 1298 599 1358 Schlagwort
627 1300 713 1360 war.
736 1300 817 1360 Auch
850 1300 920 1360 dies
948 1300 1008 1360 hat
1035 1300 1138 1360 natür

288 1345 341 1405 lich
371 1347 459 1407 seine
489 1348 701 1408 Richtigkeit.
726 1347 766 1407 Es
803 1347 861 1407 hat
891 1347 973 1407 seine
1003 1348 1150 1408 Richtig¬

282 1395 361 1455 keit,
401 1398 463 1458 daß
497 1396 627 1456 Arthur
656 1396 837 1456 Schnitzler
871 1398 922 1458 die
951 1398 1142 1458 leichtfertig

286 1446 551 1506 melancholische
581 1446 702 1506 Erotik
732 1446 824 1506 jener
860 1448 951 1508 Tage
987 1446 1050 1506 wie
1080 1445 1143 1505 kein

282 1494 427 1554 anderer
460 1494 648 1554 besungen,
676 1495 740 1555 und
779 1494 837 1554 daß
876 1496 908 1556 er
946 1496 994 1556 die
1033 1494 1145 1554 kokette

281 1544 513 1604 Selbstkronie
541 1544 605 1604 und
643 1544 691 1604 die
725 1542 946 1602 lebensmüde
1001 1541 1130 1601 Lebens

280 1591 374 1651 kunst
398 1592 493 1652 jener
523 1592 741 1652 Gesellschaft
766 1592 831 1652 wie
884 1593 949 1653 kein
1003 1592 1150 1652 anderer

288 1638 498 1698 durchschaut
521 1640 594 1700 hat.

364 1697 524 1757 Dennoch
552 1700 680 1760 stimmt
703 1699 763 1759 das
797 1699 879 1759 nicht
903 1700 1007 1760 ganz,
1024 1700 1090 1760 wie
1119 1700 1146 1760 ja

279 1746 356 1806 auch
412 1747 466 1807 die
544 1749 836 1809 lebenslängliche
886 1747 1029 1807 Etikette
1085 1748 1140 1808 des

279 1798 441 1858 „Juden“
474 1796 658 1856 Schnitzler
691 1798 842 1858 niemals
875 1798 961 1858 ganz
995 1798 1151 1858 stimmte.

266 1844 406 1904 AArthur
440 1846 647 1906 Schnitzlers
681 1846 843 1906 jüdisches
877 1846 971 1906 Blut
1000 1846 1061 1906 hat
1090 1845 1139 1905 ihn

279 1893 365 1953 nich:
393 1894 592 1954 gehindert,
615 1895 674 1955 der
723 1896 961 1956 kultivierteste
1016 1894 1151 1954 Oester¬

279 1944 419 2004 reicher,
460 1944 521 2004 der
550 1944 645 2004 beste,
691 1942 775 2002 weil
821 1944 1143 2004 leidenschaftlichste

283 1992 415 2052 Wiener
447 1992 510 2052 und
547 1992 589 2052 ein
626 1992 811 2052 führender
843 1992 906 2052 und
938 1992 1144 2052 vollendeter

274 2040 340 2100 Typ
380 2040 435 2100 des
491 2040 658 2100 deutschen
715 2042 848 2102 Geistes
904 2040 937 2100 zu
994 2040 1127 2100 werden

276 2090 432 2150 Gerhart
460 2090 681 2150 Hauptmann
741 2090 816 2150 war
844 2090 903 2150 es,
947 2090 1000 2150 der
1055 2088 1141 2148 seine

277 2138 403 2198 Grazie
437 2138 508 2198 eine
558 2138 708 2198 deutsche
758 2139 885 2199 Grazie
919 2138 1046 2198 nannte
1079 2135 1140 2195 und

281 2189 349 2249 wer
376 2189 460 2249 etwa
492 2188 565 2248 nach
598 2188 745 2248 hundert
772 2189 903 2249 Jahren
956 2189 1030 2249 nach
1088 2185 1140 2245 der

279 2237 478 2297 besonderen
517 2237 657 2297 Wiener
684 2237 917 2297 Atmosphäre
966 2237 1025 2297 der
1058 2234 1128 2294 Vor

274 2287 461 2347 kriegszeit
490 2284 598 2344 suchen
638 2284 769 2344 wollte,
798 2284 831 2344 er
872 2284 951 2344 wird
991 2284 1031 2344 sie
1065 2284 1133 2344 viel

274 2335 368 2395 leicht
391 2335 452 2395 nur
481 2335 502 2395 in
536 2335 591 2395 den
620 2335 776 2395 anmutig
804 2334 982 2394 tragischen
1011 2333 1144 2393 Liebes¬

279 2383 413 2443 bramen
446 2383 646 2443 Schnitzlers
680 2383 815 2443 finden.
837 2383 918 2443 Man
951 2383 1037 2443 wird
1065 2383 1145 2443 aber

280 2434 308 2494 zu
343 2434 442 2494 jener
471 2431 546 2491 Zeit
576 2431 663 2491 dann
715 2433 796 2493 auch
849 2431 1035 2491 seststellen,
1082 2431 1144 2491 daß

280 2481 458 2541 Schnitzler
487 2481 579 2541 ganz
608 2481 677 2541 und
712 2482 775 2542 gar
805 2481 908 2541 nicht,
931 2479 994 2539 wie
1029 2480 1058 2540 er
1093 2478 1127 2538 of

274 2532 307 2592 zu
341 2532 434 2592 hören
468 2529 595 2589 bekam,
618 2530 678 2590 nur
707 2529 767 2589 das
795 2530 994 2590 Bürgertum
1039 2527 1144 2587 dieser

272 2580 367 2640 Zeit,
396 2579 465 2639 nur
499 2580 606 2640 dessen
653 2578 926 2638 liebenswürdig
966 2577 1142 2637 überlebte

275 2628 390 2688 Erotik
425 2630 489 2690 und
525 2630 762 2690 selbstgefällig
815 2628 1134 2688 willensschwachen

276 2675 469 2735 Lebensstil
495 2677 695 2737 geschildert
726 2674 798 2734 hat.

361 2726 434 2786 Das
463 2725 593 2785 stimmt
616 2723 758 2783 nämlich
792 2726 916 2786 wieder
945 2723 1041 2783 nicht.
1064 2723 1143 2783 Wer

279 2774 327 2834 sich
360 2774 462 2834 genau
495 2774 667 2834 erinnert,
690 2774 840 2834 erinnert
868 2774 916 2834 sich
966 2774 1041 2834 auch
1095 2774 1133 2834 an

272 2824 446 2884 Leutnant
476 2822 594 2882 Gustls
651 2822 792 2882 damals
850 2822 883 2882 so
940 2822 1143 2882 gefährliche

272 2870 408 2930 Worte:
431 2872 578 2932 „Warum
630 2869 675 2929 bin
711 2872 750 2932 ich
779 2872 926 2932 Offizier
956 2869 1137 2929 geworden

283 2921 357 2981 ...
384 2920 462 2980 weil
489 2920 563 2980 man
601 2920 674 2980 mich
706 2920 770 2980 aus
808 2920 860 2980 dem
908 2920 1124 2980 Gymnasium

277 2971 615 3031 hinausgeschmissen
649 2970 737 3030 hat."
760 2971 843 3031 Hier
866 2968 926 3028 und
960 2968 1038 3028 etwa
1072 2968 1143 3028 noch

277 3019 304 3079 im
354 3019 564 3079 „Freiwild"
598 3018 675 3078 oder
708 3019 735 3079 im
786 3019 1018 3079 „Gemeinen“
1052 3017 1145 3077 blitzt

271 3066 315 3126 ein
355 3066 561 3126 souveräner
595 3066 662 3126 und
696 3068 835 3128 zugleich
875 3066 941 3126 sehr
976 3066 1142 3126 sachlicher

275 3118 365 3178 Hohn
423 3116 501 3176 auf,
542 3114 604 3174 vor
650 3117 707 3177 dem
776 3117 826 3177 sich
878 3117 940 3177 das
986 3117 1145 3177 üppigste

277 3165 409 3225 Pathos
443 3165 630 3225 sämtlicher
658 3165 918 3225 nachfahrenden
952 3168 1134 3228 Pazifisten

271 3213 471 3273 verkriechen
531 3213 634 3273 kann.
699 3215 824 3275 Dieser
878 3214 1149 3274 Antimilitarist

270 3263 450 3323 Schnitzler
483 3261 557 3321 war
584 3261 642 3321 der
669 3261 759 3321 Welt
802 3263 844 3323 um
908 3263 982 3323 drei
1030 3263 1125 3323 Jahr

273 3311 389 3371 zehnt=
416 3311 542 3371 voraus
580 3311 643 3371 und
675 3311 706 3371 er
733 3312 791 3372 hat
818 3311 886 3371 auch
939 3311 992 3371 die
1019 3311 1124 3371 höchst

270 3360 530 3420 Auszeichnung
589 3362 811 3422 empfangen,
876 3362 928 3422 die
982 3362 1030 3422 sich
1088 3358 1135 3418 ein

273 3413 529 3473 Kriegsgegner
565 3407 700 3467 damals
737 3409 902 3469 wünschen
943 3412 1079 3472 konnte,
1110 3410 1139 3470 er

273 3457 391 3517 wurde
423 3457 530 3517 seines
567 3457 1005 3517 Reserveoffiziersranges
1068 3456 1145 3516 ver¬

274 3504 373 3564 lustia
401 3505 544 3565 erklärt.

353 3550 448 3610 Aber
490 3553 564 3613 auch
617 3550 669 3610 der
697 3553 850 3613 Erotiker
877 3554 1056 3614 Schnitzler
1099 3553 1140 3613 ist

269 3601 478 3661 keineswegs
507 3601 568 3661 nur
597 3600 653 3660 der
682 3601 959 3661 schwärmerische
982 3604 1134 3664 Causeur

265 3651 431 3711 gewesen,
457 3650 509 3710 als
541 3649 592 3709 den
629 3648 702 3708 man
739 3649 785 3709 ihn
822 3648 873 3708 ins
905 3651 1139 3711 Bürgerhaus

260 3702 504 3762 schmuggelte.
541 3698 587 3758 Es
640 3699 748 3759 klingt
790 3699 889 3759 heute
916 3699 1050 3759 grotesk
1072 3699 1139 3759 und

261 3750 404 3810 dennoch
453 3747 495 3807 ist
538 3747 569 3807 es
607 3747 804 3807 Geschichte.
848 3749 1028 3809 Geschichte
1077 3750 1135 3810 des

262 3803 393 3863 Geistes
423 3801 488 3861 und
519 3801 572 3861 der
596 3801 738 3861 Kultur,
758 3801 816 3861 daß
847 3801 977 3861 Arthur
996 3801 1132 3861 Schnitz

1351 139 2897 199 SuDZoU

1252 322 1511 382 Große
1578 323 2126 383 Budgelrede
2193 327 2323 387 des
2390 337 3160 397 Bundeskanzlers

1217 443 1541 503 fassung
1614 440 1818 500 aller
1892 438 2192 498 Kraste
2254 444 2385 504 zur
2446 449 3072 509 Verteidigung
3146 451 3265 511 der

1283 551 1565 611 Bundeskanzler
1638 550 1709 610 Dr.
1749 550 1947 610 Buresch
2003 553 2064 613 hat
2109 554 2163 614 der
2214 559 2396 619 Hoffnung
2452 559 2640 619 Ausdruck,
2685 563 2745 623 daß
2801 565 2856 625 sich
2912 565 2967 625 der

3090 563 3192 623 Diese
3217 562 3325 622 Kredi

1203 598 1298 658 heute
1323 598 1353 658 im
1399 599 1605 659 Parlament
1630 597 1691 657 das
1722 598 1862 658 Budget
1888 599 1952 659 mit
1978 601 2068 661 einer

2105 604 2414 664 herrschende
2471 607 2831 667 Pessimismus
2909 613 2969 673 als

3014 609 3067 669 oft
3089 610 3316 670 unproduktiv

1195 647 1600 707 Regierungserklärung
1653 646 1891 706 einbegleitet.
1939 649 2068 709 Doktor

2104 652 2449 712 unberechtigt
2496 653 2650 713 erweisen
2708 658 2836 718 werde.
2904 661 2975 721 Auf

3014 660 3078 720 sind
3150 663 3320 723 kurzfr

1195 694 1335 754 Buresch
1372 697 1522 757 entwarf
1554 695 1600 755 ein
1637 694 1715 754 Bild
1752 695 1808 755 der
1840 697 2068 757 gegenwärti¬

2110 700 2277 760 Perioden
2315 703 2634 763 ungünstiger
2661 709 2969 769 Konjunktur

3017 709 3173 769 fristig
3247 709 3331 769 weit

1200 750 1252 810 gen
1290 744 1379 804 Lage
1412 744 1654 804 Oesterreichs,
1697 741 1765 801 wie
1797 743 1834 803 sie
1866 744 1961 804 durch
2014 747 2066 807 die

2117 750 2190 810 seien
2228 750 2343 810 immer
2376 750 2502 810 wieder
2529 751 2623 811 solche
2656 753 2745 813 einer
2793 756 2961 816 günstigen

3019 756 3113 816 geben
3147 756 3196 816 die
3225 756 3330 816 Gläul

1196 793 1777 853 Weltwirtschaftskrise
1828 792 1888 852 und
1928 793 1983 853 die
2022 795 2055 855 be

2109 798 2322 858 Konjunktur
2355 800 2504 860 gefolgt,
2532 800 2601 860 dies
2639 801 2750 861 werde
2783 802 2852 862 auch
2890 804 2958 864 dies

3016 804 3220 864 Kredite
3243 807 3332 867 mehr

1196 843 1355 903 sonderen
1395 840 1800 900 österreichischen
1839 844 2055 904 Verhält

2113 847 2184 907 mal
2212 846 2266 906 der
2295 848 2377 908 Fall
2422 849 2510 909 sein.
2555 847 2598 907 Es
2632 850 2721 910 gelte
2771 852 2853 912 nur,
2898 852 2969 912 die

3019 854 3207 914 gewährten
3238 855 3308 915 zurü

1196 893 1322 953 nisse
1362 891 1500 951 gegeben
1545 891 1716 951 erscheint.
1744 891 1788 951 Er
1822 894 2071 954 kennzeichnete

2108 897 2289 957 Nerven
2330 899 2369 959 zu
2410 900 2638 960 behalten
2695 898 2764 958 und
2821 900 2900 960 alles
2935 901 2969 961 zu

3015 903 3288 963 Börsenkra

1200 938 1247 998 die
1280 941 1465 1001 Situation
1503 938 1555 998 als
1609 940 1715 1000 ernst,
1763 941 1843 1001 aber
1896 941 2065 1001 durchaus

2112 946 2187 1006 tun,
2213 945 2250 1005 um
2307 944 2357 1004 die
2389 947 2603 1007 Wiederkehr
2635 947 2779 1007 besserer
2811 950 2974 1010 Verhält¬

3017 950 3160 1010 Staaten
3197 950 3262 1010 und
3287 952 3304 1012 d

1197 989 1312 1049 nicht
1347 989 1747 1049 hoffnungslos.
1770 990 1967 1050 Unbedingt
1996 991 2053 1051 not

2112 994 2197 1054 nisse
2229 995 2499 1055 vorzubereiten.

3018 998 3156 1058 schreckt,
3176 1001 3238 1061 ang

1196 1039 1332 1099 wendig
1361 1040 1406 1100 sei
1429 1040 1486 1100 es,
1526 1040 1583 1100 die
1612 1040 1667 1100 von
1703 1040 1781 1100 allen
1816 1040 1981 1100 Schichten
2015 1038 2065 1098 ge¬

2203 1042 2267 1102 Das
2301 1045 2398 1105 Haus
2431 1043 2496 1103 trat
2523 1043 2660 1103 hierauf
2687 1043 2712 1103 in
2752 1043 2797 1103 die
2830 1045 2973 1105 Debatte

3018 1050 3245 1110 zuziehen

1202 1088 1363 1148 forderten
1404 1088 1508 1148 Opfer
1538 1089 1566 1149 in
1607 1089 1659 1149 dem
1723 1091 1949 1151 Bewußtsein
2007 1091 2064 1151 auf

2109 1091 2188 1151 über
2220 1091 2274 1151 die
2325 1094 2724 1154 Regierungserklärung
2787 1094 2854 1154 ein.
2904 1093 2965 1153 Als

3024 1096 3098 1156 Teil
3126 1097 3212 1157 der(

1199 1136 1250 1196 sich
1277 1137 1309 1197 zu
1349 1135 1505 1195 nehmen,
1525 1137 1583 1197 daß
1616 1135 1682 1195 nur
1709 1135 1740 1195 so
1787 1137 1897 1197 eine
1924 1135 2066 1195 Kata¬

2108 1137 2205 1197 erster
2229 1138 2360 1198 Redner
2384 1141 2511 1201 ergriff
2529 1141 2597 1201 Dr.
2615 1140 2689 1200 Ottu
2719 1141 2874 1201 Bauer
2904 1141 2961 1201 das
3007 1141 3076 1201 zum
3123 1142 3203 1202 Fäll

1202 1185 1391 1245 strophe
1463 1186 1788 1246 abgewendet
1860 1186 2057 1246 werden

2110 1186 2220 1246 Wort.
2242 1188 2347 1248 Heute
2375 1186 2441 1246 und
2469 1186 2607 1246 morgen
2641 1187 2767 1247 werden
2801 1189 2850 1249 die
2878 1186 2972 1246 Red¬

3019 1189 3165 1249 entstand

1197 1231 1367 1291 könne.

2107 1232 2165 1292 ner
2193 1234 2247 1294 der
2274 1236 2517 1296 verschiedenen
2551 1234 2707 1294 Parteien
2740 1236 2815 1296 auch
2842 1238 2874 1298 zu
2907 1237 2961 1297 den

3060 1241 3107 1301 Zu
3135 1240 3161 1300 sp

2106 1285 2526 1345 wirtschaftlichen
2565 1285 2897 1345 Vorschlägen,
2917 1285 2966 1345 die

3060 1285 3134 1345 kurz

1291 1288 1354 1348 Die
1380 1294 1573 1354 Regierung
1614 1292 1654 1352 ist
1680 1294 1833 1354 bestrebt,
1858 1294 1914 1354 das
1947 1293 2059 1353 Ver¬

2111 1332 2139 1392 in
2168 1332 2220 1392 der
2249 1329 2335 1389 Form
2382 1330 2439 1390 von
2468 1331 2669 1391 dringlichen
2699 1332 2865 1392 Anfragen
2901 1331 2969 1391 ein¬

3059 1334 3133 1394 mus

1191 1338 1364 1398 trauen
1400 1341 1468 1401 nach
1498 1342 1642 1402 außen
1678 1341 1735 1401 und
1764 1341 1793 1401 im
1834 1343 2059 1403 Inland¬

2105 1380 2262 1440 gebracht
2291 1380 2449 1440 wurden,
2472 1378 2630 1438 Stellung
2687 1380 2844 1440 nehmen.
2890 1380 2963 1440 Das

3059 1383 3141 1443 zahl

1198 1389 1322 1449 wieder
1355 1389 1587 1449 herzustellen,
1615 1389 1690 1449 denn
1728 1390 1793 1450 nur
1826 1392 1852 1452 so
1885 1392 1987 1452 könne
2020 1391 2052 1451 es

2105 1428 2319 1488 Parlament
2383 1427 2469 1487 wird
2522 1428 2597 1488 eine
2661 1431 2765 1491 große
2835 1431 2979 1491 Wirt¬

3055 1431 3121 1491 Kre

1196 1440 1373 1500 gelingen,
1427 1437 1479 1497 die
1515 1437 1882 1497 österreichische
1930 1440 2059 1500 Wäh¬

2107 1476 2493 1536 schaftsdebatte
2520 1476 2706 1536 abführen.

1185 1490 1307 1550 rung
1341 1490 1384 1550 zu
1413 1488 1602 1548 schützen
1637 1487 1697 1547 und
1731 1488 1804 1548 eine
1832 1490 1954 1550 bessere
1983 1488 2060 1548 Zeit

2198 1533 2412 1593 Nachstehend
2443 1532 2503 1592 der
2528 1535 2841 1595 Sitzungsbericht:

1195 1536 1506 1596 heraufzuführen.
1559 1534 1628 1594 Der
1669 1536 1946 1596 Bundeskanzler
1987 1538 2050 1598 gab

3015 1694 3218 1754 Regierung

1301 1703 1439 1763 Die
1523 1705 1768 1765 Reor

2335 1704 2845 1764 deskanzlers

3016 1742 3080 1802 das
3113 1741 3208 1801 Ver

1276 1786 1394 1846 Hohes
1425 1787 1548 1847 Haus!
1591 1786 1667 1846 Das
1703 1786 1839 1846 Budget
1887 1788 1946 1848 für
1994 1786 2058 1846 das

2108 1786 2195 1846 über
2223 1786 2275 1846 den
2312 1788 2487 1848 Charakter
2515 1786 2576 1846 der
2594 1789 2885 1849 Schwierigkeiten
2922 1791 2947 1851 im

3018 1791 3059 1851 im
3108 1789 3204 1849 Aus

3018 1840 3059 1900 ist
3087 1840 3134 1900 die
3163 1840 3238 1900 erste

1191 1843 1286 1903 Jahr
1310 1840 1389 1900 1932
1418 1840 1451 1900 ist
1475 1840 1519 1900 ein
1549 1840 1691 1900 Budget
1714 1839 1765 1899 der
1788 1843 2037 1903 Ersparun

2104 1838 2231 1898 Klaren
2262 1840 2346 1900 sein,
2376 1840 2426 1900 die
2455 1840 2519 1900 r
2541 1841 2612 1901 jetzt
2642 1841 2891 1901 durchmachen.

3012 1888 3212 1948 gewicht

1191 1895 1269 1955 gen
1327 1891 1417 1951 und
1475 1891 1952 1951 Einschränkungen.
2010 1893 2060 1953 Es

3016 1936 3137 1996 Darum
3183 1937 3215 1997 dü

2355 1938 2431 1998 Die
2476 1941 2727 2001 Weltkrise

1191 1941 1354 2001 verlangt
1378 1943 1486 2003 Opfer
1526 1941 1594 2001 von
1645 1941 1701 2001 der
1748 1944 1929 2004 ganzen
1981 1941 2065 2001 Be¬

3018 1986 3072 2046 die
3108 1986 3238 2046 notwer

1191 1995 1481 2055 völkerung,
1528 1993 1591 2053 von
1638 1993 1695 2053 den
1731 1995 2056 2055 öffentlichen

2196 1995 2261 2055 Die
2291 1998 2602 2058 herrschende
2640 1998 2891 2058 Weltkrise
2936 2000 2972 2060 ist

3018 2034 3227 2094 Steuerg

1185 2046 1545 2106 Angestellten,
1587 2046 1670 2106 aber
1700 2046 1776 2106 auch
1806 2046 1870 2106 von
1912 2046 2047 2106 allen
2108 2046 2249 2106 dadurch
2279 2047 2491 2107 entstanden,
2527 2049 2592 2109 daß
2646 2049 2716 2109 eine
2764 2051 2970 2111 ungünstige

3016 2082 3231 2142 österreichise

1185 2096 1724 2156 Wirtschaftskreisen.
1766 2096 1866 2156 Diese
1920 2096 2049 2156 werden

2107 2098 2317 2158 Konjunktur
2366 2099 2432 2159 mit
2463 2096 2516 2156 der
2541 2099 2637 2159 Krise
2686 2099 2776 2159 eines
2831 2102 2957 2162 kranken

3018 2132 3221 2192 einstimmig

1190 2146 1276 2206 nicht
1341 2147 1411 2207 nur
1482 2146 1573 2206 durch
1650 2147 1703 2207 die
1769 2147 2055 2207 unvermeidliche

2101 2150 2360 2210 Kreditsystems
2399 2151 2760 2211 zusammengetroffen
2799 2150 2856 2210 ist.
2901 2151 2969 2211 Be¬

3019 2180 3197 2240 Situation

1191 2200 1462 2260 Reduktion
1540 2198 1622 2258 der
1688 2198 2059 2258 Investitions¬

2111 2201 2277 2261 zeichnend
2308 2201 2364 2261 für
2401 2201 2488 2261 diese
2513 2203 2605 2263 Krise
2631 2204 2697 2264 sind
2754 2204 2809 2264 die
2834 2204 2976 2264 Schiffe,

3024 2226 3070 2286 ist.
3090 2228 3162 2288 Wir
3189 2229 3195 2289 m

1185 2252 1428 2312 tätigkeit
1471 2250 1660 2310 getroffen,
1709 2252 1851 2312 sondern
1894 2252 1964 2312 auch
2001 2249 2065 2309 da¬

2108 2250 2178 2310 die,
2214 2252 2303 2312 mit
2339 2252 2463 2312 Gold
2499 2255 2729 2315 beladen,
2771 2254 2824 2314 die
2854 2255 2971 2315 Meer¬

3021 2276 3104 2336 Post
3125 2278 3152 2338 im
3195 2278 3208 2338 L

1190 2302 1306 2362 durch,
1351 2302 1411 2362 daß
1450 2299 1511 2359 wir
1545 2299 1594 2359 die
1628 2300 1716 2360 Lage
1750 2301 1800 2361 der
1834 2302 2049 2362 überlasteten

2106 2303 2341 2363 durchfahren.
2366 2303 2442 2363 Was
2479 2302 2631 2362 bedeutet
2656 2303 2744 2363 das?
2774 2304 2821 2364 Es
2851 2305 2968 2365 bedeu¬

3018 2326 3125 2386 hange
3160 2326 3214 2386 mi

1185 2352 1387 2412 Wirtschaft
1459 2351 1583 2411 nicht
1656 2352 1786 2412 durch
1858 2353 2059 2413 Steuer¬

2103 2354 2170 2414 tet,
2189 2353 2243 2413 daß
2281 2356 2354 2416 die
2380 2356 2848 2416 Gläubigerstaaten
2879 2356 2965 2416 das

3016 2372 3078 2432 der
3106 2374 3195 2434 Vern

1188 2406 1566 2466 ermäßigungen
1601 2404 1883 2464 erleichtern
1917 2403 2041 2463 können

2101 2404 2219 2464 Geld
2258 2407 2647 2467 zurückfordern,
2666 2407 2804 2467 welches
2836 2407 2880 2467 sie
2905 2407 2961 2467 den

3016 2424 3212 2484 unvermeit

1194 2452 1391 2512 Unbedingt
1421 2454 1612 2514 notwendig
1647 2453 1686 2513 ist
1710 2454 1760 2514 es,
1806 2455 1856 2515 die
1885 2455 2054 2515 Ordnung

2107 2458 2420 2518 Schuldnerstaaten
2474 2458 2618 2518 geliehen
2667 2458 2793 2518 haben.
2836 2458 2968 2518 Bisher

3016 2472 3106 2532 nicht
3135 2473 3217 2533 wiel

1193 2505 1219 2565 in
1258 2502 1393 2562 unseren
1431 2505 1605 2565 Finanzen
1643 2505 1789 2565 aufrecht
1822 2507 1854 2567 zu
1893 2505 2066 2565 erhalten;

2106 2505 2206 2565 haben
2242 2508 2288 2568 die
2319 2508 2483 2568 Staaten,
2502 2508 2549 2568 die
2579 2508 2667 2568 mehr
2697 2508 2838 2568 Kapital
2863 2508 2962 2568 haben

3019 2522 3185 2582 setzungg

1193 2556 1270 2616 aber
1298 2555 1347 2615 die
1376 2556 1542 2616 Tätigkeit
1570 2556 1619 2616 der
1648 2556 1841 2616 Regierung
1869 2556 2057 2616 gegenüber

2105 2556 2160 2616 als
2191 2559 2227 2619 sie
2259 2559 2436 2619 brauchen,
2474 2559 2676 2619 jährlich
2720 2562 2965 2622 ungefähr

3017 2571 3089 2631 fort
3111 2571 3204 2631 gezei

1193 2605 1249 2665 der
1278 2607 1435 2667 schweren
1470 2607 1565 2667 Krise
1594 2607 1673 2667 kann
1708 2607 1758 2667 sich
1792 2608 2057 2668 selbstverständ¬

2101 2610 2182 2670 2000
2245 2610 2521 2670 Millionen
2585 2610 2773 2670 Dollar
2849 2612 2967 2672 neue

3024 2619 3138 2679 unsere
3168 2619 3210 2679 Er

1192 2656 1245 2716 lich
1276 2658 1396 2718 nicht
1421 2659 1619 2719 hierauf
1644 2661 1969 2721 beschränken.
1994 2658 2036 2718 Um

2102 2661 2392 2721 öffentliche
2420 2661 2503 2721 und
2538 2661 2738 2721 private
2766 2662 2966 2722 Kredite

3012 2668 3153 2728 wecken.
3201 2667 3212 2727 1

1194 2708 1245 2768 die
1269 2708 1430 2768 Richtung
1465 2710 1494 2770 zu
1524 2708 1702 2768 erkennen,
1726 2708 1749 2768 in
1785 2708 1836 2768 der
1866 2709 1911 2769 sich
1941 2709 2056 2769 unsere

2099 2709 2154 2769 an
2210 2711 2285 2771 die
2335 2711 2548 2771 Staaten
2604 2711 2846 2771 gewährt,
2888 2712 2970 2772 bie

3018 2717 3071 2777 16.
3099 2716 3200 2776 Oktob

1197 2756 1323 2816 Politik
1370 2761 1403 2821 zu
1439 2759 1588 2819 bewegen
1623 2761 1698 2821 hat,
1739 2759 1859 2819 müssen
1894 2760 1963 2820 wir
1987 2761 2049 2821 uns

2110 2762 2307 2822 Mangel
2336 2763 2384 2823 an
2421 2765 2624 2825 Kapital
2647 2765 2844 2825 hatten.

3011 2765 3115 2825 Bank
3145 2766 3204 2826 von

1188 2868 1234 2928 ler
1263 2869 1320 2929 die
1368 2869 1553 2929 illegitime
1583 2869 1680 2929 Liebe
1734 2872 1907 2932 sozusagen
1948 2870 2057 2930 gesell¬

3016 2872 3132 2932 lebens
3177 2872 3198 2932 W

2102 2872 2218 2932 „süße"
2258 2872 2407 2932 Mädchen
2447 2872 2511 2932 aus
2545 2872 2596 2932 dem
2649 2872 2753 2932 Volke
2786 2874 2883 2934 schuf,
2910 2872 2961 2932 die

1190 2917 1404 2977 schaftsfähig
1434 2918 1596 2978 gemacht,
1619 2919 1671 2979 daß
1706 2918 1735 2978 er
1759 2920 1816 2980 sie,
1834 2918 1897 2978 und
1927 2917 1996 2977 hier
2020 2918 2059 2978 :st

2105 2920 2208 2980 sanfte
2235 2920 2450 2980 liebesselige
2475 2920 2648 2980 Christine
2674 2920 2778 2980 etwa,
2822 2920 2871 2980 sich
2909 2921 2970 2981 mit

3016 2920 3228 2980 Konvention

1188 2971 1215 3031 ja
1250 2965 1306 3025 das
1341 2965 1442 3025 Wort
1465 2966 1606 3026 wirklich
1640 2966 1832 3026 zuständig,
1872 2965 2058 3025 eingebür¬

2106 2968 2191 3028 einem
2238 2968 2347 3028 Glanz
2399 2971 2462 3031 und
2514 2968 2606 3028 einer
2652 2970 2813 3030 Wehmut
2860 2970 2963 3030 ohne¬

3009 2971 3238 3031 grandseigne

1187 3017 1262 3077 gert
1285 3016 1360 3076 hat,
1377 3016 1447 3076 eine
1475 3016 1680 3076 Revolution
1719 3014 1773 3074 der
1800 3016 2066 3076 Sexualmoral,

3017 3017 3068 3077 dem
3115 3019 3258 3079 Uniforn

2104 3019 2239 3079 gleichen
2268 3019 2296 3079 zu
2332 3019 2381 3079 der
2411 3020 2524 3080 großen
2561 3019 2774 3079 Demokratie
2796 3019 2852 3079 des
2882 3019 2959 3079 Her¬

1183 3061 1236 3121 die
1264 3063 1340 3123 man
1395 3063 1449 3123 sich
1482 3063 1580 3123 heute
1608 3063 1683 3123 kaum
1750 3063 1924 3123 vorstellen
1963 3065 2060 3125 kann.

2100 3066 2179 3126 zens
2208 3066 2366 3126 bekannt.

3016 3066 3240 3126 Sexualheuch

1188 3113 1284 3173 Ohne
1314 3114 1500 3174 Schnitzler
1535 3112 1625 3172 hätte
1660 3111 1694 3171 es
1729 3111 1836 3171 keinen
1876 3111 2052 3171 Wedekind

2185 3115 2314 3175 Arthur
2342 3115 2524 3175 Schnitzler
2564 3114 2608 3174 ist
2648 3114 2720 3174 auch
2766 3114 2857 3174 einer
2903 3114 2961 3174 der

3015 3116 3109 3176 leicht
3137 3114 3251 3174 dünkte

1186 3162 1348 3222 gegeben,
1372 3163 1400 3223 ja
1430 3162 1610 3222 Schnitzler
1639 3162 1732 3222 selbst
1756 3162 1860 3222 greift
1883 3159 1965 3219 über
1988 3159 2057 3219 die¬

2100 3164 2371 3224 „verbotensten"
2419 3163 2690 3223 österreichischen
2727 3162 2856 3222 Dichter
2910 3164 2962 3224 ge¬

3015 3165 3167 3225 schreiben
3204 3164 3300 3224 mußt

1184 3210 1231 3270 sen
1263 3210 1453 3270 manchmal
1490 3210 1548 3270 und
1580 3210 1744 3270 wiederum
1787 3210 1950 3270 blitzartig
1977 3209 2055 3269 weit

3013 3212 3101 3272 diese
3127 3213 3303 3273 Ketzereien

2103 3213 2223 3273 wesen.
2265 3213 2403 3273 Immer
2450 3213 2578 3273 wieder
2613 3213 2739 3273 erregte
2770 3211 2798 3271 er
2827 3213 2971 3273 Anstoß,

1184 3260 1313 3320 hinaus
1368 3257 1421 3317 bis
1471 3257 1502 3317 in
1536 3257 1584 3317 die
1606 3257 1741 3317 Gefilde
1796 3257 1849 3317 der
1898 3257 2044 3317 neuesten

3014 3260 3228 3320 Gesellschaft
3275 3257 3312 3317 ist

2101 3260 2413 3320 Zensurbedenken,
2438 3263 2467 3323 ja
2504 3260 2606 3320 sogar
2637 3260 2823 3320 öffentliche
2860 3260 2962 3320 Maß¬

1188 3308 1419 3368 Sachlichkeit.
1436 3308 1484 3368 Er
1507 3308 1555 3368 tut
1582 3308 1636 3368 das
1669 3307 1863 3367 namentlich
1891 3305 1982 3365 dort,
1999 3307 2047 3367 wo

3015 3306 3075 3366 sind
3111 3308 3300 3368 geblieben.

2102 3310 2280 3370 regelung.
2298 3309 2436 3369 Immer
2466 3309 2587 3369 wieder
2617 3308 2737 3368 bewies
2767 3308 2824 3368 sein
2859 3308 2968 3368 Werk,

1190 3356 1221 3416 er
1249 3357 1313 3417 wie
1341 3358 1368 3418 im
1411 3359 1584 3419 „Reigen“
1618 3356 1665 3416 die
1688 3356 1849 3416 intimsten
1888 3356 1947 3416 und
1980 3355 2055 3415 dar¬

3007 3356 3094 3416 über
3116 3358 3169 3418 den
3197 3359 3271 3419 Tod

2100 3357 2159 3417 daß
2195 3359 2224 3419 es
2260 3362 2313 3422 sich
2349 3359 2396 3419 ihm
2450 3359 2479 3419 in
2515 3359 2604 3419 jedem
2652 3358 2817 3418 einzelnen
2859 3356 2965 3416 dieser

1177 3404 1224 3464 um
1272 3407 1324 3467 oft
1368 3407 1626 3467 ergreifendsten
1664 3406 1875 3466 Wahrheiten
1918 3404 2060 3464 gewagt

3008 3407 3126 3467 zeichen
3164 3407 3226 3467 auf
3252 3406 3295 3466 ein

2102 3407 2200 3467 Fälle
2229 3407 2292 3467 nur
2316 3409 2355 3469 um
2403 3407 2489 3467 reine
2519 3407 2778 3467 Menschlichkeit
2802 3407 2865 3467 und
2895 3407 2958 3467 nur

1190 3455 1259 3515 hat,
1282 3454 1330 3514 die
1352 3455 1475 3515 freilich
1503 3454 1562 3514 von
1590 3454 1644 3514 der
1671 3451 1865 3511 verblüfften
1898 3451 2054 3511 Mitwelt

3011 3454 3168 3514 gewissen
3215 3454 3234 3514 1

2099 3451 2138 3511 um
2184 3457 2275 3517 deren
2310 3457 2423 3517 höchste
2452 3457 2513 3517 und
2543 3455 2667 3515 freieste
2697 3454 2815 3514 Moral
2839 3454 2968 3514 gehan¬

1184 3504 1297 3564 sofort
1325 3503 1373 3563 als
1406 3505 1676 3565 Pornographie
1725 3502 1936 3562 verleumdet
1964 3501 2055 3561 wur¬

3012 3505 3225 3565 gangenheit

2103 3502 2167 3562 delt
2198 3505 2268 3565 hat.
2298 3505 2475 3565 Vielleicht
2505 3505 2587 3565 wird
2623 3505 2693 3565 man
2730 3503 2794 3563 erst
2818 3502 2959 3562 wirklich

1184 3552 1271 3612 den.

3015 3553 3115 3613 samer
3152 3553 3204 3613 We

2101 3552 2184 3612 viel,
2222 3553 2293 3613 viel
2337 3554 2451 3614 später
2501 3553 2603 3613 diesen
2640 3553 2942 3613 „Tendenzdichter

1278 3600 1355 3660 Auch
1389 3601 1454 3661 mit
1477 3601 1532 3661 dem
1577 3601 1837 3661 Bürgerdichter
1865 3599 1991 3659 stimmt
2020 3598 2047 3658 es

3009 3601 3140 3661 Dichter
3188 3601 3229 3661 un

2102 3601 2231 3661 Arthur
2254 3604 2441 3664 Schnitzler
2470 3604 2645 3664 erkennen,
2686 3601 2754 3661 wie
2783 3602 2850 3662 man
2884 3602 2957 3662 auch

3010 3648 3195 3708 Schnitzler

1189 3649 1289 3709 nicht.
1311 3650 1442 3710 Arthur
1475 3649 1653 3709 Schnitzler
1686 3650 1743 3710 hat
1771 3648 1854 3708 nicht
1881 3648 1944 3708 nur
1976 3648 2060 3708 Dir¬

2100 3648 2164 3708 erst
2183 3651 2283 3711 lange
2325 3652 2401 3712 nach
2425 3651 2596 3711 Friedrich
2621 3648 2779 3708 Schillers
2809 3649 2880 3709 Tod
2910 3648 2962 3708 die

1184 3696 1241 3756 nen
1274 3698 1336 3758 und
1364 3699 1526 3759 Soldaten
1559 3700 1712 3760 schärfer,
1734 3699 1939 3759 lebendiger,
1961 3696 2055 3756 über¬

2100 3696 2230 3756 sittliche
2276 3700 2347 3760 und
2401 3701 2569 3761 politische
2596 3699 2824 3759 Sprengkraft
2870 3699 2954 3759 etwa

3012 3746 3091 3806 Weg
3122 3747 3151 3807 um

1177 3749 1372 3809 zeugender
1399 3749 1594 3809 geschildert
1643 3748 1695 3808 als
1749 3747 1864 3807 irgend
1918 3747 1965 3807 ein
2002 3744 2055 3804 be¬

2107 3750 2209 3810 seiner
2232 3750 2379 3810 „Kabale
2408 3750 2470 3810 und
2499 3748 2612 3808 Liebe"
2641 3747 2777 3807 erkannt
2801 3747 2868 3807 hat.

1180 3798 1319 3858 rufener
1348 3801 1597 3861 Volksdichter,
1638 3801 1672 3861 er
1696 3801 1771 3861 hat,
1812 3801 1864 3861 als
1893 3798 1927 3858 er
1951 3798 2043 3858 jenes

2181 3801 2312 3861 Arthur
2340 3804 2539 3864 Schnitzler,
2575 3801 2630 3861 der
2679 3801 2851 3861 angeblich
2879 3799 2961 3859 zeit¬
