3344 4384
131 387 147 447 2

282 390 658 450 Schnitzl

1376 384 1505 444 box
1582 387 1817 447 43/21

1033 392 1134 452 A1.

766 401 773 461 —

788 826 1507 886 OBSERVER

868 885 894 945 I.
908 885 1034 945 österr.
1044 882 1197 942 behördl.
1210 882 1512 942 konzessioniertes

829 924 1062 984 Unternehmen
1094 924 1141 984 für
1167 921 1556 981 Zeitungs-Ausschnitte

878 984 1028 1044 WIEN,
1055 987 1100 1047 I.,
1127 984 1416 1044 WOLLZEILE
1463 981 1501 1041 11

978 1035 1200 1095 TELEPHON
1237 1032 1412 1092 R-23-0-43

728 1106 825 1166 danlis
852 1109 922 1169 dans
950 1109 1055 1169 toutes
1083 1113 1127 1173 les
1154 1114 1295 1174 grandes

1371 1165 1459 1225 .

719 1217 846 1277 urnal

836 1298 1046 1358 Algemeen
1080 1296 1338 1356 Handelsblad

975 1345 1200 1405 Amsterdam

861 1566 1184 1626 ARTHUR
1252 1569 1757 1629 SCHNITZLER
1844 1572 2395 1632 OVERLEDEN.

1238 1733 1302 1793 Een
1346 1735 1447 1795 groot
1480 1736 1717 1796 novellistisch
1755 1736 1998 1796 kunstenaar,
2026 1739 2084 1799 een
2123 1736 2230 1796 groot
2263 1739 2494 1799 dramaturg.

779 1826 839 1886 Een
867 1828 1005 1888 telegram
1047 1832 1101 1892 van
1126 1832 1180 1892 het
1204 1832 1420 1892 Wolffbureau
1449 1835 1494 1895 uit
1513 1835 1600 1895 Wee¬

1684 1833 1860 1893 „Therese"
1887 1828 1899 1888 —
1951 1835 2080 1895 schreef
2106 1833 2179 1893 onze
2206 1835 2498 1895 kroniekschrijver

1637 1877 1664 1937 is
1700 1874 1735 1934 de
1774 1874 1934 1934 klassieke
1970 1874 2138 1934 voltooling
2181 1871 2236 1931 van
2279 1872 2330 1932 een
2369 1874 2498 1934 roman¬

734 1880 792 1940 nen
822 1883 935 1943 meldt,
953 1883 1007 1943 dat
1033 1886 1154 1946 Arthur
1180 1888 1356 1948 Schnitzler
1381 1889 1461 1949 daar
1482 1892 1599 1952 gister¬

1637 1910 1742 1970 vorm,
1758 1913 1805 1973 die
1829 1910 1994 1970 misschien
2022 1910 2135 1970 slechts
2159 1910 2190 1970 op
2218 1910 2288 1970 deze
2312 1912 2492 1972 volmaking

740 1933 844 1993 avond
872 1933 904 1993 om
945 1936 1049 1996 kwart
1073 1939 1145 1999 voor
1170 1941 1262 2001 zeven
1291 1942 1342 2002 aan
1371 1942 1423 2002 cen
1452 1945 1592 2005 beroerte

1640 1948 1769 2008 wachtte
1806 1951 1838 2011 om
1887 1951 1959 2011 voor
1992 1951 2074 2011 altijd
2111 1951 2175 2011 met
2204 1951 2276 2011 rust
2305 1951 2333 2011 te
2366 1951 2487 2011 worden

739 1984 908 2044 overleden
940 1989 984 2049 is.

1636 1987 1808 2047 gelaten".

1679 2029 1887 2089 Schnitzler's
1917 2027 2118 2087 zeventigste
2152 2029 2343 2089 verjaardag
2378 2029 2431 2089 zou
2469 2027 2494 2087 in

776 2056 810 2116 In
846 2059 966 2119 Arthur
997 2062 1179 2122 Schnitzler
1209 2065 1300 2125 heeft
1331 2067 1508 2127 Oostenrijk
1543 2069 1594 2129 een

1634 2066 1698 2126 Mei
1723 2065 1780 2125 van
1813 2067 1866 2127 het
1895 2066 2049 2126 voigende
2079 2066 2152 2126 jaar
2181 2065 2335 2125 feestelijk
2368 2068 2494 2128 worden

735 2098 833 2158 zyner
863 2098 1003 2158 grootste
1034 2101 1174 2161 dichters
1205 2104 1363 2164 verloren,
1385 2107 1435 2167 een
1470 2109 1764 2169 roman-gevierd
1799 2105 1828 2165 en
1863 2105 1927 2165 men
1961 2104 2051 2164 wilde
2085 2105 2247 2165 armede
2277 2105 2367 2165 reeds
2397 2106 2486 2166 dezen

735 2137 769 2197 en
799 2137 1081 2197 tooneelschrijver
1108 2142 1203 2202 wiens
1230 2144 1309 2204 werk
1344 2146 1389 2206 tot
1416 2147 1465 2207 ver
1496 2149 1594 2209 buiten

1637 2143 1750 2203 winter
1782 2143 1836 2203 een
1872 2144 2020 2204 aanvang

2116 2145 2168 2205 en.
2218 2143 2279 2203 Een
2316 2143 2483 2203 opvoering

735 2175 790 2235 het
814 2178 962 2238 Duitsche
990 2180 1167 2240 taalgebied
1198 2184 1386 2244 bekendheid
1418 2187 1450 2247 en
1478 2187 1579 2247 bewon

1634 2183 1686 2243 van
1719 2181 1894 2241 „Liebelel"
1931 2183 2028 2243 onder
2053 2183 2249 2243 1.einhardts
2282 2182 2367 2242 regie
2396 2181 2428 2241 en
2465 2182 2489 2242 in

729 2214 839 2274 dering
867 2215 1033 2275 verwierf,
1053 2220 1151 2280 wiens
1175 2222 1313 2282 drama's
1341 2224 1372 2284 en
1400 2226 1601 2286 tooneelspe¬

1630 2220 1751 2280 nieuwe
1778 2220 1997 2280 ensceneering
2028 2220 2089 2280 was
2112 2220 2358 2280 aangekondigd
2385 2220 2415 2280 en
2442 2222 2494 2282 het

1635 2259 1793 2319 Deutsche
1822 2259 2051 2319 Volkstheater
2077 2259 2126 2319 zou
2160 2259 2243 2319 „Der
2268 2259 2335 2319 Ruf
2361 2259 2410 2319 des
2435 2261 2493 2321 Le¬

734 2253 777 2313 len
813 2255 836 2315 in
872 2256 934 2316 vele
966 2258 1048 2318 talen
1084 2262 1225 2322 vertaald
1261 2263 1292 2323 en
1324 2265 1351 2325 in
1387 2267 1449 2327 vele
1481 2268 1590 2328 landen

733 2293 912 2353 opgevoerd
946 2298 1020 2358 zijn.

1637 2298 1727 2358 bens"
1754 2299 1799 2359 ten
1822 2301 1962 2361 tooneele
1986 2300 2140 2360 brengen.
2156 2298 2231 2358 Deze
2255 2298 2496 2358 feestvoorstel¬

1635 2337 1739 2397 lingen
1780 2337 1880 2397 zullen
1921 2337 1957 2397 nu
1998 2337 2482 2397 herdenkings-voorstellingen

776 2334 855 2394 Toch
889 2334 913 2394 is
943 2337 1064 2397 Arthur
1094 2340 1273 2400 Schnitzler
1302 2342 1369 2402 niet
1395 2344 1423 2404 in
1457 2346 1507 2406 den
1541 2346 1594 2406 ge¬

1634 2375 1755 2435 moeten
1782 2375 1922 2435 worden,
1937 2375 1963 2435 en
1990 2374 2085 2434 zeker
2104 2373 2153 2433 zal
2168 2375 2233 2435 men
2260 2375 2282 2435 in
2305 2375 2339 2435 de
2362 2375 2490 2435 komen¬

724 2372 935 2432 bruikelijken
968 2375 1013 2435 zin
1050 2376 1106 2436 van
1140 2379 1196 2439 het
1225 2381 1327 2441 woord
1364 2383 1412 2443 een
1449 2386 1592 2446 populair

1635 2416 1666 2476 de
1703 2414 1901 2474 Mei-maand
1942 2414 1994 2474 den
2035 2414 2168 2474 Dichter
2201 2414 2402 2474 herdenken,
2431 2417 2495 2477 die,

730 2411 883 2471 schrijver
913 2414 1067 2474 geweest.
1113 2417 1176 2477 Zijn
1209 2418 1234 2478 in
1268 2423 1509 2483 psychologisch
1543 2424 1596 2484 op-

1630 2453 1716 2513 meer
1748 2453 1779 2513 en
1815 2453 1944 2513 sterker
1972 2453 2030 2513 dan
2066 2453 2121 2513 alle
2153 2453 2388 2513 tidgenooten,
2416 2453 2490 2513 voor

719 2450 805 2510 zicht
832 2453 883 2513 fijn
914 2453 1092 2513 dooraderd
1123 2458 1227 2518 werk,
1249 2459 1305 2519 zijn
1336 2462 1457 2522 subtiel
1479 2462 1587 2522 begrip

1630 2492 1658 2552 de
1683 2492 1747 2552 ziel
1768 2492 1821 2552 van
1850 2492 1903 2552 het
1928 2490 2062 2550 Veenen
2091 2490 2136 2550 uit
2161 2490 2193 2550 de
2218 2492 2303 2552 jaren
2336 2492 2406 2552 voór
2431 2494 2483 2554 den

727 2489 785 2549 van
821 2489 852 2549 de
884 2495 1107 2555 menschelijke
1138 2497 1213 2557 ziel,
1237 2498 1354 2558 vooral
1378 2501 1432 2561 van
1468 2502 1503 2562 de
1534 2504 1593 2564 ziel

1631 2534 1736 2594 oorlog
1765 2531 1866 2591 woord
1891 2531 1920 2591 en
1950 2531 2084 2591 gestalte
2110 2531 2269 2591 gevonden
2295 2531 2399 2591 heeft.

725 2531 777 2591 die
810 2531 837 2591 in
874 2531 926 2591 zijn
967 2536 1193 2596 geboortestad
1230 2539 1363 2599 Weenen
1399 2543 1516 2603 liefhad
1553 2543 1585 2603 en

728 2570 812 2630 leed,
828 2570 864 2630 de
889 2573 981 2633 lichte
1006 2573 1038 2633 en
1066 2575 1142 2635 vaak
1171 2578 1247 2638 bijna
1280 2579 1388 2639 brooze
1413 2581 1501 2641 lijnen
1530 2584 1582 2644 van

723 2608 781 2668 zijn
819 2612 1114 2672 verbeeldingsspel
1140 2615 1260 2675 hielden
1294 2617 1348 2677 hem
1394 2619 1427 2679 op
1461 2620 1510 2680 een
1544 2625 1577 2685 af

722 2650 816 2710 stand
852 2650 902 2710 van
938 2650 969 2710 de
1001 2653 1110 2713 groote
1138 2656 1263 2716 massa,
1283 2658 1338 2718 zijn
1370 2659 1503 2719 oorzaak
1535 2662 1550 2722 g

724 2686 825 2746 weest
861 2689 915 2749 van
959 2690 1005 2750 een
1048 2693 1208 2753 geestelijk
1248 2698 1435 2758 isolement.
1494 2701 1583 2761 Maar

724 2730 799 2790 juist
822 2730 919 2790 hierin
952 2734 995 2794 lag
1031 2735 1084 2795 zin
1116 2737 1249 2797 kracht,
1268 2738 1325 2798 zijn
1356 2740 1494 2800 creatief
1517 2740 1570 2800 ver

721 2767 868 2827 mogen.

758 2809 867 2869 Liefde
893 2809 922 2869 en
952 2810 1027 2870 dood
1057 2812 1111 2872 zijn
1141 2812 1175 2872 de
1201 2814 1309 2874 groote
1339 2817 1495 2877 motieven
1525 2817 1575 2877 van

718 2848 777 2908 zijn
809 2847 1024 2907 levenswetk.
1064 2853 1229 2913 usschen
1281 2853 1355 2913 deza
1383 2856 1469 2916 leide
1497 2859 1583 2919 polen

720 2887 779 2947 van
814 2886 869 2946 het
897 2886 982 2946 leven
1018 2890 1120 2950 apelon
1160 2891 1214 2951 zijn
1250 2893 1406 2953 drama's,
1434 2895 1579 2955 bewegen

715 2926 783 2986 zich
816 2925 847 2985 de
873 2925 997 2985 figuren
1030 2928 1086 2988 van
1115 2930 1172 2990 zijn
1200 2931 1362 2991 novellen,
1383 2934 1414 2994 en
1447 2934 1524 2994 vaak
1553 2935 1576 2995 in

711 2967 919 3027 schrijnende
950 2967 1131 3027 contrasten
1166 2971 1195 3031 en
1230 2973 1362 3033 scherpe
1393 2973 1582 3033 verhoudin¬

712 3007 795 3067 gen.
853 3006 1032 3066 Schnitzler
1067 3009 1158 3069 heeft
1187 3009 1224 3069 de
1259 3012 1400 3072 realiteit
1430 3015 1496 3075 niet
1530 3014 1583 3074 ge¬

719 3044 864 3104 schuwd,
889 3044 933 3104 hij
953 3046 997 3106 is,
1022 3047 1078 3107 hoe
1107 3049 1301 3109 romntisch
1338 3050 1370 3110 de
1403 3053 1496 3113 geest
1520 3053 1576 3113 van

711 3086 769 3146 zyn
805 3081 949 3141 werken,
973 3086 1008 3146 de
1036 3086 1184 3146 droomen
1224 3089 1278 3149 van
1314 3090 1364 3150 zijn
1400 3092 1505 3152 helden
1540 3093 1571 3153 en

713 3122 881 3182 heldinnen
909 3123 964 3183 ook
996 3125 1105 3185 mogen
1133 3127 1211 3187 zyn;
1227 3128 1317 3188 nooit
1337 3128 1364 3188 in
1396 3128 1427 3188 de
1455 3131 1580 3191 roman¬

711 3164 773 3224 tiek
813 3164 961 3224 gevlucht
993 3164 1028 3224 om
1075 3166 1138 3226 zich
1177 3167 1200 3227 in
1240 3167 1290 3227 een
1326 3170 1572 3230 gefantaseerde

703 3203 805 3263 idylle
832 3203 860 3263 te
884 3203 1068 3263 koesteren.
1100 3206 1162 3266 Zijn
1190 3206 1233 3266 zin
1261 3206 1335 3266 voor
1359 3209 1575 3269 wetenschap-

710 3242 842 3302 pelijke,
872 3242 980 3302 exacte
1013 3244 1171 3304 ontleding
1212 3245 1300 3305 heeft
1329 3247 1385 3307 hem
1434 3248 1571 3308 daarvan

709 3280 970 3340 teruggehouden
997 3280 1027 3340 en
1054 3282 1117 3342 men
1145 3283 1194 3343 zou
1224 3285 1273 3345 hem
1312 3284 1345 3344 de
1368 3287 1489 3347 chirurg
1516 3289 1569 3349 van

707 3319 748 3379 de
783 3319 953 3379 Weensche
984 3320 1048 3380 ziel
1075 3323 1195 3383 kunnen
1234 3325 1381 3385 noemen,
1408 3325 1491 3385 ware
1526 3328 1575 3388 het

711 3359 778 3419 niet
801 3359 854 3419 dat
873 3361 926 3421 het
949 3361 1209 3421 meedoogenloos
1236 3364 1406 3424 onderzoek
1437 3365 1489 3425 van
1516 3367 1569 3427 den

705 3400 862 3460 speurder
893 3399 999 3459 steeds
1035 3402 1219 3462 getemperd
1259 3403 1337 3463 werd
1401 3406 1479 3466 door
1538 3407 1573 3467 de

706 3439 782 3499 fijne
810 3439 931 3499 intultie
956 3439 1013 3499 van
1041 3439 1093 3499 den
1122 3442 1344 3502 begrijpenden
1373 3442 1401 3502 en
1429 3445 1574 3505 sensitie¬

707 3475 766 3535 ven
797 3477 1012 3537 kunstenaar,
1036 3480 1134 3540 wiens
1162 3480 1256 3540 liefde
1287 3483 1318 3543 en
1354 3483 1475 3543 deernis
1507 3484 1573 3544 ten¬

707 3519 806 3579 slotte
838 3516 869 3576 de
901 3518 1059 3578 overhand
1095 3520 1277 3580 behouden.

748 3555 792 3615 De
817 3555 894 3615 rijke
919 3558 1171 3618 schakeeringen
1204 3559 1256 3619 van
1285 3561 1342 3621 het
1363 3561 1432 3621 snel
1453 3562 1578 3622 voorbij

705 3595 864 3655 vlietende
891 3595 975 3655 leven
1005 3597 1059 3657 van
1086 3598 1119 3658 de
1146 3599 1336 3659 wereldstaid
1363 3600 1409 3660 die
1440 3601 1569 3661 Weenen

706 3636 793 3696 heet,
814 3636 897 3696 heeft
919 3636 964 3696 hyj
977 3636 1001 3696 in
1031 3637 1081 3697 zijn
1111 3637 1235 3697 werken
1261 3639 1465 3699 vastgelegd.
1498 3642 1565 3702 Men

703 3675 797 3735 vindt
824 3675 854 3735 er
881 3674 915 3734 de
946 3674 1063 3734 ellende
1094 3675 1146 3735 der
1173 3678 1355 3738 verlorenen
1390 3680 1484 3740 naast
1530 3682 1567 3742 de

702 3713 974 3773 onbekommerde
1009 3713 1281 3773 levensvrengde,
1309 3719 1376 3779 men
1415 3719 1505 3779 vindt
1536 3719 1566 3779 er

698 3755 737 3815 de
765 3755 867 3815 bange
898 3754 984 3814 strijd
1016 3752 1071 3812 der
1099 3755 1255 3815 benarden
1287 3755 1385 3815 naast
1413 3758 1444 3818 de
1495 3760 1565 3820 ont¬

703 3794 858 3854 spanning
892 3792 945 3852 der
972 3791 1051 3851 door
1078 3794 1251 3854 voorspoed
1282 3796 1316 3856 en
1347 3797 1437 3857 geluk
1475 3798 1566 3858 bege¬

694 3830 876 3890 nadigden.
922 3830 964 3890 En
994 3830 1078 3890 aitid
1112 3830 1196 3890 weer
1223 3832 1246 3892 is
1276 3834 1329 3894 let
1356 3836 1561 3896 Schnitzler's

699 3869 939 3929 meesterhand,
963 3869 1012 3929 die
1047 3870 1100 3930 het
1131 3872 1314 3932 ontworpen
1353 3874 1436 3934 beeld
1475 3875 1562 3935 over¬

704 3907 966 3967 tulgingskracht
1011 3910 1173 3970 verleent,
1214 3910 1262 3970 die
1307 3913 1363 3973 het
1404 3913 1481 3973 voor
1530 3914 1561 3974 de

699 3946 783 4006 lezer
812 3948 844 4008 of
873 3949 925 4009 den
958 3950 1335 4010 schouwburgbezocker
1363 3953 1557 4013 waarachtig

701 3986 837 4046 maakt.

741 4024 862 4084 Arthur
886 4026 1064 4086 Schnitzler
1093 4027 1172 4087 werd
1206 4029 1257 4089 den
1290 4027 1360 4087 15en
1394 4030 1459 4090 Mel
1483 4030 1558 4090 1862

697 4063 726 4123 te
755 4063 889 4123 Weenen
918 4066 1077 4126 geboren,
1094 4066 1168 4126 zoon
1206 4066 1260 4126 van
1290 4066 1340 4126 een
1374 4069 1490 4129 bekend
1524 4069 1553 4129 en

700 4102 820 4162 bemind
855 4105 1065 4165 geneesheer,
1092 4105 1139 4165 die
1174 4107 1272 4167 onder
1303 4106 1358 4166 zyn
1393 4108 1552 4168 patienten

700 4140 764 4200 vele
790 4141 957 4201 beroemde
983 4143 1235 4203 tooncelspelers
1261 4143 1291 4203 en
1326 4145 1441 4205 musicl
1463 4146 1561 4206 telde.

696 4179 739 4239 De
771 4179 863 4239 jonge
894 4179 1013 4239 Arthur
1045 4182 1093 4242 zou
1128 4182 1154 4242 in
1186 4182 1225 4242 de
1252 4185 1459 4245 voetstappen
1495 4185 1547 4245 van

691 4218 752 4278 zijn
783 4218 880 4278 vader
907 4221 1035 4281 treden,
1057 4221 1229 4281 studeerde
1256 4225 1459 4285 medicinen,
1486 4223 1556 4283 pro-
