3392 4256
399 297 981 357 Schnitzler's
1051 300 1282 360 Death

1498 300 1630 360 box
1712 303 1948 363 43/17

1259 667 1276 727 Y
1323 681 1802 741 Herald-Tribune

1315 762 1554 822 001221

1622 884 1806 944 Novelist
1830 885 1902 945 and
1942 891 2194 951 Playwright

887 904 1282 964 Schnitzler
1335 909 1498 969 Dies

905 1003 991 1063 Of
1026 1018 1410 1078 Apoplexy
1445 1020 1498 1080 in

923 1123 1228 1183 Vienna
1288 1128 1373 1188 at
1422 1129 1516 1189 69

880 1237 1065 1297 Novelist
1093 1243 1163 1303 and
1201 1243 1429 1303 Dramatist
1457 1246 1543 1306 Was

941 1294 1093 1354 Known
1117 1297 1181 1357 for
1205 1300 1539 1360 DaringWriting

938 1350 1012 1410 and
1041 1353 1207 1413 Clashes
1236 1355 1333 1415 With
1368 1356 1546 1416 Censors

875 1457 960 1517 Son
994 1458 1047 1518 of
1074 1464 1267 1524 Wealthy
1301 1466 1526 1526 Physician

870 1559 945 1619 His
998 1561 1196 1621 “Affairs
1249 1568 1301 1628 of
1354 1571 1528 1631 Anatol'

919 1619 1066 1679 Played
1096 1622 1136 1682 by
1160 1625 1260 1685 John
1284 1628 1530 1688 Barrymore

1014 1700 1049 1760 By
1078 1702 1128 1762 The
1154 1704 1294 1764 Associated
1319 1706 1392 1766 Press

902 1733 1052 1793 VIENNA,
1093 1735 1162 1795 Oct.
1203 1738 1255 1798 21.
1270 1738 1280 1798 —
1325 1740 1376 1800 Dr.
1424 1743 1534 1803 Arthur

866 1765 1045 1825 Schnitzler,
1092 1768 1228 1828 Austrian
1288 1772 1418 1832 novelist
1478 1774 1530 1834 and

865 1798 1038 1858 dramatist,
1056 1799 1116 1859 died
1149 1803 1233 1863 today
1262 1804 1291 1864 of
1316 1807 1468 1867 apoplexy.
1493 1808 1535 1868 He

865 1831 922 1891 was
950 1834 1116 1894 sixty-nine
1144 1837 1229 1897 years
1253 1837 1317 1897 old.

1003 1894 1143 1954 Viennese
1177 1898 1310 1958 Doctor's
1340 1901 1391 1961 Son

894 1935 1008 1995 Arthur
1044 1938 1225 1998 Schnitzler,
1254 1939 1304 1999 the
1351 1943 1457 2003 author
1504 1945 1536 2005 of

861 1968 953 2028 scores
983 1968 1013 2028 of
1036 1971 1131 2031 plays,
1155 1971 1330 2031 novelettes,
1350 1974 1449 2034 novels
1475 1977 1525 2037 and

2031 2001 2065 2061 ted
2083 2001 2161 2061 Press

861 2001 941 2061 short
967 2001 1072 2061 stories
1105 2004 1194 2064 which
1230 2004 1300 2064 have
1333 2007 1399 2067 been
1435 2008 1534 2068 trans¬

861 2032 936 2092 lated
961 2034 1022 2094 nito
1043 2034 1153 2094 almost
1170 2037 1262 2097 every,
1269 2038 1396 2098 civilized
1417 2042 1540 2102 tongue.

1740 2040 1850 2100 Arthur
1867 2040 2037 2100 Schnitzler

862 2064 914 2124 was
943 2067 1010 2127 born
1043 2067 1067 2127 in
1100 2070 1206 2130 Vienna
1235 2070 1267 2130 on
1299 2070 1363 2130 May
1391 2073 1434 2133 15.
1455 2073 1519 2133 1862

860 2096 909 2156 the
939 2096 985 2156 son
1022 2096 1051 2156 of
1078 2097 1088 2157 a
1121 2099 1270 2159 physician
1306 2102 1365 2162 who
1395 2103 1448 2163 had
1481 2104 1530 2164 de¬

861 2126 940 2186 voted
975 2129 1094 2189 himself
1122 2131 1146 2191 to
1177 2134 1362 2194 laryngology
1390 2135 1441 2195 and
1476 2137 1527 2197 had

861 2159 978 2219 become
1010 2162 1061 2222 the
1093 2165 1217 2225 favorite
1252 2165 1353 2225 throat
1382 2168 1531 2228 specialist

862 2189 892 2249 of
920 2193 971 2253 the
1005 2197 1087 2257 opera
1122 2198 1197 2258 stars
1228 2199 1259 2259 of
1297 2198 1344 2258 the
1389 2200 1526 2260 Viennese

860 2225 964 2285 stage.

895 2256 952 2316 The
984 2258 1080 2318 young
1113 2261 1223 2321 author
1252 2261 1348 2321 passed
1384 2264 1430 2324 his
1463 2264 1530 2324 boy¬

858 2290 929 2350 hood
957 2290 987 2350 as
1008 2290 1018 2350 a
1043 2291 1097 2351 rich
1125 2293 1218 2353 man's
1238 2293 1303 2353 son.
1317 2296 1406 2356 living
1431 2296 1451 2356 in
1478 2297 1526 2357 the

857 2320 936 2380 most
967 2323 1155 2383 fashionable
1189 2326 1295 2386 section
1331 2326 1361 2386 of
1391 2329 1440 2389 the
1474 2329 1530 2389 city

857 2353 913 2413 and
946 2356 1065 2416 making
1098 2356 1170 2416 early
1204 2356 1256 2416 and
1290 2359 1428 2419 intimate
1461 2359 1530 2419 con¬

860 2386 936 2446 tacts
963 2386 1025 2446 with
1055 2389 1167 2449 leaders
1193 2389 1213 2449 in
1243 2390 1355 2450 artistic
1382 2392 1431 2452 and
1464 2392 1526 2452 the¬

858 2419 964 2479 atrical
988 2421 1101 2481 circles.
1129 2422 1166 2482 He
1194 2422 1249 2482 was
1273 2424 1431 2484 educated,
1448 2425 1527 2485 How-

857 2449 936 2509 ever,
955 2452 1009 2512 not
1035 2452 1063 2512 as
1089 2452 1120 2512 an
1152 2454 1206 2514 idle
1232 2455 1400 2515 aristocrat,
1420 2458 1473 2518 but
1499 2458 1527 2518 as

858 2484 868 2544 a
896 2482 1067 2542 physician,
1088 2487 1184 2547 taking
1212 2487 1256 2547 his
1281 2487 1407 2547 medical
1428 2490 1527 2550 degree

855 2514 883 2574 in
925 2517 1012 2577 1885.

886 2545 941 2605 For
962 2547 1009 2607 the
1034 2547 1102 2607 next
1124 2548 1164 2608 ten
1192 2550 1271 2610 years
1292 2553 1457 2613 Schnitzler
1478 2553 1526 2613 de¬

861 2578 937 2638 voted
973 2580 1091 2640 himself
1122 2583 1283 2643 nominally
1313 2583 1339 2643 to
1373 2586 1530 2646 medicine,

858 2613 911 2673 but
934 2613 967 2673 he
997 2615 1083 2675 began
1117 2616 1183 2676 soon
1213 2616 1239 2676 to
1269 2616 1342 2676 drift
1366 2616 1442 2676 more
1469 2619 1521 2679 and

857 2644 933 2704 more
955 2646 1060 2706 toward
1086 2648 1257 2708 IIterature.
1289 2649 1327 2709 He
1350 2649 1457 2709 started
1483 2651 1527 2711 re¬

858 2675 974 2735 viewing
1002 2678 1153 2738 technical
1167 2679 1252 2739 books
1273 2681 1317 2741 for
1342 2681 1386 2741 the
1407 2682 1530 2742 medical

861 2710 977 2770 journal
1005 2711 1097 2771 edited
1136 2711 1166 2771 by
1201 2714 1245 2774 his
1273 2714 1386 2774 father,
1414 2714 1465 2774 but
1496 2717 1520 2777 in

862 2743 917 2803 1889
945 2741 976 2801 he
1004 2744 1090 2804 began
1118 2744 1323 2804 contributing
1351 2747 1451 2807 poems
1472 2749 1523 2809 and

852 2774 1018 2834 novelettes
1048 2775 1074 2835 to
1108 2777 1117 2837 a
1151 2777 1277 2837 popular
1307 2780 1446 2840 Viennese
1480 2780 1525 2840 pe¬

853 2807 989 2867 riodical.
1007 2807 1089 2867 When
1121 2810 1165 2870 his
1186 2810 1281 2870 father
1306 2811 1384 2871 died,
1399 2813 1422 2873 in
1450 2816 1532 2876 1893.

852 2841 1020 2901 Schnitzler
1047 2843 1162 2903 became
1189 2843 1281 2903 edtior
1305 2843 1334 2903 of
1357 2846 1406 2906 the
1433 2846 1525 2906 medi¬

852 2872 897 2932 cal
914 2874 1048 2934 journal,
1062 2875 1117 2935 but
1135 2875 1145 2935 a
1169 2875 1231 2935 year
1252 2875 1324 2935 later
1338 2875 1369 2935 he
1386 2877 1524 2937 definite¬

849 2904 876 2964 ly
911 2905 1054 2965 withdrew
1096 2905 1153 2965 from
1202 2908 1263 2968 this
1294 2908 1437 2968 position,
1465 2911 1516 2971 and

848 2938 861 2998 a
891 2937 934 2997 few
968 2938 1050 2998 years
1074 2938 1146 2998 later
1170 2938 1235 2998 gave
1262 2938 1295 2998 up
1325 2940 1371 3000 the
1398 2941 1524 3001 practice

852 2971 883 3031 of
904 2971 1065 3031 medicine.
1100 2971 1151 3031 For
1176 2971 1223 3031 the
1248 2974 1306 3034 last
1327 2974 1417 3034 thirty
1444 2974 1523 3034 years

852 3004 883 3064 he
914 3004 966 3064 had
997 3004 1117 3064 devoted
1148 3007 1269 3067 himself
1293 3007 1465 3067 exclusively
1493 3010 1520 3070 to

854 3037 991 3097 writing.

908 3077 1059 3137 “Anatol,"
1089 3078 1166 3138 First
1192 3078 1347 3138 Published
1380 3081 1457 3141 Work

882 3115 943 3175 The
978 3119 1111 3179 author's
1145 3120 1210 3180 first
1241 3121 1395 3181 published
1433 3123 1505 3183 work

854 3149 998 3209 "Anatol,"
1030 3150 1039 3210 a
1071 3151 1161 3211 series
1190 3151 1218 3211 of
1247 3153 1391 3213 dramatic
1420 3154 1519 3214 scenes

845 3183 869 3243 in
897 3185 944 3245 the
969 3186 1017 3246 life
1038 3186 1068 3246 of
1086 3186 1096 3246 a
1120 3184 1322 3244 philanderer,
1333 3186 1387 3246 was
1401 3187 1511 3247 printed

845 3213 878 3273 at
908 3216 1098 3276 Schnitzler's
1129 3216 1188 3276 own
1225 3219 1346 3279 expense
1379 3219 1402 3279 in
1442 3222 1524 3282 1893.

846 3248 902 3308 The
932 3248 1055 3308 absence
1081 3248 1114 3308 of
1138 3248 1280 3308 crudities
1303 3250 1333 3310 of
1360 3251 1418 3311 form
1462 3253 1511 3313 and

843 3279 926 3339 style,
950 3281 1003 3341 and
1037 3282 1087 3342 the
1118 3283 1288 3343 brightness
1315 3282 1348 3342 of
1376 3284 1422 3344 the
1456 3284 1516 3344 dia¬

844 3314 924 3374 logue
957 3314 1103 3374 attracted
1141 3314 1190 3374 the
1224 3314 1367 3374 attention
1408 3317 1437 3377 of
1468 3317 1517 3377 the

843 3344 958 3404 crities,
982 3347 1038 3407 but
1068 3347 1127 3407 this
1157 3347 1276 3407 famous
1306 3350 1369 3410 play
1399 3350 1421 3410 is
1452 3350 1504 3410 now

841 3380 1007 3440 considered
1039 3380 1104 3440 only
1136 3380 1184 3440 the
1216 3381 1340 3441 starting
1372 3383 1458 3443 point
1487 3387 1517 3447 of

842 3413 1036 3473 Schnitzler's
1059 3410 1174 3470 career.

877 3443 938 3503 The
962 3442 1037 3502 elder
1058 3445 1240 3505 Schnitzler,
1254 3445 1336 3505 until
1354 3448 1394 3508 his
1415 3448 1521 3508 death,

847 3478 1025 3538 thoroughly
1060 3475 1190 3535 detested
1225 3478 1276 3538 the
1311 3478 1372 3538 idea
1407 3480 1438 3540 of
1469 3481 1513 3541 his

843 3511 919 3571 son's
943 3511 1092 3571 becoming
1116 3511 1125 3571 a
1149 3511 1259 3571 writer,
1276 3511 1325 3571 and
1353 3511 1399 3571 the
1419 3512 1512 3572 young

843 3543 932 3603 man's
962 3544 1148 3604 aristocratic
1175 3543 1304 3603 friends,
1328 3544 1410 3604 while
1441 3546 1513 3606 will¬

843 3577 886 3637 ing
912 3577 1025 3637 enough
1055 3577 1077 3637 to
1101 3577 1226 3637 concede
1250 3577 1293 3637 him
1333 3577 1379 3637 the
1403 3580 1511 3640 talents

843 3610 869 3670 of
899 3610 909 3670 a
946 3610 1120 3670 dilettante,
1144 3610 1256 3670 refused
1293 3610 1319 3670 to
1352 3610 1415 3670 take
1448 3613 1494 3673 him

840 3639 980 3699 serlously
1006 3642 1106 3702 except
1128 3642 1157 3702 as
1183 3642 1193 3702 a
1219 3642 1388 3702 physician.
1402 3644 1474 3704 Only
1500 3645 1510 3705 a

845 3672 886 3732 few
921 3673 1010 3733 other
1037 3672 1154 3732 literary
1185 3675 1267 3735 men,
1292 3675 1394 3735 among
1429 3678 1494 3738 them

842 3705 921 3765 Hugo
969 3705 1016 3765 von
1065 3708 1290 3768 Hoffmansthal
1332 3708 1383 3768 and
1431 3708 1506 3768 Felix

842 3738 959 3798 Salten,
974 3738 1095 3798 believed
1122 3739 1147 3799 in
1173 3739 1251 3799 him,
1266 3741 1358 3801 until,
1373 3741 1435 3801 with
1461 3741 1509 3801 the

841 3772 1005 3832 successful
1036 3772 1235 3832 performance
1270 3771 1300 3831 of
1328 3773 1376 3833 his
1407 3774 1509 3834 “Lighu

838 3804 869 3864 o'
891 3804 979 3864 Love"
1012 3803 1043 3863 at
1068 3805 1118 3865 the
1150 3807 1345 3867 Burgtheater
1374 3807 1395 3867 in
1434 3807 1512 3867 1895,

840 3836 1030 3896 Schnitzler's
1060 3839 1229 3899 reputation
1270 3839 1325 3899 was
1358 3839 1505 3899 definitely

840 3871 1042 3931 established.

969 3911 1044 3971 Kept
1072 3911 1119 3971 the
1151 3911 1273 3971 Censors
1301 3910 1375 3970 Busy

866 3953 1033 4013 Schnitzler
1053 3953 1110 4013 was
1126 3954 1367 4014 fundamentally
1386 3953 1397 4013 a
1421 3953 1504 4013 Vien¬

834 3986 915 4046 nese,
933 3986 988 4046 and
1019 3986 1049 4046 he
1077 3986 1159 4046 chose
1187 3986 1235 4046 the
1259 3986 1314 4046 city
1342 3986 1372 4046 of
1393 3986 1502 4046 Vienna

834 4019 861 4079 as
885 4019 933 4079 the
957 4019 1039 4079 scene
1063 4019 1094 4079 of
1115 4019 1221 4079 almost
1242 4020 1283 4080 all
1300 4019 1327 4079 of
1352 4019 1392 4079 his
1417 4017 1512 4077 plays,

834 4049 995 4109 novelettes
1022 4051 1072 4111 and
1102 4051 1220 4111 stories.
1257 4051 1290 4111 As
1316 4051 1326 4111 a
1356 4050 1491 4110 Viennese

834 4083 865 4143 he
896 4081 950 4141 was
978 4084 1046 4144 gay,
1068 4084 1297 4144 sophisticated,
1318 4081 1328 4141 a
1359 4081 1500 4141 complete

834 4117 894 4177 man
927 4117 958 4177 of
983 4116 1033 4176 the
1066 4117 1168 4177 world,
1190 4117 1239 4177 and
1275 4117 1296 4177 in
1332 4117 1378 4177 his
1403 4114 1506 4174 books,

834 4147 956 4207 marital
986 4147 1148 4207 infidelity,
1176 4147 1218 4207 did
1258 4149 1311 4209 not
1341 4147 1457 4207 become
1490 4150 1500 4210 a
