3392 4320
318 108 398 168 Das
435 106 662 166 Testament
692 105 945 165 Schnitzlers.

216 171 438 231 Verfügungen
471 171 546 231 über
574 168 628 228 den
662 165 867 225 literartschen
901 163 1057 223 Nachlaß.

267 214 459 274 Begräbnis
486 211 582 271 letzter
609 210 710 270 Klasse
742 210 806 270 nach
839 209 891 269 den
924 205 1057 265 Bestim¬

430 255 560 315 mungen
597 252 649 312 des
681 252 843 312 Dichteré.

250 316 349 376 Wien,
374 319 428 379 22.
454 318 607 378 Oktober.
632 315 736 375 Heute
761 314 800 374 ist
826 313 880 373 der
910 312 999 372 Sphn
1034 308 1088 368 des

169 366 277 426 gestern
317 363 532 423 verstorbenen
591 357 694 417 Artur
729 357 914 417 Schwitzler,
959 352 1091 412 Hein¬

172 407 246 467 rich
277 405 540 465 Schnitzler,
561 402 611 462 der
637 400 661 460 in
692 398 808 458 Berlin
834 398 889 458 als
910 392 1101 452 Schauspie¬

171 448 210 508 ler
241 446 301 506 und
331 446 492 506 Regisseur
512 445 597 505 tätig
623 444 673 504 ist,
694 443 723 503 in
754 440 839 500 Wien
875 440 1095 500 eingetroffen.

171 491 210 551 Um
260 492 309 552 die
344 491 601 551 Mittagsstunde
656 486 769 546 wurde
804 485 828 545 im
884 482 1007 542 Beisein
1047 481 1095 541 des

175 536 313 596 Bruders
353 534 402 594 des
443 533 689 593 Verblichenen,
720 529 773 589 des
808 524 1099 584 Universitätspro¬

174 580 276 640 fessors
303 577 364 637 Dr.
385 577 555 637 Julius
581 573 848 633 Schnitzler,
870 569 926 629 und
957 566 1003 626 der
1035 566 1080 626 bei

171 619 220 679 den
257 620 372 680 Söhne
419 619 469 679 die
500 616 880 676 Testamentseröffnung
911 610 1102 670 vorgenom¬

174 666 258 726 men.
285 664 348 724 Das
380 661 565 721 Testament
597 658 723 718 enthält
750 657 845 717 neben
883 654 966 714 einer
999 652 1093 712 Reihe

172 710 233 770 rein
265 709 445 769 samiliärer
476 705 735 765 Bestimmungen
766 700 838 760 auch
869 697 1091 757 Verfügungen

178 752 302 812 betreffs
329 751 383 811 des
410 750 621 810 literarischan
654 745 832 805 Nachlasses
865 741 913 801 des
940 739 1101 799 Dichters,

177 795 221 855 die
243 795 270 855 in
304 795 353 855 den
387 792 597 852 wesentlichen
626 789 791 849 Einheiten
825 785 919 845 jedoch
952 784 1007 844 erst
1035 782 1101 842 spä¬

177 840 219 900 ter
246 838 481 898 veröffentlicht
508 834 631 894 werden
663 831 775 891 sollen.

259 882 316 942 Ein
352 879 502 939 Nachtrag
538 878 595 938 zum
642 873 828 933 Testament
858 870 1025 930 behandelt
1055 867 1100 927 die

180 925 402 985 Verfügungen
433 921 481 981 des
506 920 650 980 Dichters
681 917 849 977 betroffend
880 915 934 975 sein
965 912 1103 972 Leichen¬

183 969 374 1029 begängnis.
398 966 485 1026 Diese
508 964 641 1024 lauten:

266 1025 370 1085 Wien,
393 1026 449 1086 29.
464 1026 562 1086 April
585 1024 683 1084 1912.
698 1019 981 1079 Bestimmungen,
1004 1018 1052 1078 die
1067 1014 1102 1074 ich

222 1073 286 1133 nach
319 1072 432 1132 meinem
470 1067 604 1127 Abloben
627 1068 653 1128 zu
686 1067 810 1127 erfüllen
837 1064 923 1124 bickte:
940 1060 1101 1120 Herzstich.

220 1117 313 1177 Keine
342 1113 485 1173 Kränze!
508 1112 607 1172 Keine
635 1109 751 1169 Parte!
779 1106 856 1166 Auch
890 1104 917 1164 in
951 1103 1000 1163 der
1034 1102 1105 1162 Zei¬

220 1160 299 1220 tung
326 1159 420 1219 nicht.
442 1156 626 1216 Begräbnis
653 1151 753 1211 letzter
780 1148 895 1208 Klasse!
917 1145 985 1205 Das
1012 1145 1096 1205 durch

226 1201 401 1261 Bofolgung
439 1198 535 1258 dieser
562 1195 823 1255 Bestimmungen
860 1187 1111 1247 erübrig;e

220 1243 333 1303 Geld
366 1243 414 1303 ist
442 1240 835 1300 Spitalszwecken
879 1231 1106 1291 zuzuwenden.

221 1288 311 1348 Keine
339 1285 466 1345 Reben!
493 1282 711 1342 Vermeidung
744 1280 818 1340 allen
856 1276 994 1336 rituallen
1032 1270 1106 1330 Bei¬

227 1333 337 1393 werks.
382 1333 525 1393 Keine
559 1327 740 1387 Trauer
785 1323 951 1383 tragen
1006 1318 1127 1378 nacht

222 1396 396 1456 meinem
442 1399 577 1459 Tode,
590 1397 783 1457 absolut
809 1396 944 1456 keine.
958 1390 1105 1450 Artur

221 1442 496 1502 Schnitzler.

271 1495 305 1555 In
346 1494 525 1554 Befolgung
578 1493 675 1553 dieser
711 1490 965 1550 Bestimmungen
1000 1489 1104 1549 findet

179 1537 303 1597 morgen
339 1536 487 1596 Freitag,
511 1536 564 1596 den
606 1534 659 1594 23.
683 1533 819 1593 Oktober
855 1533 890 1593 um
938 1530 1009 1590 ½12
1039 1530 1103 1590 Uhr

183 1579 291 1639 vorm.
313 1581 367 1641 auf
389 1581 437 1641 dem
481 1578 762 1638 Zentralfriedhof
784 1577 805 1637 in
844 1577 924 1637 Wien
957 1575 1005 1635 die
1033 1571 1108 1631 Bei¬

186 1622 296 1682 setzung
322 1622 370 1682 der
395 1622 537 1682 irdischen
575 1622 667 1682 Hülle
686 1622 791 1682 Avtur
816 1620 1001 1680 Schnitzlers
1033 1618 1106 1678 ohne

188 1667 265 1727 jedes
292 1667 460 1727 Gepränge
487 1664 570 1724 statt.

429 1739 511 1799 Wie
534 1741 721 1801 Schnitzler
752 1739 863 1799 starb.

271 1797 322 1857 Aus
355 1796 473 1856 Wien
513 1799 590 1859 wird
631 1798 788 1858 gemeldet:
821 1799 997 1859 Schnitzlers
1037 1796 1082 1856 Be

188 1836 286 1896 kannte
313 1837 447 1897 wußten,
464 1837 515 1897 daß
541 1839 655 1899 Arthur
677 1837 837 1897 Schnitzler
864 1837 916 1897 seit
937 1837 1009 1897 zwei
1031 1835 1113 1895 Jah¬

189 1873 233 1933 ren
280 1876 351 1936 über
382 1876 773 1936 Herzbeschwerden
814 1876 925 1936 klagte,
956 1876 1012 1936 und
1053 1876 1103 1936 daß

190 1917 229 1977 sich
254 1915 308 1975 sein
338 1915 521 1975 körperlicher
546 1918 674 1978 Zustand
704 1916 758 1976 seit
778 1915 827 1975 dem
867 1915 1020 1975 plötzlichen
1050 1915 1113 1975 tra¬

188 1958 286 2018 gischen
321 1957 379 2017 Tod
409 1957 497 2017 seiner
527 1956 644 2016 Tochter
674 1955 733 2015 noch
763 1954 993 2014 verschlimmert
1018 1953 1111 2013 hatte.

263 1994 327 2054 Vor
357 1996 464 2056 einigen
495 1999 642 2059 Monaten
672 1996 755 2056 schien
790 1996 819 2056 es
849 1996 888 2056 ihm
933 1996 1021 2056 etwas
1051 1995 1109 2055 bes¬

190 2037 229 2097 ser
254 2036 283 2096 zu
313 2035 416 2095 gehen,
441 2035 505 2095 aber
535 2034 564 2094 in
599 2034 647 2094 den
683 2035 771 2095 letzten
806 2034 923 2094 Wochen
953 2034 1032 2094 hatte
1062 2032 1105 2092 sich

193 2073 242 2133 sein
272 2071 370 2131 Leiden
400 2074 557 2134 verschärft
587 2075 640 2135 und
666 2076 690 2136 er
710 2074 798 2134 klagte
814 2073 902 2133 seinem
937 2073 1108 2133 behandeln=

190 2113 235 2173 den
272 2112 359 2172 Arzt,
381 2114 427 2174 dem
474 2115 726 2175 Herzspezialisten
763 2115 819 2175 Dr.
845 2114 1015 2174 Ferdinand
1047 2110 1113 2170 Do¬

190 2154 275 2214 nath,
295 2154 370 2214 öfter
396 2153 542 2213 darüber,
563 2154 617 2214 daß
648 2154 679 2214 er
709 2154 910 2214 anfallsweise
936 2154 1021 2214 starke
1052 2151 1112 2211 Be¬

197 2193 509 2253 klemmungszustände
537 2194 625 2254 habe.
649 2193 952 2253 Nichtsdestoweniger
985 2190 1105 2250 änderte

198 2228 350 2288 Schitzler
380 2233 458 2293 seine
493 2231 644 2291 gewohnte
674 2232 875 2292 Lebensweise
905 2233 998 2293 nicht,
1028 2230 1101 2290 wozu

193 2270 335 2330 eigentlich
371 2271 434 2331 auch
464 2271 518 2331 kein
548 2271 715 2331 besonderer
745 2272 838 2332 Anlaß
873 2272 991 2332 gewesen
1026 2273 1113 2333 wäre,

193 2312 223 2372 da
249 2312 275 2372 er
301 2314 399 2374 mäßig
430 2312 481 2372 und
508 2314 683 2374 vernünftig
709 2312 796 2372 lebte.

275 2360 313 2420 In
347 2360 396 2420 der
425 2362 590 2422 allerletzten
630 2363 702 2423 Zeit
725 2360 808 2420 schien
842 2362 874 2422 er
903 2360 985 2420 sogar
1019 2361 1107 2421 etwas

195 2399 316 2459 heilerer
345 2400 495 2460 geworden
533 2401 565 2461 zu
603 2401 682 2461 sein,
706 2399 875 2459 allerdings
908 2399 1029 2459 merkten
1072 2399 1114 2459 die

201 2439 368 2499 Vertrauten
410 2438 464 2498 aus
496 2440 623 2500 gewissen
660 2439 896 2499 hingeworfenen
933 2437 1114 2497 Bemerkun¬

198 2480 260 2540 gen,
289 2479 341 2539 daß
380 2480 423 2540 ihn
462 2479 677 2539 drohende
711 2479 940 2539 Ahnungen
985 2479 1118 2539 quälten,

190 2518 232 2578 die
260 2516 293 2576 er
326 2517 392 2577 aber
425 2518 500 2578 nicht
528 2518 575 2578 als
608 2518 871 2578 Todesgedanken,
895 2518 1012 2578 sondern
1050 2517 1110 2577 eher

197 2558 240 2618 als
268 2557 367 2617 Nohen
395 2559 478 2619 einer
506 2557 566 2617 noch
600 2560 798 2620 unbekannten
832 2558 942 2618 Gefahr
970 2557 1113 2617 auffaßte.

270 2605 342 2665 Noch
374 2608 404 2668 an
442 2608 529 2668 seinem
571 2608 727 2668 Todeslag
758 2607 841 2667 hatte
873 2605 898 2665 er
930 2606 961 2666 um
1009 2605 1024 2665 9
1055 2607 1117 2667 Uhr

195 2646 255 2706 früh
284 2646 372 2706 seinen
405 2646 568 2706 gewohnten
597 2646 914 2706 Morgenipaziergang
938 2646 1115 2706 unternon¬

197 2687 275 2747 men,
299 2685 351 2745 von
384 2685 434 2745 dem
477 2685 509 2745 er
538 2685 621 2745 gegen
660 2685 692 2745 11
720 2685 780 2745 Uhr
814 2685 996 2745 vormittags
1024 2685 1084 2745 heim

195 2725 302 2785 lehrte,
319 2727 349 2787 um
386 2725 427 2785 sich
453 2725 545 2785 sofort
567 2726 592 2786 in
624 2724 670 2784 sein
701 2724 944 2784 Arbeitszimmer
970 2725 1114 2785 zurückzu¬

196 2766 306 2826 ziehen,
327 2766 367 2826 wo
398 2766 427 2826 er
453 2766 528 2826 seine
554 2766 726 2826 Sekretärin
757 2763 928 2823 erwartete.

271 2812 320 2872 Als
354 2814 397 2874 die
431 2814 603 2874 Sekretärie
638 2812 670 2872 um
721 2813 793 2873 „12
827 2811 887 2871 Uhr
921 2814 1026 2874 mittag
1060 2813 1115 2873 das

194 2852 439 2912 Arbeitszimmer
470 2852 582 2912 betrat,
603 2853 661 2913 fand
691 2852 720 2912 sie
745 2852 794 2912 den
824 2852 956 2912 Dichter,
972 2852 1045 2912 über
1065 2850 1113 2910 set¬

197 2892 246 2952 nen
281 2891 473 2951 Schreibtisch
509 2892 646 2952 gebeugt,
672 2891 914 2951 dewußtlos
949 2891 1018 2951 auf.
1043 2891 1102 2951 Dem

198 2933 262 2993 rasch
293 2930 521 2990 herbeigeholten
552 2933 708 2993 Hausarzt
729 2930 834 2990 gelang
865 2930 895 2990 es
926 2931 1001 2991 nicht
1027 2932 1122 2992 mehr,

189 2971 303 3031 Arthur
333 2968 496 3028 Schnitzler
525 2972 630 3032 wieder
659 2970 702 3030 zum
751 2969 937 3029 Bewußtsein
971 2969 1000 3029 zu
1034 2971 1115 3031 brin¬

196 3009 263 3069 gen.
278 3011 350 3071 Nach
379 3011 624 3071 siebenstündiger
649 3011 731 3071 tiefer
755 3010 1015 3070 Bewutztlosigkeit
1040 3010 1121 3070 hörte

196 3052 306 3112 Arthur
336 3052 497 3112 Schnitzler
518 3052 608 3112 gegen
644 3050 689 3110 ¾7
720 3049 780 3109 Uhr
820 3051 936 3111 abends
977 3051 1032 3111 auf
1078 3050 1107 3110 zu

192 3091 309 3151 atmen.

274 3130 379 3190 Arthur
407 3130 565 3190 Schnitzler
592 3129 761 3189 hinterläßt
788 3130 867 3190 einen
900 3130 1000 3190 Sohn,
1022 3128 1106 3188 Heir¬

195 3172 265 3232 rich,
290 3171 336 3231 der
366 3171 479 3231 derzeit
503 3170 549 3230 als
580 3169 787 3229 Schauspieler
823 3169 876 3229 und
906 3169 1059 3229 Regisseur

198 3211 293 3271 Berlin
324 3209 399 3269 lätig
430 3209 460 3269 ist
486 3208 541 3268 und
572 3209 773 3269 telegraphisch
804 3208 834 3268 an
870 3208 915 3268 die
941 3211 1041 3271 Bahre
1067 3207 1117 3267 sei¬

195 3250 246 3310 nes
275 3250 387 3310 Vaters
416 3249 538 3309 berufen
571 3250 684 3310 wurde.
708 3250 750 3310 An
784 3247 830 3307 dem
878 3248 1052 3308 Sterbebett
1081 3248 1122 3308 des

197 3289 326 3349 Tichters
355 3289 470 3349 weilten
504 3287 556 3347 sein
595 3287 734 3347 Bruder,
758 3285 806 3345 der
835 3285 954 3345 Wiener
984 3288 1113 3348 Chirurg

201 3328 343 3388 Professor
368 3328 432 3388 Dr.
452 3329 565 3389 Julius
595 3327 771 3387 Schnitzler,
791 3325 850 3385 und
880 3324 963 3384 dessen
998 3327 1125 3387 Kinder.

273 3369 382 3429 Arthur
408 3366 586 3426 Schnitzler,
611 3368 660 3428 der
691 3367 715 3427 in
750 3365 844 3425 seinen
874 3366 993 3426 Werken
1024 3363 1048 3423 so
1078 3366 1122 3426 oft

203 3410 251 3470 von
275 3408 323 3468 der
343 3408 429 3468 ungen
458 3408 680 3468 Nachbarschaft
705 3405 752 3465 der
772 3404 854 3464 Liebe
884 3405 936 3465 und
965 3405 1008 3465 des
1033 3405 1124 3465 Todes

204 3450 357 3510 gesprochen
391 3448 443 3508 hal
477 3447 586 3507 erlebte
616 3446 702 3506 ielder
736 3446 797 3506 eine
831 3445 994 3505 Tragödie,
1013 3444 1056 3504 die
1085 3444 1123 3504 si¬

201 3486 301 3546 cherlich
341 3486 408 3546 dazu
442 3486 630 3546 beigetragen
669 3486 736 3546 hot,
766 3485 837 3545 seine
872 3485 1055 3545 Gesundheit
1089 3483 1117 3543 zu

199 3527 412 3587 untergraben.
440 3525 480 3585 Es
508 3525 571 3585 war
608 3524 666 3584 dies
703 3524 753 3584 das
785 3524 993 3584 Liebesdrama
1030 3524 1120 3584 seiner

195 3568 329 3628 Tochter,
354 3566 397 3626 die
421 3567 450 3627 er
479 3566 546 3626 über
580 3566 652 3626 alles
677 3563 782 3623 liebte.
802 3563 859 3623 Sie
889 3563 965 3623 hatte
994 3564 1037 3624 sich
1071 3563 1129 3623 mit

202 3607 275 3667 einem
318 3605 513 3665 italienischen
546 3606 672 3666 Offizier
705 3608 789 3668 gegen
826 3605 873 3665 den
906 3605 1005 3665 Willen
1043 3604 1116 3664 ihres

203 3645 310 3705 Vaters
340 3647 535 3707 verheiratet.

275 3691 431 3751 Schnitzler
455 3693 530 3753 fügte
560 3691 606 3751 sich
630 3691 780 3751 schließlich
810 3691 856 3751 dem
897 3688 1117 3748 Lebenswunsch

196 3733 243 3793 des
271 3733 383 3793 Kindes
417 3733 472 3793 und
506 3733 632 3793 besuchte
661 3733 712 3793 das
746 3730 834 3790 junge
863 3730 1017 3790 Ehepaar,
1065 3730 1120 3790 das

201 3774 340 3834 scheinbar
379 3772 479 3832 restlos
513 3771 638 3831 glücklich
672 3771 753 3831 war,
782 3769 811 3829 in
854 3770 998 3830 Venedig.
1032 3769 1123 3829 Eines

201 3814 294 3874 Tages
320 3814 383 3874 aber
413 3812 457 3872 kam
497 3812 541 3872 die
566 3811 733 3871 furchtbare
759 3809 911 3869 Nachricht
931 3808 995 3868 nach
1025 3808 1123 3868 Wien,

203 3855 247 3915 daß
282 3853 325 3913 sich
356 3853 399 3913 die
429 3851 517 3911 junge
542 3851 620 3911 Frau
655 3848 797 3908 erschossen
832 3848 920 3908 habe.
940 3847 1018 3907 Eine
1044 3846 1121 3906 Tra¬

204 3893 279 3953 godie
304 3891 355 3951 der
386 3891 471 3951 Liobe
501 3890 592 3950 rollte
623 3890 663 3950 sich
694 3888 749 3948 auf
780 3888 835 3948 und
871 3888 987 3948 Schnitz
998 3885 1027 3945 er
1058 3884 1123 3944 ver¬

203 3931 257 3991 wan
311 3930 404 3990 diesen
439 3930 581 3990 Schmerz
611 3929 758 3989 niemals.
783 3927 827 3987 Er
862 3930 940 3990 war,
965 3927 1013 3987 zeit
1044 3927 1117 3987 seine

203 3970 321 4030 Tochter
356 3971 518 4031 geheiratet
548 3969 646 4029 hatte,
676 3969 774 4029 einsam
824 3969 966 4029 gewesen,
996 3966 1030 4026 da
1070 3966 1113 4026 ihn

205 4013 274 4073 seine
305 4011 406 4071 5vette
437 4011 517 4071 Frau
553 4010 694 4070 verlassen
735 4008 815 4068 hatte
846 4011 901 4071 und
937 4009 992 4069 sein
1033 4007 1113 4067 Sohn

210 4053 340 4113 Heinrich
367 4053 388 4113 in
416 4050 610 4110 Teutschland
633 4050 745 4110 weilte.

1280 58 1516 118 Unternehmen
1544 57 1593 117 für
1616 58 2006 118 Zeitungs-Ausschmtte

1332 115 1472 175 WIEN,
1505 118 1550 178 I.,
1576 116 1858 176 WOLLZEILE
1904 118 1948 178 11

1425 165 1645 225 TELEPHON
1675 165 1849 225 R-23-0-43

1231 306 1451 366 Ausschnitt
1476 303 1538 363 aus

1541 443 1561 503 2
1594 438 1646 498 3.
1668 426 1773 486 0K1

1228 529 1335 589 vom:

1264 608 1306 668 Le
1343 597 1658 657 ultime-volontà
1702 591 1744 651 di
1774 586 1982 646 Schnitzler

1298 666 1358 726 Una
1386 659 1558 719 pugnalata
1581 655 1681 715 prima
1703 650 1786 710 della
1809 646 1970 706 sepoltura

1494 703 1633 763 Vienna,
1650 702 1682 762 22
1707 697 1850 757 ottobro,
1872 694 1973 754 notte.

1304 758 1417 818 Arturo
1447 748 1644 808 Schultzler,
1670 745 1695 805 Il
1716 742 1842 802 famoso
1876 738 2006 798 roman-

1269 792 1387 852 zlore/o
1420 785 1531 845 autore
1560 781 1773 841 drammatico
1802 775 1904 835 morto
1933 773 2006 833 lerl.

1280 824 1494 884 Ascinto,
1514 819 1558 879 fra
1591 815 1615 875 le
1644 813 1700 873 suo
1729 811 1838 871 ultime
1871 806 2007 866 disposi-

1274 861 1374 921 zioni.
1399 855 1537 915 l'ordtne
1566 849 1602 909 dl
1623 846 1817 906 pugnaiarlo
1847 843 1883 903 al
1908 840 2000 900 cuore

1281 897 1377 957 prima
1410 888 1466 948 che
1499 887 1531 947 si
1556 882 1693 942 procoda
1725 882 1786 942 alla
1814 881 1870 941 sua
1903 876 2008 936 sepol-

1280 932 1362 992 tura.
1381 928 1497 988 (Radlo
1521 921 1677 981 Stefant).

1266 1289 1981 1349 DOBSERVER

1348 1345 1370 1405 I.
1385 1345 1504 1405 österr.
1518 1345 1665 1405 behördl.
1680 1347 1983 1407 konzessioniertes

1302 1387 1539 1447 Unternehmen
1571 1385 1616 1445 für
1644 1387 2031 1447 Zeitungs-Ausschnitte

1357 1444 1506 1504 WIEN,
1535 1446 1581 1506 I.,
1609 1449 1888 1509 WOLLZEILE
1938 1449 1977 1509 11

1456 1495 1669 1555 TELEPHON
1707 1498 1877 1558 R-23-0-43

1254 1640 1475 1700 Ausschnitt
1500 1662 1881 1722 ausTroe

1510 1748 1529 1808 2
1560 1752 1609 1812 3.
1641 1760 1769 1820 0KT.
1792 1766 1890 1826 1937

1256 1864 1365 1924 vom:

1306 1955 1349 2015 Le
1377 1949 1501 2009 ultime
1529 1942 1669 2002 volontä
1698 1939 1741 1999 di
1760 1939 1803 1999 A.
1822 1935 2017 1995 Schnitzler

1760 1990 1940 2050 rn,
1959 1987 1968 2047 a

1344 2060 1377 2120 La
1403 2055 1499 2115 salma
1528 2050 1608 2110 dello
1633 2046 1775 2106 scrittore
1801 2043 1889 2103 dott.
1910 2039 2023 2099 Arturo

1303 2097 1478 2157 Schnitzler
1504 2091 1587 2151 vorrà
1617 2087 1771 2147 tumulata
1801 2082 1930 2142 domani
1952 2076 2035 2136 mat-

1310 2139 1370 2199 tina
1404 2135 1439 2195 al
1465 2132 1611 2192 Cimitero
1641 2126 1809 2186 israelitico
1840 2121 1873 2181 di
1900 2119 2037 2179 Vionna.

1304 2178 1334 2238 Il
1352 2177 1434 2237 figlio
1456 2173 1533 2233 dollo
1560 2169 1702 2229 scrittore
1729 2166 1763 2226 ha
1789 2161 1984 2221 comuniento
2010 2160 2036 2220 le

1307 2217 1458 2277 seguenti
1485 2211 1588 2271 ultimo
1619 2208 1839 2268 disposizioni,
1857 2202 1969 2262 soritte
2000 2199 2034 2259 da

1310 2259 1363 2319 suo
1386 2255 1478 2315 podro
1501 2251 1607 2311 anoora
1634 2249 1656 2309 il
1670 2246 1776 2306 giorno
1798 2245 1824 2305 29
1847 2240 1944 2300 aprilo
1967 2239 2037 2299 1912

1310 2297 1519 2357 riguurdanti
1544 2293 1556 2353 i
1582 2289 1653 2349 suoi
1674 2288 1829 2348 funerali.
1854 2283 1929 2343 Esso
1959 2279 2042 2339 dico¬

1315 2333 1350 2393 no
1383 2334 1605 2394 testualmente
1621 2330 1629 2390 :
1658 2326 1884 2386 «Disposizioni
1905 2321 1961 2381 cho
1989 2318 2045 2378 do¬

1256 2375 1416 2435 sidero
1442 2373 1578 2433 vengano
1608 2367 1765 2427 osservate
1791 2366 1845 2426 nel
1861 2362 1931 2422 cuso
1957 2360 2037 2420 della

1315 2418 1374 2478 min
1406 2414 1528 2474 morte:
1548 2411 1717 2471 pugnalata
1749 2406 1784 2466 al
1804 2406 1914 2466 ouore,
1938 2400 2048 2460 nessu¬

1315 2457 1351 2517 na
1381 2455 1512 2515 corona,
1535 2451 1645 2511 nessun
1674 2448 1824 2508 annuncio
1858 2443 2048 2503 mortuario,

1320 2497 1479 2557 nemmeno
1509 2494 1561 2554 nei
1583 2491 1733 2551 giornali,
1755 2485 1896 2545 funerali
1918 2483 1952 2543 di
1974 2481 2051 2541 ulti¬

1323 2538 1366 2598 ma
1394 2536 1507 2596 classe.
1524 2533 1539 2593 I
1555 2532 1669 2592 denari
1685 2528 1736 2588 che
1760 2527 1909 2587 verranno
1933 2523 2055 2583 rispar¬

1321 2578 1417 2638 miati
1434 2577 1459 2637 in
1485 2573 1589 2633 questo
1615 2572 1699 2632 modo
1724 2568 1808 2628 siano
1830 2563 1972 2623 dovoluti
1989 2563 2056 2623 agli

1285 2617 1479 2677 ospedali.
1500 2611 1617 2671 Nessun
1650 2609 1799 2669 discorso.
1821 2606 1991 2666 Omissione
2019 2602 2055 2662 di

1324 2656 1404 2716 tutto
1433 2655 1457 2715 lo
1486 2652 1648 2712 cerimonio
1677 2649 1803 2709 rituali,
1828 2646 1889 2706 Non
1918 2643 2043 2703 portato

1328 2697 1407 2757 lutto
1432 2694 1507 2754 dopo
1537 2694 1557 2754 la
1587 2694 1645 2754 mia
1675 2690 1787 2750 morte,
1809 2688 1863 2748 non
1897 2686 1921 2746 lo
1947 2682 2047 2742 voglio

1258 2736 1591 2796 ente.
1719 2730 1888 2790 Firmto:
1931 2727 2047 2787 Arturo

1331 2778 1543 2838 Schnitzlers.

1560 2951 1695 3011 Extract
1714 2951 1776 3011 from

1471 3079 1666 3139 Yorkshire
1720 3076 1856 3136 Herald

1613 3139 1714 3199 York

1595 3252 1606 3312 2
1646 3252 1669 3312 3
1721 3258 1807 3318 LCI.
1823 3271 1933 3331 1951.

1356 3351 1749 3411 NOVELIST’S
1793 3359 1989 3419 WILL.

1371 3456 1502 3516 "Let
1527 3458 1603 3518 Me
1643 3464 1704 3524 Be
1736 3467 1953 3527 Stabbed

1364 3528 1590 3588 Through
1637 3530 1712 3590 the
1751 3533 1955 3593 Heart.'

1669 3617 1839 3677 VIENNA,
1856 3623 2031 3683 Thursday.

1322 3645 1396 3705 “Let
1423 3648 1466 3708 me
1498 3650 1528 3710 be
1555 3652 1677 3712 stabbed
1727 3656 1853 3716 through
1898 3659 1950 3719 the
1982 3659 2064 3719 heart

1290 3682 1386 3742 before
1407 3683 1418 3743 I
1435 3684 1463 3744 am
1500 3685 1624 3745 buried,"
1653 3688 1673 3748 is
1690 3688 1734 3748 the
1755 3690 1811 3750 last
1828 3691 1940 3751 requeet
1957 3693 1985 3753 of
2005 3694 2061 3754 Dr.

1293 3718 1402 3778 Arthur
1426 3721 1603 3781 Schnitzler,
1623 3724 1669 3784 tho
1694 3724 1826 3784 Austrian
1854 3729 1980 3789 novelist
2000 3730 2050 3790 and

1291 3754 1482 3814 playwright,
1496 3757 1647 3817 sspresd
1675 3760 1697 3820 in
1725 3760 1770 3820 his
1789 3762 1862 3822 will.

1320 3787 1379 3847 Dr.
1396 3790 1561 3850 Schnitzler
1603 3792 1662 3852 also
1709 3796 1857 3856 requested
1904 3799 1976 3859 that
2018 3801 2060 3861 his

1285 3823 1405 3883 funeral
1423 3826 1519 3886 should
1565 3827 1599 3887 bo
1620 3828 1653 3888 of
1687 3829 1736 3889 tho
1775 3832 1908 3892 simplest
1930 3835 2055 3895 possible

1285 3859 1404 3919 nature,
1417 3861 1467 3921 and
1496 3862 1559 3922 that
1579 3865 1606 3925 no
1631 3865 1782 3925 mourning
1806 3868 1901 3928 should
1925 3868 1957 3928 be
1981 3868 2056 3928 worn

1286 3893 1325 3953 for
1346 3893 1419 3953 him,
1440 3895 1483 3955 the
1509 3899 1607 3959 money
1628 3902 1696 3962 thus
1717 3903 1795 3963 saved
1821 3904 1904 3964 being
1930 3906 2048 3966 devoted

1286 3927 1308 3987 to
1335 3930 1496 3990 hospitals.

1321 3961 1409 4021 There
1432 3963 1502 4023 wore
1525 3964 1546 4024 to
1569 3964 1599 4024 be
1622 3966 1653 4026 no
1675 3969 1816 4029 wreaths,
1830 3972 1865 4032 no
1883 3975 2051 4035 ceremony,

1283 3996 1317 4056 no
1339 3998 1451 4058 privete
1473 4002 1580 4062 notices
1598 4005 1628 4065 of
1645 4005 1688 4065 his
1706 4007 1791 4067 death
1814 4008 1848 4068 by
1870 4008 1917 4068 the
1939 4013 2055 4073 family,

1284 4032 1313 4092 or
1334 4034 1367 4094 by
1393 4035 1441 4095 the
1461 4038 1560 4098 Press,
1580 4041 1629 4101 and
1654 4042 1683 4102 no
1709 4044 2018 4104 speeches.—Reuter.

2241 61 2460 121 Ausschmt
2489 61 2573 121 aus?

2154 261 2380 321 AUSSCHNITT
2403 261 2454 321 VOM

2554 308 2629 368 23.
2656 306 2748 366 OKI.
2766 311 2875 371 1931

2166 452 2406 512 Berliner
2457 452 2874 512 Volkszeitung.
2913 454 3087 514 Berlin

2464 514 2800 574 Morgenausgabe

2221 616 2542 676 „Begräbnis
2577 616 2768 676 letzter
2803 615 2984 675 Klasse

2227 694 2467 754 Schnitzlers
2498 688 2739 748 letztwillige
2781 691 3003 751 Verfügung

2662 761 2776 821 Wien,
2793 762 2844 822 22.
2860 758 3001 818 Oktober.

2257 819 2318 879 Das
2360 816 2532 876 Pegräbnis
2582 813 2698 873 Arthur
2742 813 2914 873 Schnitzlers
2963 810 3058 870 findet

2194 861 2308 921 morgen
2344 859 2447 919 püitsag
2483 860 2532 920 auf
2562 858 2611 918 der
2642 857 2781 917 jüdischen
2817 855 2975 915 Abteilung
3010 855 3054 915 des

2202 904 2466 964 Zentralftiedhofs
2497 901 2574 961 statt.
2627 900 2683 960 Die
2715 900 2896 960 israelitische
2928 897 3057 957 Kultus¬

2200 948 2346 1008 gemeinde
2374 947 2425 1007 hat
2459 945 2506 1005 dem
2549 945 2624 1005 toten
2662 945 2774 1005 Dichter
2808 943 2850 1003 ein
2884 942 3057 1002 Ehrengrab

2200 991 2363 1051 gewidmet.
2402 988 2463 1048 Der
2493 988 2574 1048 Sohn
2608 987 2655 1047 des
2685 987 2900 1047 Verblichenen,
2924 986 3053 1046 Heinrich

2201 1034 2372 1094 Schnitzler,
2393 1033 2458 1093 teilt
2484 1031 2530 1091 den
2566 1031 2697 1091 Blättern
2733 1029 2864 1089 folgende
2895 1028 3062 1088 letztwillige

2202 1078 2368 1138 Verfügung
2400 1077 2488 1137 seines
2520 1076 2628 1136 Vaters
2660 1076 2727 1136 mit,
2754 1077 2795 1137 die
2827 1078 2868 1138 sich
2900 1074 2920 1134 im
2967 1075 3061 1135 Nach¬

2205 1125 2245 1185 laß
2276 1124 2469 1184 vorgefunden
2500 1120 2561 1180 hat:

2625 1172 2739 1232 „Wien,
2753 1172 2803 1232 20.
2823 1169 2906 1229 April
2925 1167 3008 1227 1012.

2261 1225 2515 1285 Bestimmungen,
2538 1225 2586 1285 die
2614 1225 2651 1285 ich
2685 1227 2749 1287 nach
2777 1225 2885 1285 meinem
2934 1222 3053 1282 Ableben

2208 1276 2236 1336 zu
2270 1273 2387 1333 erfüllen
2417 1270 2500 1330 bittet

2268 1333 2415 1393 Herzstich!
2447 1332 2537 1392 Keine
2559 1330 2691 1390 Kränze!
2718 1330 2791 1390 Auch
2818 1330 2839 1390 in
2871 1330 2913 1390 der
2940 1330 3061 1390 Zeitung

2207 1380 2312 1440 nichts!
2343 1376 2515 1436 Begräbnis
2546 1375 2637 1435 letzter
2668 1375 2779 1435 Klasse!
2815 1373 2875 1433 Das
2906 1372 2992 1432 durch
3023 1371 3068 1431 die

2208 1423 2369 1483 Befolgung
2400 1421 2486 1481 dieser
2506 1416 2744 1476 Bestimmungen
2770 1416 2916 1476 erübrigte
2942 1415 3008 1475 Geld
3038 1411 3068 1471 ist

2213 1464 2256 1524 für
2285 1464 2496 1524 Spitalzwecke
2530 1462 2558 1522 zu
2597 1459 2784 1519 verwenden.
2833 1460 2924 1520 Keine
2958 1458 3068 1518 Reden!

2213 1509 2400 1569 Vermeidung
2431 1509 2499 1569 allen
2529 1506 2657 1566 rituellen
2687 1503 2830 1563 Beiwerke
2855 1503 3067 1563 (insbesondere

2209 1554 2480 1614 Leichenwächter).
2528 1548 2639 1608 Keiner
2687 1548 2910 1608 Trauerkleider
2958 1548 3058 1608 tragen

2212 1599 2272 1659 nach
2303 1599 2409 1659 meinem
2455 1596 2546 1656 Tode,
2567 1593 2683 1653 absolut
2714 1592 2800 1652 keine.

2692 1644 2804 1704 Ailhun
2832 1646 2957 1706 Ehnige

2214 2019 2914 2079 OBSERVER

2296 2073 2318 2133 I.
2333 2073 2454 2133 österr.
2464 2073 2613 2133 behördl.
2623 2076 2922 2136 konzessioniertes

2253 2115 2485 2175 Unternehmen
2515 2115 2559 2175 für
2589 2118 2974 2178 Zeitungs-Ausschnitte

2302 2172 2448 2232 WIEN,
2476 2178 2525 2238 I.,
2546 2179 2832 2239 WOLLZEILE
2881 2181 2922 2241 11

2402 2225 2613 2285 TELEPHON
2647 2228 2820 2288 R-23-0-43

2201 2370 2403 2430 Ausschnid
2438 2370 2527 2430 aus:
2562 2370 2663 2430 anx
2755 2343 2901 2403 TAase
2925 2325 2957 2385 e

2576 2513 2630 2573 93
2687 2472 2928 2532 Gl.1991

2199 2596 2309 2656 vom:

2321 2730 2482 2790 Arlhur
2517 2730 2721 2790 Schnitzlers
2756 2730 2849 2790 letzte
2884 2730 3062 2790 Wünsche.

2326 2790 2360 2850 U.
2381 2793 2505 2853 Wien,
2526 2793 2580 2853 22.
2602 2793 2725 2853 Orrover
2767 2791 2808 2851 Im
2851 2790 3057 2850 Machuden
3085 2786 3153 2846 ver¬

2261 2842 2404 2902 storbenen
2435 2842 2563 2902 Dichters
2588 2840 2696 2900 Arthur
2717 2840 2864 2900 söchnitzler
2890 2840 2988 2900 wurde
3014 2837 3078 2897 auch
3108 2838 3147 2898 ein

2260 2891 2437 2951 Schreiben,
2461 2891 2514 2951 vom
2562 2891 2653 2951 April
2683 2891 2749 2951 1912
2784 2888 2907 2948 datiert,
2937 2888 3095 2948 gefunden,
3124 2886 3147 2946 in

2264 2936 2310 2996 dem
2357 2939 2408 2999 der
2445 2939 2559 2999 Dichter
2595 2938 2647 2998 für
2679 2938 2730 2998 den
2766 2939 2839 2999 Fall
2870 2936 2963 2996 seines
3000 2936 3149 2996 Ablebens

2270 2987 2470 3047 Verfügungen
2514 2987 2714 3047 dahingehend
2758 2987 2855 3047 trifft,
2883 2987 2936 3047 daß
2980 2987 3012 3047 an
3056 2984 3148 3044 seiner

2269 3037 2355 3097 Leiche
2384 3038 2436 3098 der
2470 3038 2604 3098 Herzstich
2643 3035 2863 3095 vorgenommen
2902 3035 3011 3095 werde.
3036 3035 3150 3095 Ferner

2266 3085 2388 3145 wünscht
2415 3086 2446 3146 er
2473 3085 2536 3145 ein
2569 3085 2987 3145 Leichenbegängnis
3014 3082 3156 3142 latzter

2265 3136 2426 3196 Klasse,
2447 3134 2501 3194 das
2528 3133 2623 3193 davon
2654 3133 2805 3193 erübrigte
2836 3133 2906 3193 Geld
2943 3131 2992 3191 soll
3018 3130 3159 3190 Spitals¬

2271 3186 2379 3246 zwecken
2409 3183 2565 3243 zugeführt
2590 3184 2717 3244 werden.
2742 3184 2854 3244 Ferner
2880 3181 3002 3241 wünscht
3022 3181 3051 3241 er
3081 3178 3154 3238 keine

2835 3231 2903 3291 .n
2973 3229 3159 3289 Begräbnin,

2266 3232 2397 3292 rituellen
2466 3232 2777 3292 Nebensächlichkeiten

2265 3282 2376 3342 keine
2414 3281 2568 3341 Parten
2611 3282 2685 3342 und
2723 3279 2807 3339 auch
2840 3279 2956 3339 keine
2989 3276 3158 3336 Ankün¬

2266 3333 2477 3393 digungen
2532 3329 2556 3389 in
2611 3330 2660 3390 den
2715 3327 2892 3387 Zeitungen.
2946 3327 2985 3387 Er
3035 3325 3157 3385 wünscht

2270 3378 2383 3438 keine
2425 3378 2605 3438 Kränze,
2637 3378 2750 3438 keine
2787 3376 3056 3436 Leichenrede
3098 3372 3154 3432 und

2269 3429 2421 3489 verlangt,
2442 3429 2490 3489 daß
2515 3429 2653 3489 niemand
2678 3426 2742 3486 nach
2767 3426 2811 3486 ihm
2846 3426 2954 3486 Trauer
2979 3426 3072 3486 tragen
3102 3423 3165 3483 soll.

2452 3493 2520 3553 Der
2558 3494 2770 3554 literarische
2808 3491 2978 3551 Nachlaß.

2322 3548 2363 3608 S.
2389 3551 2513 3611 Wien,
2545 3553 2596 3613 22.
2618 3551 2763 3611 Oktober.
2789 3551 2825 3611 Im
2872 3548 2996 3608 Nachlaß
3033 3547 3152 3607 Arthur

2273 3603 2519 3663 Schnitzlers
2565 3599 2700 3659 befindet
2742 3601 2786 3661 sich
2832 3599 2872 3659 ein
2903 3598 3089 3658 Schauspiel,
3109 3592 3154 3652 be¬

2273 3650 2370 3710 titelt:
2392 3651 2468 3711 „Zug
2495 3650 2541 3710 der
2568 3648 2743 3708 Schatten".
2759 3647 2893 3707 Daneben
2930 3649 2981 3709 hat
3003 3647 3152 3707 Schnitzler

2270 3695 2333 3755 auch
2379 3697 2411 3757 an
2461 3697 2538 3757 einem
2593 3697 2706 3757 Roman
2753 3697 2930 3757 gearbeitet.
2967 3696 3003 3756 Zu
3049 3692 3139 3752 selnem

2269 3745 2465 3805 literarischen
2499 3745 2792 3805 Nachlaßverwalter
2821 3745 2868 3805 hat
2893 3743 3051 3803 Schnitzler
3080 3741 3151 3801 schon

2275 3794 2321 3854 vor
2349 3796 2461 3856 Jahren
2495 3794 2541 3854 den
2574 3795 2789 3855 Dramaturgen
2827 3795 2873 3855 der
2902 3793 3037 3853 Berliner
3066 3790 3159 3850 Rein¬

2276 3844 2499 3904 hardt=Bühnen
2530 3844 2590 3904 Dr.
2611 3846 2712 3906 Franz
2733 3847 2850 3907 Horch
2881 3843 3002 3903 bestellt.
