3344 4384
264 1255 372 1315 WIEN
404 1260 538 1320 onsdag.
586 1262 642 1322 (T.
659 1262 710 1322 T.)

260 1308 384 1368 Arthur
402 1308 578 1368 Schnitzler
597 1306 681 1366 avled
708 1309 760 1369 här
783 1309 827 1369 vid
849 1309 964 1369 7-tiden

223 1359 254 1419 pä
286 1357 579 1417 onsdagsaftonen.
633 1357 677 1417 Dä
709 1359 899 1419 författaren
931 1360 971 1420 pä

221 1405 467 1465 eftermiddagen
497 1403 664 1463 ätervände
689 1405 756 1465 frän
790 1408 819 1468 en
848 1408 973 1468 prome¬

218 1454 295 1514 nad,
313 1456 485 1516 drabbades
511 1455 566 1515 han
593 1456 627 1516 av
649 1456 825 1516 slaganfall
843 1459 894 1519 och
920 1457 971 1517 av¬

221 1505 261 1565 led
314 1503 384 1563 utan
438 1503 486 1563 att
513 1505 548 1565 ha
580 1506 716 1566 återfått
743 1506 973 1566 medvetandet.

221 1551 393 1611 Schnitzler
417 1554 510 1614 skulle
534 1556 547 1616 i
566 1557 631 1617 maj
655 1557 739 1617 nästa
767 1557 799 1617 år
819 1557 851 1617 ha
879 1557 968 1617 blivit

214 1603 255 1663 70
283 1604 318 1664 år
345 1603 498 1663 gammal.

260 1739 378 1799 Arthur
411 1739 584 1799 Schnitzler
612 1739 666 1799 var
694 1741 744 1801 den
772 1742 854 1802 stora
882 1742 972 1802 char-

218 1789 318 1849 mören
352 1790 442 1850 bland
472 1790 716 1850 förkrigstidens
746 1793 965 1853 tyskspräkiga

221 1838 412 1898 dramatiska
439 1841 630 1901 författare.
684 1841 741 1901 Det
769 1841 821 1901 har
848 1841 972 1901 tvistats

216 1889 282 1949 om,
300 1889 450 1949 huruvida
473 1889 525 1949 han
557 1889 610 1949 bör
628 1892 742 1952 räknas
765 1890 813 1950 till
831 1892 862 1952 de
884 1892 963 1952 stora

217 1936 362 1996 diktarna
393 1937 468 1997 (med
490 1936 574 1996 stort
592 1936 644 1996 S).
676 1936 971 1996 Yrkesmoralister¬

221 1986 249 2046 na
278 1984 310 2044 ha
339 1984 507 2044 emellanät
528 1984 650 2044 anmält
671 1984 728 2044 sitt
749 1984 900 2044 missnöje
925 1984 957 2044 bä

217 2035 248 2095 de
276 2034 335 2094 med
363 2034 439 2094 hans
463 2032 630 2092 skâdespel
649 2035 698 2095 och
722 2032 876 2092 noveller.
908 2035 967 2095 Att

218 2083 273 2143 han
306 2083 362 2143 var
390 2083 418 2143 en
452 2083 620 2143 fulländad
653 2083 746 2143 artist
774 2083 859 2143 torde
892 2083 961 2143 dock

222 2137 308 2197 ingen
342 2134 494 2194 bestrida.
557 2134 620 2194 Det
649 2134 701 2194 som
745 2135 854 2195 gjorde
888 2134 964 2194 hans

217 2181 451 2241 författarskap
479 2183 527 2243 och
558 2181 705 2241 speciellt
723 2184 802 2244 hans
825 2181 962 2241 sceniska

221 2233 311 2293 alster
363 2232 393 2292 sä
428 2233 618 2293 fängslande
649 2232 705 2292 var
736 2232 765 2292 en
800 2232 968 2292 egenartad

219 2280 386 2340 blandning
425 2282 461 2342 av
490 2280 662 2340 frivolitet,
686 2280 845 2340 sarkasm,
869 2280 971 2340 ömhet

217 2331 269 2391 och
305 2331 428 2391 vemod.
486 2331 685 2391 Atmosfären
721 2331 729 2391 i
756 2331 831 2391 hans
862 2331 972 2391 skäde-

223 2382 291 2442 spel
328 2379 341 2439 —
414 2381 463 2441 och
491 2379 636 2439 speciellt
660 2378 673 2438 i
691 2380 727 2440 de
751 2379 814 2439 med
846 2378 964 2438 teknisk

224 2429 336 2489 bravur
362 2429 503 2489 formade
533 2429 704 2489 enaktarna
734 2427 746 2487 —
797 2428 851 2488 har
876 2429 934 2489 nog
964 2429 976 2489 i

223 2480 323 2540 regeln
354 2479 434 2539 mera
464 2479 499 2539 av
530 2480 726 2540 drivhusluft
752 2478 787 2538 än
818 2477 852 2537 av
878 2477 973 2537 fjäll-

224 2528 308 2588 vind,
326 2528 387 2588 men
419 2528 467 2588 det
485 2528 679 2588 mästerskap
706 2528 768 2588 med
795 2528 887 2588 vilket
909 2528 962 2588 han

222 2579 333 2639 fängat
358 2579 390 2639 en
423 2578 484 2638 viss
508 2579 625 2639 tidstyp
658 2579 667 2639 —
714 2578 976 2638 njutningsmän-

222 2628 326 2688 niskan
351 2626 418 2686 med
443 2627 472 2687 en
497 2626 672 2686 bottensats
694 2626 727 2686 av
748 2626 919 2686 melankoli
936 2623 948 2683 —

221 2679 256 2739 är
279 2677 487 2737 oomtvistlig.
531 2677 593 2737 Det
616 2677 651 2737 är
678 2677 726 2737 den
758 2677 850 2737 nägot
877 2677 974 2737 mora¬

221 2725 292 2785 liskt
319 2728 479 2788 anfrätte,
507 2725 573 2785 men
609 2726 774 2786 älskvärde
810 2725 975 2785 ”levnads-

225 2776 430 2836 konstnären”
463 2776 509 2836 som
551 2776 588 2836 är
613 2779 729 2839 hjälten
757 2776 771 2836 i
795 2776 906 2836 mänga
935 2776 967 2836 av

222 2826 299 2886 hans
329 2826 556 2886 teaterstycken
591 2826 642 2886 och
677 2826 689 2886 i
716 2826 792 2886 hans
823 2824 977 2884 noveller.

223 2874 329 2934 Typen
360 2874 413 2934 var
441 2875 506 2935 utan
538 2874 635 2934 tvivel
658 2874 893 2934 karakteristisk
925 2874 977 2934 för

223 2925 274 2985 det
298 2925 390 2985 glada
423 2925 469 2985 och
503 2922 688 2982 lättsinniga
721 2922 804 2982 Wien
837 2922 846 2982 —
903 2925 967 2985 före

221 2974 332 3034 kriget.
395 2973 489 3033 Hans
516 2973 788 3033 kvinnogestalter
820 2973 873 3033 äro
904 2973 971 3033 ofta

267 3021 293 3081 i
317 3024 521 3084 motsättning
553 3024 603 3084 till
626 3021 657 3081 de
685 3023 780 3083 nägot
803 3022 976 3082 komplice¬

220 3071 288 3131 rade
325 3072 456 3132 männen
493 3073 504 3133 —
566 3071 651 3131 enkla
688 3071 741 3131 och
778 3071 977 3131 okonstlade,

223 3122 284 3182 små
311 3122 514 3182 butikflickor
536 3122 611 3182 eller
633 3122 849 3182 teaterråttor,
863 3122 973 3182 röran-

224 3173 251 3233 de
275 3173 289 3233 i
308 3173 350 3233 sin
379 3173 548 3233 osjälviska
576 3170 802 3230 hängivenhet.

261 3224 438 3284 Knappast
484 3224 584 3284 nägon
621 3223 821 3283 tyskspräkig
858 3222 972 3282 teater-

223 3271 395 3331 författare
423 3271 435 3331 i
458 3271 581 3331 nutiden
613 3271 697 3331 torde
729 3271 759 3331 ha
791 3271 879 3331 blivit
902 3271 981 3331 spe¬

221 3320 268 3380 lad
294 3319 323 3379 sá
350 3321 414 3381 ofta
440 3320 474 3380 på
505 3319 629 3379 svenska
660 3319 762 3379 scener
788 3321 883 3381 under
909 3321 973 3381 det-

220 3369 246 3429 ta
269 3367 367 3427 sekels
390 3370 488 3430 bägge
511 3370 614 3430 första
637 3370 797 3430 ärtionden
829 3370 878 3430 som
915 3370 976 3430 Ar-

224 3418 292 3478 thur
338 3418 535 3478 Schnitzler.
581 3418 819 3478 Anatolserien,
847 3421 980 3481 Alskog,

223 3466 391 3526 Professor
413 3468 608 3528 Bernhardi,
626 3468 688 3528 Det
711 3466 777 3526 vida
804 3468 910 3528 landet
932 3468 976 3528 m.

223 3516 262 3576 fl.
281 3513 355 3573 höra
383 3516 489 3576 säkert
511 3516 560 3576 tili
582 3516 617 3576 de
644 3516 888 3576 teaterminnen,
906 3516 954 3576 som

221 3561 252 3621 ej
274 3564 336 3624 helt
359 3564 544 3624 förbleknat
562 3564 615 3624 hos
642 3566 695 3626 den
722 3565 806 3625 äldre
833 3567 881 3627 och
908 3567 970 3627 me¬

222 3612 372 3672 delälders
401 3612 618 3672 generationen
647 3615 893 3675 stockholmare.

266 3660 484 3720 Världskriget
512 3662 580 3722 blev
608 3661 639 3721 en
677 3663 845 3723 gränspäle
872 3666 886 3726 i
914 3665 977 3725 Ar-

213 3707 290 3767 hur
337 3710 534 3770 Schnitzlers
576 3710 856 3770 författareskap.
893 3710 965 3770 IIan

218 3756 386 3816 upphörde
408 3758 439 3818 ej
457 3758 500 3818 att
523 3758 642 3818 skriva,
656 3758 717 3818 men
744 3758 797 3818 det
815 3761 969 3821 förkrigs¬

223 3802 326 3862 Wien,
352 3806 420 3866 vars
447 3806 606 3866 atmosfär
632 3809 687 3869 han
722 3806 821 3866 bättre
851 3806 885 3866 än
916 3808 975 3868 nä-

221 3857 274 3917 gon
323 3854 460 3914 förstätt
505 3854 554 3914 att
598 3855 718 3915 fånga,
740 3857 913 3917 existerade
945 3858 971 3918 ej

218 3902 343 3962 längre.
386 3902 451 3962 Den
503 3905 563 3965 nya
598 3905 818 3965 generationen
853 3905 969 3965 krävde

224 3950 370 4010 skarpare
397 3949 547 4009 kryddor.
583 3952 645 4012 Den
672 3952 858 4012 fulländade
880 3953 973 4013 artis-

223 4000 287 4060 ten,
307 4000 562 4060 stämningarnas
590 4000 639 4060 och
672 4000 865 4060 nyansernas
890 4001 970 4061 mäs-

223 4046 299 4106 tare,
339 4048 394 4108 var
438 4048 467 4108 ej
489 4048 601 4108 längre
627 4048 751 4108 mannen
782 4051 833 4111 för
860 4051 975 4111 dagen.

223 4096 288 4156 Han
320 4096 466 4156 tillhörde
493 4096 546 4156 det
568 4099 745 4159 förgängna
777 4098 785 4158 —
834 4098 869 4158 om
910 4101 962 4161 han

221 4143 305 4203 ocksä
354 4145 464 4205 ätnjöt
487 4143 539 4203 den
571 4146 725 4206 vördnad,
743 4146 791 4206 som
832 4146 968 4206 tillkom-

221 4192 283 4252 mer
307 4191 356 4251 den
384 4194 433 4254 som
470 4194 496 4254 en
524 4195 601 4255 gång
628 4196 705 4256 stätt
724 4195 737 4255 i
755 4196 850 4256 första
873 4197 968 4257 ledet.

1135 1472 1842 1532 DOBSERVER

1219 1524 1240 1584 I.
1254 1524 1375 1584 österr.
1385 1527 1537 1587 behördl.
1551 1533 1852 1593 konzessioniertes

1174 1565 1405 1625 Unternehmen
1436 1569 1483 1629 für
1509 1573 1895 1633 Zeitungs-Ausschnitte

1232 1627 1375 1687 WIEN,
1402 1632 1448 1692 I.,
1475 1635 1757 1695 WOLLZEILE
1811 1638 1849 1698 11

1321 1682 1534 1742 TELEPHON
1569 1683 1748 1743 R-23-0-43

1151 1844 1336 1904 Folkets
1377 1850 1589 1910 Dagblad
1637 1856 1862 1916 Politiken

1232 2008 1593 2068 1

1198 2280 1419 2340 Arthur
1461 2280 1774 2340 Schnitzler
1827 2279 1917 2339 dod

1247 2388 1390 2448 WIEN,
1414 2391 1575 2451 onsdag.
1600 2393 1718 2453 (TT.)

1240 2441 1374 2501 Arthur
1409 2438 1613 2498 Schnitzler
1648 2440 1747 2500 avled
1787 2441 1851 2501 här
1887 2441 1930 2501 vid

1185 2489 1320 2549 7-tiden
1351 2489 1390 2549 på
1416 2489 1749 2549 onsdagsaftonen.
1780 2489 1829 2549 Dà
1860 2489 1930 2549 för-

1185 2540 1343 2600 fattaren
1376 2540 1413 2600 på
1447 2540 1735 2600 eftermiddagen
1768 2540 1936 2600 ätervän¬

1184 2585 1225 2645 de
1277 2588 1356 2648 från
1413 2588 1450 2648 en
1483 2588 1702 2648 promenad,
1726 2588 1931 2648 drabbades

1187 2635 1247 2695 han
1290 2635 1327 2695 av
1365 2635 1571 2695 slaganfall
1600 2637 1660 2697 och
1698 2637 1800 2697 avled
1839 2638 1922 2698 utan

1182 2686 1240 2746 att
1309 2686 1350 2746 ha
1428 2686 1587 2746 återfatt
1660 2686 1934 2746 medvetandet.

1184 2734 1387 2794 Schnitzler
1412 2734 1526 2794 skulle
1556 2734 1571 2794 i
1592 2736 1670 2796 maj
1696 2737 1794 2797 nästa
1825 2737 1864 2797 år
1890 2737 1928 2797 ha

1188 2784 1287 2844 blivit
1319 2784 1355 2844 70
1392 2784 1428 2844 år
1460 2785 1638 2845 gammal.

1229 2910 1368 2970 Arthur
1397 2910 1598 2970 Schnitzler
1632 2910 1694 2970 har
1723 2910 1852 2970 skrivit
1882 2912 1915 2972 en

1182 2961 1306 3021 mängd
1345 2961 1555 3021 skådespel,
1579 2960 1684 3020 varav
1713 2961 1804 3021 flera
1833 2962 1924 3022 upp-

1179 3009 1269 3069 förts
1299 3009 1313 3069 i
1337 3009 1567 3069 Stockholm.
1596 3009 1730 3069 Läkare
1764 3009 1821 3069 till
1869 3011 1916 3071 sin

1179 3059 1375 3119 utbildning
1440 3057 1577 3117 ägnade
1637 3059 1700 3119 han
1740 3061 1784 3121 sig
1823 3059 1921 3119 snart

1175 3107 1251 3167 helt
1300 3110 1342 3170 åt
1386 3107 1634 3167 litteraturen.
1659 3107 1673 3167 I
1702 3107 1922 3167 Schnitzlers

1179 3156 1251 3216 rika
1288 3156 1502 3216 produktion
1543 3158 1683 3218 âterges
1716 3155 1779 3215 den
1821 3155 1925 3215 wien¬

1174 3206 1229 3266 ska
1282 3206 1506 3266 stämningen
1567 3206 1627 3266 och
1658 3206 1722 3266 han
1758 3206 1817 3266 har
1844 3209 1900 3269 som

1182 3255 1359 3315 knappast
1388 3256 1498 3316 nägon
1537 3253 1637 3313 förut
1666 3255 1824 3315 skildrat
1853 3254 1910 3314 den

1337 3301 1487 3361 wienske
1577 3304 1929 3364 levnadsnjutaren.

1174 3304 1251 3364 rike

1174 3350 1371 3410 Blandning
1434 3349 1472 3409 av
1511 3350 1568 3410 vek
1607 3352 1694 3412 lyrik
1738 3352 1795 3412 och
1834 3352 1920 3412 hän-

1164 3398 1303 3458 synslös
1325 3400 1452 3460 realism
1496 3400 1683 3460 utmärker
1706 3402 1797 3462 hans
1820 3401 1924 3461 verk.

1171 3448 1234 3508 Som
1280 3448 1502 3508 Schnitzlers
1534 3449 1625 3509 mest
1653 3451 1794 3511 typiska
1826 3451 1898 3511 form

1168 3495 1230 3555 kan
1260 3496 1336 3556 man
1366 3498 1445 3558 anse
1475 3496 1534 3556 den
1564 3498 1829 3558 diogaliserade
1859 3498 1921 3558 no¬

1174 3543 1278 3603 vellen
1320 3546 1410 3606 efter
1443 3546 1588 3606 franskt
1616 3546 1793 3606 mönster.
1871 3546 1912 3606 Pä

1164 3594 1284 3654 senare
1343 3591 1383 3651 år
1441 3594 1669 3654 behandlade
1705 3594 1911 3654 Schnitzler

1175 3642 1239 3702 med
1279 3642 1457 3702 förkrlek
1492 3643 1635 3703 judiska
1665 3642 1852 3702 problem.

2349 461 2543 521 Dagens
2586 458 2787 518 Nyheter

2492 612 2719 672 13

2268 709 2280 769 H
2411 712 2503 772 Eit
2558 712 2848 772 Teledugen
2912 715 3000 775 den

2310 915 2965 975 Schniizter

2521 1076 2791 1136 doa.

2712 2295 2830 2355 WIEN,
2851 2299 2979 2359 onsdag.

2312 2335 2375 2395 T.T.
2413 2337 2529 2397 Arthur
2557 2337 2731 2397 Schnitzler
2759 2340 2843 2400 avied
2876 2340 2929 2400 här
2961 2340 3003 2400 vid

2274 2380 2382 2440 7-tiden
2418 2381 2451 2441 på
2481 2381 2753 2441 onsdagsaftonen.
2793 2381 2837 2441 Dä
2867 2381 3010 2441 författa-

2269 2424 2318 2484 ren
2351 2425 2382 2485 på
2414 2423 2651 2483 eftermiddagen
2683 2426 2846 2486 ätervände
2878 2426 2937 2486 från
2974 2426 3000 2486 an

2268 2468 2431 2528 promenad
2496 2468 2668 2528 drabbades
2694 2468 2749 2528 han
2784 2468 2814 2528 av
2844 2470 3011 2530 slaganfall

2272 2513 2316 2573 och
2347 2513 2428 2573 avled
2458 2513 2524 2573 utan
2555 2513 2595 2573 att
2616 2513 2650 2573 ha
2676 2513 2802 2573 âterfâtt
2823 2513 3004 2573 medvetan¬

2270 2555 2338 2615 det.

2303 2633 2360 2693 Den
2399 2635 2432 2695 15
2466 2635 2533 2695 maj
2562 2636 2648 2696 nästa
2682 2636 2715 2696 år
2749 2638 2850 2698 skulle
2889 2638 3003 2698 Arthur

2271 2683 2438 2743 Schnitzler
2468 2683 2536 2743 fyllt
2566 2683 2669 2743 sjuttio
2699 2683 2747 2743 år,
2772 2683 2821 2743 och
2856 2684 2890 2744 de
2920 2686 3003 2746 stora

2273 2729 2419 2789 teatrarna
2446 2728 2459 2788 i
2481 2731 2560 2791 Wien
2592 2731 2667 2791 hade
2694 2731 2782 2791 redan
2814 2733 2920 2793 börjat
2942 2731 3004 2791 för-

2269 2776 2372 2836 bereda
2406 2779 2800 2839 hyliningsprogrammen.
2855 2779 2921 2839 Men
2959 2779 3005 2839 la¬

2264 2823 2488 2883 gerkransarna
2523 2824 2574 2884 som
2626 2823 2755 2883 väntade
2790 2825 2824 2885 ha
2863 2826 2875 2886 i
2902 2826 3009 2886 stället

2268 2869 2352 2929 blivit
2401 2871 2755 2931 begravningskransar;
2800 2874 2853 2934 den
2907 2874 3004 2934 gamle

2265 2919 2411 2979 maestron
2446 2919 2497 2979 har
2523 2919 2612 2979 blivit
2634 2920 2758 2980 inropad
2789 2919 2818 2979 pa
2849 2920 2900 2980 den
2931 2922 2999 2982 scen

2266 2967 2327 3027 från
2359 2967 2456 3027 vilken
2492 2967 2558 3027 man
2590 2967 2656 3027 icke
2687 2967 2802 3027 vänder
2830 2967 2975 3027 tillbaka.

2300 3014 2398 3074 Döden
2429 3012 2441 3072 —
2485 3015 2531 3075 det
2553 3015 2583 3075 är
2609 3013 2759 3073 ingenting
2789 3015 2832 3075 som
2875 3015 2905 3075 är
2927 3017 2999 3077 obe¬

2268 3062 2343 3122 kant
2370 3060 2414 3120 för
2441 3062 2568 3122 honom.
2613 3062 2670 3122 Det
2697 3062 2732 3122 är
2759 3062 2812 3122 det
2839 3062 2891 3122 ena
2923 3062 3002 3122 stora

2265 3108 2390 3168 motivet
2414 3108 2428 3168 i
2452 3110 2526 3170 hans
2554 3109 2638 3169 dikt;
2662 3110 2811 3170 Kärleken
2844 3110 2923 3170 hette
2952 3110 3003 3170 det

2264 3155 2376 3215 andra.
2410 3155 2519 3215 Mánga
2548 3155 2598 3215 üro
2624 3155 2786 3215 dramerna
2816 3158 2866 3218 och
2896 3157 3004 3217 novel¬

2268 3203 2342 3263 lerna
2368 3204 2422 3264 han
2448 3203 2560 3263 skrivit
2578 3203 2590 3263 —
2632 3204 2753 3264 dramer
2774 3204 2820 3264 som
2858 3206 3000 3266 "Anatol"

2266 3250 2310 3310 och
2352 3250 2534 3310 "Liebelei"

2576 3249 2788 3309 "Paracelsus"
2828 3253 2876 3313 och
2921 3253 3000 3313 "Der

2265 3298 2355 3358 grüne
2380 3298 2547 3358 Kakadu",
2562 3296 2638 3356 "Das
2663 3298 2748 3358 weite
2768 3301 2892 3361 Land”,
2907 3298 2997 3358 "Pro¬

2262 3346 2356 3406 fessor
2393 3348 2598 3408 Bernhardi",
2626 3349 2794 3409 "Komödie
2835 3349 2885 3409 der
2922 3346 2999 3406 Ver¬

2262 3394 2434 3454 führung",
2462 3394 2598 3454 noveller
2636 3394 2685 3454 som
2735 3397 2813 3457 "Der
2849 3396 2918 3456 Weg
2959 3397 3004 3457 ins

2262 3442 2379 3502 Freie”,
2394 3442 2525 3502 "Doktor
2548 3442 2671 3502 Gräsler
2695 3442 2876 3502 Badearzt”,
2890 3443 3004 3503 "Casa¬

2257 3489 2351 3549 novas
2373 3489 2579 3549 Heimfahrt",
2592 3489 2777 3549 "Therese”.
2807 3489 2876 3549 Men
2902 3492 2910 3552 i
2928 3489 3004 3549 stort

2264 3537 2320 3597 sett
2344 3537 2376 3597 är
2405 3537 2458 3597 det
2486 3537 2514 3597 en
2551 3537 2599 3597 och
2632 3537 2745 3597 samma
2774 3537 2919 3597 historia,
2940 3537 2992 3597 den

2261 3585 2289 3645 om
2332 3585 2461 3645 Anatol,
2478 3585 2641 3645 kärlekens
2671 3585 2909 3645 melankoliker,
2930 3585 2997 3645 dik-

2261 3633 2302 3693 ten
2332 3633 2365 3693 om
2403 3633 2532 3693 Reigen,
2553 3632 2721 3692 drifternas
2742 3633 2913 3693 dödsdans.

2292 3681 2336 3741 Av
2388 3681 2524 3741 gammal
2565 3681 2756 3741 läkarfamilj
2784 3681 2912 3741 började
2940 3681 2994 3741 han

2259 3730 2331 3790 själv
2380 3728 2428 3788 som
2494 3727 2680 3787 medicinare
2729 3726 2778 3786 och
2831 3728 2887 3788 har
2932 3728 2980 3788 som

2255 3776 2432 3836 laryngolog
2481 3773 2594 3833 skrivit
2635 3774 2667 3834 om
2716 3773 2833 3833 röstens
2865 3773 2990 3833 nervösa

2255 3824 2460 3884 rubbningar.
2504 3821 2573 3881 Men
2626 3821 2682 3881 när
2731 3821 2787 3881 han
2827 3821 2997 3881 trettioärig

2256 3872 2373 3932 lämnar
2419 3869 2587 3929 medicinen
2634 3869 2683 3929 för
2711 3869 2901 3929 litteraturen
2938 3869 2988 3929 och

2255 3916 2357 3976 börjar
2395 3918 2553 3978 analysera
2591 3916 2727 3976 erotiken
2765 3916 2802 3976 är
2835 3916 2891 3976 han
2934 3916 2994 3976 inte

2259 3965 2381 4025 doktorn
2417 3964 2467 4024 som
2517 3964 2567 4024 vet
2594 3964 2648 4024 bot
2681 3964 2726 4024 för
2758 3964 2862 4024 soten.
2917 3964 2989 4024 "Die

2260 4012 2352 4072 Dinge
2379 4012 2487 4072 spielen
2515 4012 2569 4072 sich
2602 4012 2656 4072 ab,
2673 4012 2711 4072 ich
2744 4012 2819 4072 kann
2846 4012 2890 4072 sie
2912 4012 2993 4072 nicht

2255 4060 2405 4120 ändern",
2427 4060 2513 4120 lyder
2543 4059 2628 4119 redan
2667 4060 2740 4120 hans
2771 4057 2951 4117 bekännelse
2981 4060 2994 4120 i

2252 4107 2540 4167 ungdomsnovellen
2576 4105 2668 4165 "Mein
2695 4105 2810 4165 Freund
2842 4105 2996 4165 Ypsilon".

2254 4154 2426 4214 Människor
2453 4152 2555 4212 födas,
2578 4152 2657 4212 älska
2684 4152 2733 4212 och
2760 4152 2817 4212 dö,
2836 4152 2902 4212 leka
2924 4152 2972 4212 som

2255 4201 2371 4261 fjärilar
2392 4200 2440 4260 och
2473 4200 2553 4260 frysa
2578 4200 2647 4260 bort
2671 4200 2715 4260 som
2756 4200 2808 4260 de.
2845 4200 2905 4260 Han
2934 4200 2990 4260 har

2258 4247 2310 4307 inte
2334 4245 2448 4305 musten
2476 4245 2525 4305 och
2554 4245 2671 4305 kraften
2700 4247 2748 4307 som
2789 4247 2874 4307 Knut
2895 4246 2987 4306 Ham¬
