3392 4320
191 306 219 366 2

338 315 919 375 Schnitzler's
988 318 1225 378 Death

1428 324 1568 384 box
1647 326 1890 386 43/18

370 778 1079 838 DOBSERVER

448 834 470 894 I.
488 834 609 894 österr.
618 837 770 897 behördl.
784 840 1088 900 konzessioniertes

403 876 642 936 Unternehmen
670 877 720 937 für
744 882 1134 942 Zeitungs-Ausschnitte

454 933 607 993 WIEN,
634 939 680 999 I.,
707 942 994 1002 WOLLZEILE
1041 944 1081 1004 11

553 988 771 1048 TELEPHON
803 992 979 1052 R-23-0-43

344 1128 568 1188 Ausschnitt
592 1130 683 1190 aus:

339 1322 455 1382 Extrait
474 1325 502 1385 de
521 1328 534 1388 :

628 1365 885 1425 L'AVAMIR,

1204 1381 1251 1441 28

328 1394 466 1454 .
481 1424 888 1484 .

1144 1445 1323 1505 OCIOSRE

655 1490 790 1550 PATS
819 1493 871 1553 2.

325 1494 406 1554 Date
422 1497 437 1557 :

1182 1507 1301 1567 1931

320 1564 403 1624 Signé
423 1567 435 1627 1

266 1631 321 1691 Mul

438 1630 617 1690 eaeanse
628 1631 674 1691 ata
713 1631 1318 1691 tenätktäiaieiäan
1347 1634 1488 1694 eckestäis
1508 1634 1924 1694 ese=

563 1765 873 1825 THUR
1001 1769 1764 1829 SCHNITZLER

720 1835 1411 1895 teccaaoes

270 1899 327 1959 a
356 1907 459 1967 pperte
494 1907 649 1967 d'Arthur
690 1908 885 1968 Schnitzler,
903 1909 931 1969 le
972 1909 1092 1969 grand,
1105 1909 1162 1969 Les
1186 1912 1323 1972 derniers
1353 1914 1507 1974 Masques,
1531 1915 1565 1975 La
1594 1915 1738 1975 Comédie
1767 1915 1818 1975 des
1842 1913 1922 1973 Mots

247 1945 446 2005 dromslurge
475 1949 637 2009 viennois,
671 1949 785 2009 atteint
814 1951 1013 2011 cruellement
1042 1951 1070 2011 le
1105 1954 1275 2014 (plusieurs
1300 1955 1332 2015 de
1357 1957 1404 2017 ces
1428 1955 1528 2015 pièces
1553 1954 1609 2014 ont
1629 1955 1676 2015 été
1700 1956 1804 2016 jouées
1828 1957 1837 2017 à
1867 1953 1928 2013 Pa¬

242 1988 367 2048 thédtre
396 1991 534 2051 moderne
567 1993 618 2053 des
641 1993 720 2053 pays
749 1995 892 2055 centraux
925 1995 952 2055 et
976 1992 1068 2052 mêmo
1107 1991 1180 2051 ris).
1204 1994 1241 2054 Sa
1274 1996 1352 2056 pièce
1380 1996 1408 2056 la
1436 1996 1505 2056 plus
1534 1996 1724 2056 dramatique
1757 1997 1784 2057 et
1808 1998 1830 2058 la
1863 1997 1928 2057 plu¬

249 2033 271 2093 le
294 2028 448 2088 Théâtre.

1100 2034 1228 2094 durable
1255 2034 1316 2094 sera
1347 2037 1383 2097 Le
1409 2037 1578 2097 Perroquet
1605 2034 1681 2094 Vert
1703 2034 1712 2094 —
1765 2038 1779 2098 «
1811 2040 1857 2100 jeu
1883 2037 1908 2097 in

291 2076 321 2136 Il
343 2076 374 2136 ne
401 2077 469 2137 peut
496 2076 574 2136 faire
595 2079 626 2139 de
653 2079 743 2139 doute
764 2079 821 2139 que
843 2079 927 2139 notre
953 2079 1068 2139 Société

1110 2076 1213 2136 fernal
1236 2077 1263 2137 et
1286 2077 1335 2137 fou
1362 2079 1398 2139 de
1421 2079 1447 2139 la
1475 2079 1519 2139 vie
1543 2079 1610 2139 avec
1637 2079 1659 2139 la
1687 2079 1817 2139 comédie
1844 2079 1871 2139 et
1889 2079 1925 2139 de

252 2116 301 2176 des
331 2117 468 2177 Auteurs
499 2118 542 2178 ait
572 2118 740 2178 manifesté
770 2118 823 2178 sur
849 2120 966 2180 l'heure
997 2121 1006 2181 à
1041 2121 1065 2181 la

1103 2115 1127 2175 la
1157 2118 1288 2178 comédie
1308 2118 1376 2178 avec
1401 2118 1425 2178 la
1450 2118 1493 2178 vie
1519 2118 1548 2178 »,
1563 2118 1640 2178 sclon
1670 2119 1865 2179 l'expression
1895 2121 1924 2181 de

250 2158 347 2218 vieille
383 2160 511 2220 capitale
543 2160 723 2220 impériale,
749 2161 887 2221 citadelle
919 2163 1072 2223 respectée
1104 2158 1211 2218 Julius
1238 2158 1319 2218 Bab,
1335 2160 1360 2220 le
1382 2160 1474 2220 grand
1505 2160 1633 2220 critique
1660 2160 1818 2220 berlinois.

1139 2199 1178 2259 La
1213 2201 1439 2261 nomenclature
1464 2202 1503 2262 de
1528 2201 1577 2261 son
1607 2201 1710 2261 œuvre
1735 2205 1927 2265 dramatique

250 2199 284 2259 du
318 2199 448 2259 théôtre,
471 2202 624 2262 l'émotion
653 2205 811 2265 éprouvée
840 2207 896 2267 par
925 2207 992 2267 tous
1021 2205 1054 2265 no

251 2243 485 2303 dramaturges.

1106 2241 1151 2301 est
1175 2241 1243 2301 telle
1272 2243 1375 2303 qu'elle
1404 2243 1576 2303 remplirait
1599 2244 1656 2304 une
1680 2246 1811 2306 colonne
1834 2246 1868 2306 de
1898 2246 1926 2306 ce

292 2285 418 2345 Venans
441 2288 496 2348 peu
524 2288 617 2348 après
645 2290 666 2350 la
700 2288 777 2348 mort
799 2289 1081 2349 d'Ioffmansthal
1109 2283 1251 2343 journal.

1148 2324 1252 2384 Citons
1289 2324 1461 2384 seulement
1498 2324 1541 2384 Le
1578 2324 1670 2384 Voile
1708 2324 1744 2384 de
1788 2327 1928 2387 Béatrico

252 2328 305 2388 qui
326 2328 359 2388 ne
389 2329 516 2389 poutait
541 2330 712 2390 supporter
737 2330 761 2390 la
791 2330 972 2390 disparition
1002 2330 1074 2390 bru¬

1109 2363 1225 2423 (1900),
1244 2364 1347 2424 œuvre
1371 2366 1431 2426 très
1455 2366 1750 2426 shakespearienne,
1769 2368 1806 2428 Le
1835 2368 1928 2428 Jeune

245 2372 304 2432 tale
324 2372 357 2432 de
383 2372 427 2432 son
452 2370 520 2430 fils,
535 2372 559 2432 la
585 2372 629 2432 fin
654 2372 683 2432 de
708 2372 899 2432 Schnitzter,
915 2372 1072 2432 désespéré

250 2414 285 2474 du
316 2414 430 2474 suicide
454 2414 490 2474 de
521 2414 551 2474 sa
582 2414 665 2474 fille,
684 2414 762 2474 jette
787 2414 811 2474 la
841 2414 1070 2474 consternation
1107 2405 1234 2465 Médard
1277 2405 1396 2465 (1910),
1421 2408 1463 2468 La
1500 2408 1578 2468 Voie
1609 2410 1771 2470 Solitaire,
1796 2411 1856 2471 qui
1880 2409 1934 2469 fut

1113 2449 1195 2509 jouée
1224 2447 1237 2507 à
1274 2447 1362 2507 Paris
1395 2446 1450 2506 par
1478 2446 1657 2506 Basserman
1695 2449 1727 2509 au
1760 2449 1935 2509 Gymnase,

247 2452 315 2512 ches
346 2453 414 2513 tous
439 2455 512 2515 ceux
547 2454 600 2514 qui
620 2455 856 2515 connaissaient
881 2455 929 2515 son
959 2455 1076 2515 œuvre.

1106 2488 1282 2548 Interlude,
1297 2488 1348 2548 qui
1369 2488 1428 2548 fait
1449 2488 1555 2548 songer
1581 2489 1591 2549 à
1611 2491 1722 2551 Ibsen,
1738 2491 1773 2551 La
1798 2493 1929 2553 Contrée

289 2498 378 2558 Nous
409 2500 533 2560 n'avons
564 2499 618 2559 pas
649 2500 759 2560 encore
790 2500 894 2560 trouvé
925 2500 999 2560 dans
1030 2499 1069 2559 les

1104 2530 1266 2590 Solitaire,
1291 2531 1444 2591 Comtesse
1468 2533 1563 2593 Mizzi
1593 2530 1621 2590 et
1641 2533 1712 2593 cette
1737 2533 1822 2593 pièce
1847 2533 1870 2593 si
1890 2531 1933 2591 ai¬

252 2539 424 2599 quotidiens
448 2539 481 2599 de
510 2539 606 2599 Paris
630 2539 653 2599 la
683 2541 850 2601 chronique
879 2540 936 2600 que
961 2542 989 2602 le
1013 2541 1075 2601 res¬

252 2585 318 2645 pect
340 2581 373 2641 de
396 2581 516 2641 l'auvre
539 2581 572 2641 de
594 2581 771 2641 Schnitzler
794 2583 892 2643 aurait
915 2584 948 2644 dû
976 2583 1075 2643 inspi¬
1104 2575 1180 2635 guà,
1203 2572 1230 2632 si
1253 2572 1456 2632 passionnée,
1479 2572 1573 2632 écrite
1601 2573 1678 2633 dans
1706 2573 1738 2633 un
1778 2574 1926 2634 allemand

251 2623 315 2683 jer.
333 2623 397 2683 Elle
422 2623 557 2683 paraîtra
581 2623 805 2683 cortainement
829 2623 893 2683 sous
917 2625 940 2685 la
971 2625 1070 2685 plume
1106 2613 1230 2673 parfait
1260 2614 1289 2674 et
1313 2614 1400 2674 ciselé
1442 2614 1453 2674 :
1478 2614 1519 2674 Le
1549 2613 1731 2673 Professeur
1767 2616 1937 2676 Bernardi,

251 2664 285 2724 da
308 2664 434 2724 quelque
458 2663 572 2723 illustre
596 2663 722 2723 maître,
740 2664 814 2724 mais
832 2664 918 2724 notre
942 2666 1073 2726 regretté
1103 2656 1189 2716 pièce
1213 2655 1448 2715 d'opportunité
1477 2653 1529 2713 sur
1553 2654 1575 2714 la
1604 2655 1736 2715 question
1771 2658 1851 2718 juive
1881 2656 1932 2716 qui

246 2706 309 2766 am.
336 2705 477 2765 Fernand
515 2706 641 2766 Nozière
673 2706 809 2766 n'aurait
841 2706 898 2766 pas
925 2706 1020 2766 hésité
1052 2703 1062 2763 à
1099 2695 1262 2755 provoqua
1289 2696 1320 2756 de
1347 2697 1541 2757 nombreuses
1563 2697 1746 2757 discussions
1768 2700 1783 2760 à
1810 2700 1925 2760 Vienne

248 2746 392 2806 rappeler
413 2746 453 2806 ici
468 2748 644 2808 l'influence
665 2748 824 2808 constante
845 2748 880 2808 de
900 2748 1071 2808 Schnitzler
1107 2738 1136 2798 et
1157 2736 1231 2796 dans
1258 2738 1337 2798 toute
1363 2738 1578 2798 l'Allemagne.

1144 2778 1279 2838 L'œuvre
1307 2778 1344 2838 de
1373 2781 1573 2841 Schnitzler,
1583 2781 1732 2841 s'inscrira
1765 2781 1839 2841 dans
1872 2783 1927 2843 une

251 2787 321 2847 dana
352 2787 373 2847 le
400 2787 519 2847 théâtre
546 2788 687 2848 moderne
718 2790 731 2850 ;
754 2790 881 2850 suivons
904 2791 947 2851 ses
974 2791 1071 2851 tracet

1109 2820 1195 2880 place
1216 2820 1226 2880 à
1252 2820 1323 2880 part
1344 2820 1374 2880 au
1400 2821 1564 2881 répertoire
1585 2820 1615 2880 du
1641 2820 1753 2880 théâtre
1779 2823 1922 2883 allemand

252 2829 322 2889 avec
348 2829 403 2889 une
429 2829 610 2889 fraternelle
630 2829 725 2889 piété.

1102 2858 1247 2918 moderne
1274 2861 1287 2921 ;
1310 2861 1363 2921 elle
1390 2861 1425 2921 ne
1447 2861 1566 2921 montre
1590 2863 1682 2923 aucun
1714 2864 1864 2924 système,
1882 2866 1935 2926 elle

290 2873 464 2933 Schnitzler
493 2873 605 2933 naquit
635 2873 645 2933 à
679 2873 797 2933 Vienne
832 2873 860 2933 en
894 2873 984 2933 1862.
1012 2875 1068 2935 Son

1103 2900 1133 2960 ne
1168 2902 1327 2962 provoque
1362 2903 1417 2963 pas
1452 2903 1486 2963 de
1522 2903 1689 2963 révolution
1724 2906 1939 2966 dramatique,

253 2918 321 2978 père
341 2917 419 2977 était
434 2915 614 2975 professeur
635 2915 644 2975 à
669 2915 693 2975 la
718 2915 844 2975 Faculté
865 2915 898 2975 de
918 2917 1069 2977 Médecine

1106 2942 1176 3002 mais
1204 2942 1256 3002 alle
1285 2942 1331 3002 est
1351 2944 1529 3004 distinguée
1558 2945 1586 3005 et
1610 2945 1736 3005 sensible
1770 2948 1783 3008 ;
1803 2948 1835 3008 ce
1864 2948 1934 3008 sont

251 2962 281 3022 et
299 2957 369 3017 c'est
387 2957 417 3017 en
440 2958 466 3018 se
488 2957 664 3017 préparant
682 2957 690 3017 à
717 2957 840 3017 devenir
863 2957 985 3017 dooteur
1004 2957 1078 3017 qu'il

1104 2982 1159 3042 des
1183 2984 1326 3044 tableaux
1359 2984 1392 3044 de
1425 2984 1536 3044 mwurs
1565 2987 1615 3047 qui
1644 2987 1695 3047 ont
1723 2988 1858 3048 effleuré
1886 2988 1927 3048 les

252 3001 280 3061 se
304 2999 399 3059 sentit
423 3001 508 3061 attiré
537 3000 594 3060 par
618 3001 655 3061 les
680 3001 799 3061 Lettres
828 3002 856 3062 et
875 3002 932 3062 par
956 3002 979 3062 la
1009 2999 1075 3059 Mu¬

1104 3023 1271 3083 situations
1298 3023 1333 3083 de
1356 3026 1488 3086 l'amour
1511 3027 1554 3087 les
1582 3029 1652 3089 plus
1679 3030 1763 3090 osées
1790 3032 1860 3092 sans
1887 3029 1935 3089 ja¬

250 3041 352 3101 sique.

1103 3064 1176 3124 mais
1198 3065 1333 3125 révolter
1359 3067 1411 3127 qui
1433 3067 1485 3127 que
1512 3067 1542 3127 ce
1564 3067 1637 3127 soit.

293 3085 333 3145 On
375 3086 392 3146 a
428 3085 598 3145 l'habitude
634 3085 669 3145 de
705 3085 880 3145 considérer
922 3085 1074 3145 Gerhardt

1141 3106 1201 3166 Par
1229 3106 1360 3166 l'attrait
1389 3108 1422 3168 de
1450 3109 1501 3169 ces
1525 3109 1632 3169 études
1661 3109 1919 3169 psychologiques

251 3125 474 3185 Hauptmann,
497 3128 522 3188 le
554 3127 645 3187 grand
681 3127 882 3187 naturaliste,
909 3127 1018 3187 comme
1050 3130 1071 3190 le

1107 3149 1163 3209 par
1185 3148 1231 3208 son
1262 3148 1407 3208 humour,
1425 3150 1450 3210 sa
1476 3151 1695 3211 connaissance
1717 3151 1931 3211 approfondie

251 3170 320 3230 plus
339 3168 432 3228 grand
461 3169 557 3229 talent
577 3169 609 3229 de
628 3169 655 3229 sa
684 3169 878 3229 génération.
893 3169 1064 3229 Schnitzler

1108 3187 1139 3247 du
1171 3187 1252 3247 cœur
1284 3190 1423 3250 humain,
1447 3190 1469 3250 le
1496 3190 1613 3250 théâtre
1645 3190 1676 3250 de
1708 3193 1879 3253 Schnitzler
1907 3194 1920 3254 a

247 3211 531 3271 néo-romantique,
551 3211 662 3271 venant
686 3211 774 3271 après
798 3211 858 3271 lui,
877 3211 970 3271 serait
994 3211 1054 3271 alor

1108 3229 1270 3289 passionné
1297 3232 1336 3292 les
1359 3234 1437 3294 pays
1460 3235 1605 3295 centraux
1632 3235 1658 3295 et
1680 3235 1808 3295 suggéré
1834 3237 1931 3297 main¬

249 3252 275 3312 le
302 3250 429 3310 secona.

1105 3270 1151 3330 tes
1173 3270 1296 3330 études.

292 3295 323 3355 Il
343 3295 355 3355 a
381 3296 496 3356 montré
523 3297 598 3357 dans
619 3297 669 3357 son
695 3297 804 3357 œuvre
823 3297 849 3357 la
875 3297 971 3357 même
991 3297 1073 3357 incli¬

1145 3312 1228 3372 Nous
1253 3312 1362 3372 savons
1383 3315 1437 3375 que
1463 3313 1508 3373 cet
1530 3314 1642 3374 homme
1668 3316 1743 3376 doux
1773 3317 1797 3377 et
1819 3315 1935 3375 modes¬

251 3336 344 3396 nation
383 3337 603 3397 mélancolique
632 3336 703 3396 vers
731 3338 758 3398 la
792 3339 918 3399 nature,
941 3339 1017 3399 mais
1046 3341 1073 3401 l
1101 3346 1133 3406 te
1156 3354 1255 3414 révait
1272 3354 1365 3414 d'être
1388 3354 1525 3414 consacré
1548 3354 1558 3414 à
1581 3355 1669 3415 Paris
1692 3356 1707 3416 ;
1719 3355 1829 3415 l'a-t-il
1846 3357 1890 3417 été

252 3378 357 3438 semble
387 3379 449 3439 être
478 3378 555 3438 resté
589 3378 655 3438 plus
685 3378 844 3438 sceptique
878 3380 906 3440 et
931 3380 1003 3440 plus
1032 3381 1075 3441 su¬

1103 3394 1160 3454 Son
1194 3395 1342 3455 excellent
1362 3396 1558 3456 traducteur,
1578 3396 1711 3456 Maurice
1741 3398 1870 3458 Némon,
1884 3402 1922 3462 s'y

258 3420 400 3480 perficiel
424 3418 433 3478 :
453 3418 476 3478 il
496 3419 510 3479 a
539 3420 696 3480 travaillé,
715 3420 767 3480 sur
792 3421 834 3481 les
859 3420 996 3480 passions
1021 3418 1073 3478 hu¬

1103 3435 1150 3495 est
1185 3435 1327 3495 employé
1362 3438 1374 3498 ;
1401 3438 1490 3498 mais,
1513 3438 1581 3498 sans
1621 3439 1711 3499 doute
1754 3441 1845 3501 parce
1875 3441 1931 3501 que

252 3458 380 3518 mainas,
406 3461 501 3521 moins
535 3460 546 3520 a
580 3459 613 3519 en
647 3461 842 3521 prosondeur
875 3460 904 3520 ».
930 3459 1004 3519 Rien
1042 3461 1070 3521 ne

1104 3476 1276 3536 Schnitzler
1309 3478 1385 3538 était
1418 3477 1503 3537 aussi
1536 3479 1667 3539 Parisien
1708 3482 1794 3542 qu'un
1835 3481 1930 3541 Vien¬

252 3503 367 3563 prouve
405 3501 484 3561 qu'il
515 3501 583 3561 n'en
626 3501 644 3561 a
681 3503 742 3563 pas
773 3503 840 3563 subi
871 3503 939 3563 tout
964 3503 1074 3563 autant
1105 3516 1178 3576 nois
1203 3520 1277 3580 peut
1302 3521 1405 3581 l'être,
1424 3521 1448 3581 la
1480 3521 1602 3581 victoire
1627 3523 1676 3583 lui
1695 3524 1749 3584 fut
1774 3524 1841 3584 plus
1866 3524 1927 3584 dif¬

252 3542 502 3602 qu'Hauptmann
543 3545 581 3605 les
626 3545 837 3605 mouvements
867 3545 896 3605 et
926 3547 965 3607 les
1000 3547 1059 3607 fluc

1113 3560 1214 3620 ficile.

247 3584 405 3644 tuations.

1143 3604 1175 3664 Il
1198 3602 1209 3662 a
1237 3602 1313 3662 écrit
1336 3605 1463 3665 maintes
1492 3604 1640 3664 nouvelles
1674 3605 1685 3665 ;
1702 3605 1734 3665 on
1768 3605 1801 3665 l'a
1834 3606 1928 3666 juste¬

290 3632 374 3692 Dans
400 3632 450 3692 son
481 3632 616 3692 théâtre,
636 3634 661 3694 il
682 3635 757 3695 s'est
782 3632 927 3692 appliqué
958 3632 973 3692 à
1003 3632 1053 3692 pré

1103 3643 1188 3703 ment
1210 3644 1352 3704 comparé
1378 3644 1390 3704 à
1421 3644 1554 3704 Anatole
1584 3647 1716 3707 France.
1739 3645 1777 3705 Le
1803 3647 1931 3707 conteur

249 3670 349 3730 senter
383 3671 430 3731 ses
459 3673 578 3733 œuvres
612 3673 726 3733 comme
760 3674 798 3734 un
837 3674 903 3734 jeu,
932 3673 1075 3733 estimant

1101 3685 1148 3745 est
1179 3685 1212 3745 de
1243 3685 1311 3745 tout
1341 3685 1474 3745 premier
1504 3685 1594 3745 ordre
1629 3685 1641 3745 :
1672 3688 1710 3748 Le
1741 3688 1929 3748 Lieutenant

253 3715 306 3775 que
331 3715 399 3775 tous
424 3715 497 3775 nous
522 3715 634 3775 jouons
659 3715 688 3775 et
713 3715 766 3775 que
791 3715 869 3775 nous
894 3715 927 3775 ne
952 3715 1069 3775 faisons
1099 3723 1211 3783 Gustl,
1255 3726 1392 3786 Mourir,
1436 3727 1602 3787 Géronimo
1632 3727 1783 3787 l'aveugle
1813 3728 1842 3788 et
1871 3727 1920 3787 son

253 3756 308 3816 que
332 3754 434 3814 jouer.
453 3754 480 3814 Il
504 3754 531 3814 en
560 3754 671 3814 résulte
695 3756 731 3816 un
755 3757 875 3817 charme
904 3757 931 3817 et
950 3757 1006 3817 une
1029 3755 1071 3815 to¬

1098 3765 1198 3825 frère,
1232 3766 1265 3826 et
1295 3768 1419 3828 surtout
1448 3766 1471 3826 le
1515 3768 1634 3828 Retour
1673 3768 1706 3828 de
1755 3769 1932 3829 Casanova.

248 3796 367 3856 lerance
396 3796 520 3856 infinis.
539 3796 716 3856 Schnitzler
741 3798 931 3858 connaissait
956 3797 1075 3857 parfai¬

1098 3808 1246 3868 Nouvelle
1276 3808 1309 3868 de
1339 3808 1415 3868 Rôve
1449 3808 1478 3868 et
1502 3808 1728 3868 Mademoiselle
1762 3810 1829 3870 Else
1858 3811 1930 3871 sont

246 3838 363 3898 tement
389 3838 414 3898 la
445 3838 535 3898 scène
566 3838 726 3898 française
756 3839 786 3899 et
816 3841 993 3901 cependant
1020 3841 1071 3901 son

1104 3848 1156 3908 des
1182 3849 1287 3909 études
1314 3850 1506 3910 saisissantes
1542 3850 1550 3910 ;
1577 3850 1651 3910 nous
1677 3850 1738 3910 n'en
1774 3851 1922 3911 finiriona

248 3876 362 3936 théâtre
403 3878 453 3938 est
488 3878 628 3938 demeuré
669 3878 814 3938 toujours
855 3879 1070 3939 typ'quement
1107 3888 1161 3948 pas
1192 3889 1231 3949 de
1257 3889 1332 3949 citer
1368 3888 1412 3948 son
1448 3890 1553 3950 œuvre
1578 3890 1738 3950 d'écrivain
1779 3891 1834 3951 qui
1860 3891 1924 3951 sera

249 3918 408 3978 viennois,
424 3920 485 3980 cela
516 3918 608 3978 même
640 3921 716 3981 dans
743 3921 788 3981 ses
820 3921 917 3981 pièces
943 3923 1076 3983 amères,
1108 3931 1256 3991 classique
1277 3931 1343 3991 tant
1365 3931 1385 3991 il
1401 3932 1415 3992 a
1437 3931 1513 3991 aimé
1534 3931 1559 3991 la
1581 3931 1688 3991 beauté
1709 3931 1744 3991 de
1766 3933 1791 3993 sa
1817 3932 1924 3992 lanque

251 3960 377 4020 cruelles
405 3962 418 4022 ;
437 3963 459 4023 il
477 3963 490 4023 y
519 3961 667 4021 substitua
695 3963 726 4023 un
758 3963 785 4023 je
809 3963 844 4023 ne
867 3963 925 4023 sais
949 3963 1021 4023 quoi
1039 3964 1070 4024 de

1104 3972 1134 4032 et
1152 3973 1283 4033 dépensé
1306 3974 1341 4034 de
1363 3975 1451 4035 grâce
1469 3975 1548 4035 dans
1570 3975 1609 4035 ses
1632 3975 1750 4035 contes.
1768 3975 1847 4035 C'est
1870 3975 1926 4035 une

247 4002 329 4062 léger
361 4002 388 4062 et
411 4004 443 4064 de
471 4005 598 4065 railleur
626 4005 680 4065 qui
708 4005 780 4065 peut
809 4005 886 4065 nous
914 4008 936 4068 le
964 4007 1073 4067 rendre

1106 4017 1221 4077 grande
1246 4016 1330 4076 perte
1351 4017 1430 4077 pour
1451 4017 1475 4077 le
1501 4017 1625 4077 Théâtre
1655 4017 1680 4077 et
1700 4017 1725 4077 la
1750 4017 1919 4077 littérature

252 4044 408 4104 familier.

1103 4059 1291 4119 allemande.

293 4091 392 4151 Qu'on
420 4091 519 4151 veuille
539 4091 606 4151 bien
627 4094 719 4154 relire
740 4094 886 4154 Anatole,
900 4097 932 4157 La
960 4094 1079 4154 Ronde,

1629 4097 1891 4157 LUGNE-POE.

2252 195 2483 255 Unternehmen
2511 192 2557 252 für
2586 186 2967 246 Zeitungs-Aussehmtte

2310 253 2448 313 WIEN.
2480 254 2523 314 I.,
2549 251 2832 311 WOLLZEILE
2883 246 2920 306 11

2395 303 2609 363 TELEPHON
2651 298 2825 358 R-23-0-43

2198 449 2427 509 Ausschnitt
2455 444 2550 504 aus:

2515 520 2648 580 cercal
2655 511 2712 571 des
2725 502 2845 562 Débeis

2210 672 2324 732 vom:

2531 676 2625 736 21.
2646 679 2779 739 OKT.
2799 675 2903 735 1937

2179 837 2242 897 La
2286 837 2413 897 mort
2450 840 2692 900 d'Arthur
2728 843 3013 903 Schnitzler

2364 937 2416 997 IDE
2443 939 2539 999 NOTRE
2562 939 2843 999 CONRESPONDANTI

2696 989 2830 1049 Vienne,
2852 992 2996 1052 octobre.

2208 1034 2312 1094 Après
2338 1036 2362 1096 la
2392 1037 2476 1097 mort
2496 1040 2695 1100 prématurée
2725 1040 2759 1100 de
2784 1043 2878 1103 Hugo
2909 1043 3027 1103 d'Hof¬

2177 1076 2368 1136 mannsthal,
2390 1079 2416 1139 il
2439 1079 2456 1139 y
2488 1079 2501 1139 a
2542 1080 2616 1140 deux
2653 1082 2723 1142 ans,
2746 1082 2914 1142 l'Autriche
2946 1085 3021 1145 perd

2173 1117 2279 1177 l'autre
2306 1115 2338 1175 de
2365 1117 2409 1177 ses
2432 1117 2498 1177 plus
2526 1121 2636 1181 grands
2659 1124 2784 1184 auteurs
2811 1125 3033 1185 dramatiques,

2182 1157 2295 1217 Arthur
2336 1159 2523 1219 Schnitzler.
2560 1163 2783 1223 L'affrctueuse
2829 1166 2929 1226 amitié
2975 1166 3029 1226 qui

2180 1196 2243 1256 liait
2266 1198 2316 1258 ces
2339 1198 2415 1258 deux
2443 1201 2597 1261 hommes,
2616 1204 2697 1264 d'âge
2724 1204 2942 1264 sensiblemen,
2960 1206 3023 1266 dif¬

2177 1237 2291 1297 férent,
2310 1238 2387 1298 mais
2415 1238 2451 1298 de
2479 1242 2501 1302 la
2534 1243 2630 1303 même
2658 1243 2836 1303 génération
2864 1246 3028 1306 littéraire,

2181 1276 2222 1336 les
2248 1279 2260 1339 a
2289 1279 2393 1339 réunis
2414 1281 2493 1341 dans
2518 1284 2543 1344 la
2568 1285 2656 1345 mort
2673 1285 2730 1345 par
2756 1285 2776 1345 la
2810 1285 2872 1345 voie
2897 1287 3022 1347 étrange

2177 1318 2263 1378 d'une
2298 1321 2393 1381 même
2424 1321 2557 1381 épreuve
2592 1324 2738 1384 familiale
2773 1327 2924 1387 semblant
2955 1327 3023 1387 tirée

2175 1357 2209 1417 de
2236 1360 2317 1420 leurs
2344 1360 2481 1420 œuvres.
2503 1364 2585 1424 Tour
2611 1363 2624 1423 à
2654 1366 2740 1426 tour,
2762 1366 2792 1426 en
2823 1368 2909 1428 effet,
2931 1369 2952 1429 le
2983 1369 3025 1429 fils

2176 1401 2463 1461 d'Hofmannsthal
2477 1404 2507 1464 et
2521 1404 2543 1464 la
2570 1404 2627 1464 fille
2645 1404 2680 1464 de
2703 1407 2870 1467 Schnitzler
2893 1407 3030 1467 s'étaient

2179 1440 2308 1500 suicidés
2334 1441 2364 1501 au
2399 1443 2476 1503 seuil
2498 1443 2532 1503 de
2559 1443 2584 1503 la
2614 1443 2657 1503 vie
2684 1446 2804 1506 adulte,
2822 1449 2937 1509 comme
2964 1451 3028 1511 tant

2181 1479 2211 1539 de
2237 1482 2327 1542 héros
2353 1482 2399 1542 des
2426 1483 2545 1543 drames
2571 1485 2606 1545 de
2628 1486 2713 1546 leurs
2730 1488 2833 1548 pères,
2855 1490 2880 1550 et
2898 1488 2923 1548 la
2949 1491 3026 1551 dou-

2175 1522 2239 1582 leur
2270 1524 2433 1584 paternelle
2463 1526 2545 1586 avait
2566 1527 2695 1587 marqué
2721 1528 2755 1588 du
2785 1530 2871 1590 sceau
2901 1530 2936 1590 de
2966 1530 3008 1590 l'ir

2176 1563 2331 1623 réparable
2363 1566 2384 1626 la
2416 1566 2549 1626 carrière
2580 1566 2634 1626 des
2661 1569 2740 1629 deux
2768 1572 2883 1632 grands
2910 1573 3034 1633 poètes.

2178 1605 2291 1665 Tandis
2323 1605 2633 1665 qu'Hofmannsthal
2665 1610 2847 1670 s'affaissait
2875 1610 2952 1670 dans
2989 1613 3020 1673 sa

2177 1642 2245 1702 villa
2280 1643 2310 1703 de
2344 1646 2473 1706 Rodaun
2507 1648 2563 1708 par
2593 1649 2649 1709 une
2683 1649 2863 1709 magnifique
2894 1652 3022 1712 journée

2175 1684 2269 1744 d'été,
2287 1685 2316 1745 au
2343 1688 2480 1748 moment
2497 1688 2532 1748 de
2558 1688 2583 1748 se
2609 1691 2716 1751 rendre
2738 1691 2794 1751 aux
2820 1694 2970 1754 obsèques
2992 1693 3021 1753 de

2175 1725 2225 1785 son
2255 1727 2375 1787 enfant,
2393 1728 2447 1788 une
2469 1729 2543 1789 crise
2569 1730 2728 1790 cardiaque
2754 1734 2900 1794 analogue
2922 1733 2934 1793 a
2959 1733 3030 1793 fou-

2176 1766 2268 1826 droyé
2304 1769 2379 1829 dans
2415 1769 2463 1829 son
2503 1771 2622 1831 cottage
2658 1772 2693 1832 de
2729 1772 2870 1832 Doebling
2906 1778 3025 1838 Arthr

2178 1808 2359 1868 Schnitzler,
2378 1809 2414 1869 un
2442 1811 2473 1871 de
2501 1811 2551 1871 ces
2574 1812 2660 1872 jours
2684 1813 2857 1873 d'automne
2884 1816 2939 1876 qui
2957 1816 3025 1876 pré-

2178 1849 2285 1909 ludent
2308 1849 2317 1909 à
2350 1849 2406 1909 l'un
2439 1849 2490 1909 des
2518 1852 2621 1912 hivers
2650 1853 2696 1913 les
2720 1853 2789 1913 plus
2818 1855 2962 1915 redoufés
2986 1857 3022 1917 de

2175 1888 2427 1948 l'après-guerre.
2441 1891 2476 1951 Sa
2503 1892 2662 1952 secrétaire
2689 1894 2720 1954 l'a
2742 1895 2848 1955 trouvé
2871 1897 2954 1957 mort
2973 1897 3021 1957 sur

2177 1930 2203 1990 le
2230 1930 2305 1990 tapis
2332 1928 2366 1988 de
2398 1929 2446 1989 son
2478 1933 2601 1993 cabinet
2624 1933 2659 1993 de
2686 1934 2813 1994 travail,
2832 1936 2866 1996 où
2893 1938 2906 1998 i
2942 1939 3025 1999 avait

2179 1967 2226 2027 sur
2252 1972 2390 2032 chantier
2416 1970 2450 2030 un
2481 1975 2705 2035 romaniement
2731 1975 2761 2035 de
2787 1977 2838 2037 son
2869 1978 2967 2038 Appel
2989 1980 3023 2040 de

2170 2011 2193 2071 la
2226 2011 2291 2071 vie,
2315 2013 2414 2073 arrivé
2448 2012 2480 2072 au
2514 2016 2617 2076 milisu
2650 2017 2688 2077 du
2721 2017 2848 2077 dernier
2877 2019 2956 2079 acte.
2981 2021 3022 2081 Le

2176 2052 2357 2112 professeur
2381 2052 2479 2112 Delitz
2503 2054 2512 2114 a
2540 2055 2665 2115 exécuté
2689 2055 2712 2115 la
2731 2055 2815 2115 prise
2838 2058 2870 2118 du
2899 2061 3019 2121 masque

2178 2093 2341 2153 mortuaire
2369 2092 2397 2152 du
2425 2094 2508 2154 poète
2532 2097 2606 2157 dont
2626 2097 2667 2157 les
2686 2097 2774 2157 traits
2793 2100 2928 2160 élégante
2952 2103 3021 2163 s'af-

2176 2133 2303 2193 finaient
2331 2135 2439 2195 encore
2471 2135 2503 2195 de
2530 2136 2557 2196 la
2589 2136 2680 2196 barbe
2712 2139 2866 2199 doctorale
2898 2139 2934 2199 de
2966 2142 3016 2202 son

2180 2175 2263 2235 jeune
2290 2175 2399 2235 temps.
2418 2177 2549 2237 Suivant
2567 2178 2611 2238 ses
2638 2179 2836 2239 instructions
2854 2183 3025 2243 suprêmes,

2180 2217 2202 2277 il
2225 2217 2234 2277 a
2266 2215 2311 2275 été
2343 2217 2460 2277 enterré
2488 2218 2619 2278 presque
2647 2220 2777 2280 aussitôt
2805 2222 2877 2282 sans
2900 2222 3017 2282 aucune

2179 2255 2301 2315 pompe,
2316 2258 2389 2318 sans
2409 2259 2546 2319 cortège,
2566 2258 2634 2318 sans
2659 2261 2815 2321 discours.
2830 2263 2913 2323 Mais
2933 2264 3016 2324 toute

2179 2297 2343 2357 l'Autriche
2380 2300 2529 2360 littéraire
2560 2300 2668 2360 pleure
2699 2301 2730 2361 le
2761 2303 2858 2363 grand
2895 2306 3013 2366 disparu

2174 2339 2228 2399 qui
2250 2339 2451 2399 représentait
2473 2342 2527 2402 l'un
2555 2342 2608 2402 des
2625 2342 2772 2402 éléments
2794 2345 2837 2405 les
2859 2347 2929 2407 plus
2946 2348 3022 2408 purs

2170 2378 2208 2438 de
2235 2380 2287 2440 son
2318 2381 2473 2441 prestige.

2215 2420 2333 2480 Arthur
2359 2423 2547 2483 Schnitzler,
2566 2423 2597 2483 né
2623 2423 2635 2483 à
2667 2426 2779 2486 Vienne
2811 2426 2842 2486 en
2868 2426 2955 2486 1862,
2974 2427 3018 2487 fils

2180 2461 2241 2521 d'un
2272 2461 2409 2521 éminent
2431 2463 2669 2523 laryngologue,
2692 2464 2802 2524 s'était,
2824 2467 2939 2527 comme
2966 2467 3014 2527 son

2176 2502 2243 2562 père
2271 2500 2298 2560 et
2326 2500 2375 2560 son
2407 2503 2507 2563 frère,
2525 2503 2584 2563 l'un
2612 2505 2666 2565 des
2694 2506 2820 2566 maîtres
2844 2507 2879 2567 de
2903 2506 2929 2566 la
2957 2509 3025 2569 chi-

2176 2542 2274 2602 rurgie
2302 2542 2476 2602 viennoise,
2496 2545 2641 2605 consacré
2670 2546 2678 2606 à
2707 2547 2730 2607 la
2759 2548 2933 2608 médecine,
2952 2548 3026 2608 mais

2177 2581 2204 2641 se
2233 2583 2363 2643 révélait
2387 2584 2625 2644 brusquement,
2644 2587 2658 2647 à
2686 2589 2779 2649 l'âge,
2803 2587 2915 2647 avancé
2943 2590 3022 2650 pour

2175 2623 2209 2683 un
2240 2623 2403 2683 débutant,
2425 2626 2455 2686 de
2485 2626 2515 2686 33
2546 2629 2614 2689 ans,
2636 2629 2692 2689 l'un
2723 2627 2774 2687 des
2805 2629 2929 2689 auteurs
2955 2631 3024 2691 dra-

2173 2664 2322 2724 matiques
2354 2664 2398 2724 los
2430 2665 2495 2725 plus
2527 2667 2712 2727 originaux,
2735 2670 2779 2730 les
2810 2670 2876 2730 plus
2908 2669 3027 2729 empoi¬

2176 2706 2294 2766 gnants,
2317 2703 2385 2763 avec
2418 2705 2473 2765 une
2501 2709 2583 2769 pièce
2615 2709 2642 2769 en
2679 2709 2757 2769 trois
2780 2709 2880 2769 actes,
2899 2712 3017 2772 montée

2172 2745 2204 2805 au
2256 2745 2482 2805 Burgtheater,
2525 2748 2548 2808 la
2601 2746 2935 2806 Comédie-Française
2987 2753 3024 2813 de

2182 2787 2309 2847 Vienne,
2332 2788 2404 2848 sous
2432 2788 2454 2848 le
2482 2790 2554 2850 titre
2581 2790 2649 2850 fort
2677 2790 2780 2850 simple
2808 2793 3016 2853 d'Amourette

2176 2829 2353 2889 (Liebelei),
2381 2829 2540 2889 demeurée
2577 2830 2686 2890 depuis
2718 2832 2750 2892 au
2787 2832 2955 2892 répertoire
2987 2835 3023 2895 de

2173 2870 2270 2930 toutes
2301 2867 2346 2927 les
2377 2870 2510 2930 grandes
2546 2870 2653 2930 scènes
2684 2873 2870 2933 allemandes
2902 2873 2933 2933 et
2960 2876 3026 2936 tra-

2173 2909 2254 2969 duite
2282 2911 2359 2971 dans
2387 2911 2487 2971 toutes
2515 2912 2555 2972 les
2583 2912 2729 2972 langues.
2753 2914 2779 2974 Il
2807 2915 2889 2975 s'est,
2908 2915 2975 2975 tour
3008 2918 3016 2978 à

2176 2951 2257 3011 tour,
2280 2951 2397 3011 adonné
2430 2951 2498 3011 avec
2530 2951 2552 3011 le
2584 2952 2679 3012 même
2707 2954 2811 3014 succès
2839 2956 2870 3016 au
2902 2957 3020 3017 théâtre

2171 2993 2354 3053 historique,
2368 2993 2620 3053 philosophique,
2639 2994 2748 3054 social,
2762 2996 2789 3056 en
2817 2996 2904 3056 prose
2927 2996 2963 3056 ou
2991 2997 3018 3057 en

2172 3032 2258 3092 vers,
2277 3035 2290 3095 à
2323 3035 2346 3095 la
2378 3033 2538 3093 nouvelle,
2557 3035 2593 3095 au
2626 3035 2749 3095 roman.
2768 3036 2809 3096 La
2842 3038 2965 3098 plupart
2993 3038 3025 3098 de

2170 3070 2213 3130 ses
2239 3070 2364 3130 œuvres
2386 3073 2442 3133 ont
2464 3073 2511 3133 été
2542 3076 2692 3136 traduites
2718 3076 2748 3136 en
2783 3076 2916 3136 français
2947 3079 2977 3139 et
2999 3079 3020 3139 il

2166 3113 2220 3173 s'en
2247 3113 2439 3173 réjouissait,
2453 3115 2631 3175 appréciant
2649 3116 2716 3176 tout
2734 3118 2948 3178 spécialement
2971 3119 3020 3179 no-

2170 3154 2213 3214 tre
2240 3154 2347 3214 langue
2378 3155 2408 3215 et
2431 3155 2516 3215 notre
2548 3157 2738 3217 littérature,
2755 3158 2786 3218 et
2812 3160 3023 3220 représentant

2171 3196 2183 3256 à
2218 3193 2373 3253 morveille
2403 3196 2433 3256 ce
2468 3196 2532 3256 filon
2572 3199 2826 3259 spécisiquement
2852 3202 3015 3262 autrichien

2175 3236 2226 3296 qui
2248 3238 2274 3298 se
2296 3237 2446 3297 distingue
2472 3238 2524 3298 par
2546 3238 2588 3298 ses
2610 3241 2748 3301 affinités
2770 3241 2838 3301 avec
2860 3241 2882 3301 la
2908 3244 3019 3304 France

2162 3276 2249 3336 dans
2275 3276 2450 3336 l'enseméde
2477 3278 2512 3338 de
2544 3280 2569 3340 la
2596 3280 2776 3340 production
2807 3282 2951 3342 littéraire
2983 3284 3013 3344 de

2175 3318 2276 3378 langue
2308 3318 2497 3378 allomande.

2209 3359 2288 3419 C'est
2316 3358 2352 3418 au
2385 3360 2591 3420 Burgtheater
2624 3363 2730 3423 qu'ont
2757 3361 2804 3421 été
2831 3364 2937 3424 créées
2964 3366 3022 3426 de¬

2173 3403 2239 3463 puis
2264 3400 2331 3460 plus
2361 3399 2393 3459 de
2419 3400 2519 3460 trente
2544 3402 2598 3462 ans
2628 3405 2836 3465 (notamment
2858 3405 2912 3465 par
2937 3408 3020 3468 Mmne

2176 3439 2331 3499 Catherine
2363 3440 2537 3500 Schratt!),
2561 3444 2583 3504 la
2616 3444 2739 3504 plupart
2767 3445 2822 3505 des
2850 3447 2914 3507 plus
2942 3446 3024 3506 célè¬

2172 3480 2241 3540 bres
2262 3479 2292 3539 de
2318 3479 2365 3539 ses
2387 3479 2528 3539 œuvres:
2546 3481 2567 3541 le
2589 3482 2764 3542 Perroquet
2782 3485 2863 3545 vert,
2876 3485 2897 3545 le
2923 3488 3017 3548 Jeune

2172 3524 2317 3584 Médard,
2336 3522 2359 3582 le
2388 3521 2514 3581 Chemin
2544 3524 2703 3584 solilaire,
2718 3525 2863 3585 Comédie
2892 3528 2943 3588 des
2972 3528 3023 3588 pa¬

2172 3563 2267 3623 roles,
2289 3563 2363 3623 cette
2406 3563 2501 3623 année
2544 3565 2619 3625 enfin
2661 3565 2740 3625 cette
2782 3566 2907 3626 Marche
2949 3568 3019 3628 vers

2171 3602 2298 3662 l'élang,
2312 3605 2414 3665 drame
2436 3604 2467 3664 en
2494 3604 2573 3664 vers,
2591 3608 2640 3668 qui
2662 3606 2710 3666 fut
2729 3608 2945 3668 littéralement
2963 3610 3011 3670 son

2170 3644 2264 3704 chant
2286 3646 2320 3706 du
2346 3644 2457 3704 cygne.
2475 3644 2518 3704 Au
2548 3647 2779 3707 Volkstheater,
2797 3647 2822 3707 il
2840 3650 2921 3710 avait
2943 3650 3020 3710 don¬

2175 3682 2200 3742 né
2231 3685 2274 3745 les
2304 3685 2429 3745 Heures
2460 3685 2614 3745 vivantes,
2641 3688 2787 3748 Anatole,
2809 3691 2834 3751 la
2865 3691 2946 3751 pièce
2977 3691 3011 3751 ou

2171 3724 2268 3784 plutôt
2295 3725 2317 3785 la
2348 3727 2423 3787 série
2456 3725 2486 3785 de
2518 3726 2615 3786 pièces
2642 3725 2668 3785 la
2695 3727 2762 3787 plus
2793 3730 2948 3790 viennoise
2980 3730 3010 3790 du

2172 3766 2284 3826 théâtre
2311 3766 2491 3826 autrichien.
2509 3766 2569 3826 Peu
2596 3766 2625 3826 de
2651 3769 2772 3829 drames
2794 3771 2828 3831 de
2850 3772 3018 3832 Schnitzler

2170 3808 2221 3868 qui
2245 3808 2276 3868 ne
2304 3808 2517 3868 commencent
2541 3808 2595 3868 par
2619 3808 2654 3868 un
2687 3809 2769 3869 deuil
2793 3810 2824 3870 ou
2856 3811 2911 3871 une
2939 3813 3021 3873 mort

2168 3847 2315 3907 violente.
2341 3848 2509 3908 Pourtant,
2536 3848 2557 3908 la
2592 3850 2768 3910 mélancolie
2804 3851 2955 3911 sceptique
2990 3856 3019 3916 et

2171 3888 2305 3948 résignée
2339 3887 2418 3947 dont
2453 3888 2612 3948 s'estompe
2650 3889 2700 3949 son
2743 3891 2881 3951 réalisme
2915 3892 3020 3952 minu¬

2170 3929 2247 3989 tieux
2282 3927 2308 3987 et
2334 3930 2450 3990 nuancé
2477 3928 2584 3988 laisse,
2602 3930 2700 3990 quand
2731 3930 2752 3990 le
2783 3933 2881 3993 rideau
2912 3933 3011 3993 tombe

2171 3972 2241 4032 pour
2278 3969 2299 4029 la
2331 3972 2469 4032 dernière
2505 3972 2580 4032 sois,
2608 3972 2630 4032 le
2661 3972 2746 4032 cœur
2777 3975 2902 4035 détendu
2942 3975 3017 4035 dano

2170 4011 2383 4071 l'apaisoment
2412 4011 2476 4071 d'un
2517 4013 2666 4073 fatalismne
2702 4014 2843 4074 souriant
2868 4014 2944 4074 dont
2977 4014 3009 4074 un

2171 4051 2240 4111 mot
2269 4053 2402 4113 profond
2438 4053 2472 4113 de
2507 4053 2634 4113 l'auteur
2670 4056 2681 4116 a
2716 4058 2832 4118 dégagé
2861 4059 2890 4119 la
2925 4059 3011 4119 grâce

2175 4094 2421 4154 bienfaisante...

2685 4137 2830 4197 MARCEL.
2852 4142 2985 4202 DUNAN.
