3392 4352
205 296 281 356 2.

356 297 932 357 Schnitzler's
1001 299 1231 359 Death

1462 297 1584 357 box
1662 303 1838 363 42/6

2419 153 2494 213 11.

2483 246 2712 306 Donnerstag,
2733 246 2788 306 22.
2808 246 2943 306 Oktober
2968 248 3062 308 1931.

2149 377 2335 437 Arthur
2372 380 2612 440 Schnitzler
2649 380 2925 440 gestorben.

2076 443 2186 503 Wien,
2214 445 2261 505 21.
2283 443 2441 503 Oktober.
2470 444 2531 504 Der
2559 445 2682 505 Dichter
2711 446 2834 506 Arthur
2863 446 3103 506 Schultzler

2011 503 2046 563 ist
2068 503 2160 563 heute
2187 503 2398 563 nachmittags
2425 503 2512 563 einem
2554 503 2735 563 Herzschlag
2761 503 2905 563 erlegen.
2932 503 2978 563 Er
2999 503 3035 563 ist
3056 503 3091 563 am

2008 557 2061 617 25.
2088 559 2167 619 Mai
2199 559 2273 619 1862
2310 559 2469 619 geboren,
2496 560 2580 620 stand
2618 562 2681 622 also
2713 562 2745 622 im
2793 559 2846 619 70.
2873 561 3111 621 Lebensjahre.

2012 619 2114 679 Seine
2135 618 2264 678 Tochter
2291 616 2347 676 hat
2363 618 2553 678 bekanntlich
2580 618 2631 678 vor
2657 616 2734 676 zwei
2755 619 2874 679 Jahren
2905 619 3106 679 Selbstmord

2011 676 2143 736 verübt,
2170 676 2211 736 ein
2249 676 2386 736 Schlag,
2413 676 2465 736 von
2508 674 2560 734 dem
2608 675 2655 735 sich
2693 675 2861 735 Schnitzler
2894 676 2941 736 nie
2978 676 3099 736 erholen

2014 733 2140 793 konnte.
2178 733 2351 793 Außerdem
2400 733 2458 793 soll
2490 733 2658 793 Schnitzler
2696 733 2749 793 bei
2781 733 2833 793 den
2876 733 3102 793 verschiedenen

2015 792 2452 852 Bankzusammenbrüchen,
2469 792 2495 852 so
2528 792 2598 852 auch
2625 791 2679 851 bei
2701 791 2755 851 der
2777 792 2998 852 Amstelbank,
3020 791 3100 851 einen

2009 849 2127 909 großen
2160 849 2235 909 Teil
2258 849 2355 909 seines
2382 849 2587 909 Vermögens
2615 849 2755 909 verloren
2788 849 2907 909 haben.

2008 950 2129 1010 Arthur
2157 953 2342 1013 Schnitzler,
2358 953 2448 1013 Sohn
2475 953 2527 1013 des
2554 953 2623 1013 ord.
2640 953 2824 1013 Professors
2847 953 2878 1013 an
2910 953 2957 1013 der
2984 953 3111 1013 Wiener

1949 998 2160 1058 Universität,
2181 1001 2247 1061 Dr.
2268 1001 2402 1061 Johann
2434 1001 2624 1061 Schnitzler,
2645 1001 2733 1061 eines
2764 1001 3011 1061 Laryngologen
3048 1001 3103 1061 von

1952 1047 2162 1107 Bedeutung,
2178 1049 2327 1109 studierte
2348 1049 2517 1109 gleichfalls
2543 1049 2682 1109 Medizin
2713 1049 2738 1109 in
2765 1049 2877 1109 Wien,
2893 1049 3109 1109 promovierte

1952 1094 2026 1154 1885
2057 1096 2117 1156 und
2147 1097 2232 1157 war,
2253 1097 2383 1157 nachdem
2428 1097 2458 1157 er
2489 1097 2544 1157 auf
2565 1097 2800 1157 verschiedenen
2831 1097 2966 1157 Kliniken
2996 1100 3116 1160 prakti¬

1947 1146 2024 1206 ziert
2045 1145 2101 1205 und
2133 1145 2199 1205 auch
2231 1145 2298 1205 eine
2324 1145 2412 1205 Reise
2439 1146 2490 1206 zum
2532 1145 2676 1205 Studium
2718 1145 2769 1205 der
2796 1147 3007 1207 hygienischen
3039 1146 3116 1206 Ein¬

1949 1192 2128 1252 richtungen
2165 1192 2234 1252 nach
2265 1192 2395 1252 London
2436 1193 2496 1253 und
2526 1193 2627 1253 Paris
2657 1195 2903 1255 unternommen
2939 1195 3039 1255 hatte,
3065 1195 3109 1255 bis

1950 1238 2023 1298 1893
2050 1240 2198 1300 Assistent
2220 1241 2315 1301 seines
2342 1242 2464 1302 Vaters
2491 1241 2522 1301 an
2554 1241 2606 1301 der
2628 1243 2760 1303 Wiener
2788 1243 2994 1303 allgemeinen
3021 1242 3116 1302 Poli¬

1949 1288 2051 1348 klinik.
2079 1288 2149 1348 Den
2182 1291 2468 1351 militärärztlichen
2501 1291 2609 1351 Dienst
2631 1291 2739 1351 mußte
2767 1291 2799 1351 er
2826 1291 2890 1351 nach
2918 1291 2972 1351 der
3000 1291 3118 1351 Publi¬

1952 1338 2049 1398 kation
2082 1339 2184 1399 seines
2217 1339 2406 1399 „Leutnant
2428 1339 2541 1399 Gustl“
2574 1339 2724 1399 aufgeben
2764 1339 2828 1399 und
2861 1340 2930 1400 bald
2963 1342 3109 1402 widmete

1951 1383 1984 1443 er
2007 1384 2052 1444 sich
2081 1386 2308 1446 ausschließlich
2337 1386 2388 1446 der
2411 1386 2592 1446 Literatur.

2009 1432 2075 1492 Die
2103 1434 2318 1494 Atmosphäre
2346 1434 2396 1494 der
2424 1434 2623 1494 Geistigkeit,
2645 1434 2689 1494 die
2717 1434 2744 1494 in
2779 1435 2966 1495 Schnitzlers
2994 1434 3115 1494 Vater¬

1951 1480 2031 1540 haus
2053 1482 2220 1542 herrschte,
2236 1482 2279 1542 die
2307 1484 2381 1544 enge
2404 1482 2598 1542 Berührung
2625 1483 2679 1543 mit
2701 1485 2754 1545 der
2776 1485 2986 1545 sogenannten
3014 1485 3099 1545 guten

1949 1530 2149 1590 Gesellschaft
2171 1530 2225 1590 der
2247 1530 2339 1590 80er=
2361 1531 2420 1591 und
2453 1533 2663 1593 90er=Jahre,
2686 1533 2767 1593 einer
2794 1533 3032 1593 eigenartigen,
3049 1532 3113 1592 spe¬

1949 1580 2040 1640 zifisch
2074 1577 2327 1637 österreichischen
2366 1578 2528 1638 Mischung
2566 1580 2625 1640 von
2664 1579 2874 1639 heterogenen
2908 1580 3118 1640 Elementen,

1949 1624 2006 1684 von
2044 1625 2233 1685 Gelehrten,
2260 1627 2555 1687 Großkaufleuten,
2577 1628 2788 1688 Advokaten,
2810 1628 2999 1688 Künstlern,
3021 1627 3115 1687 Ban¬

1947 1673 2025 1733 kiers
2052 1674 2083 1734 u.
2100 1675 2147 1735 a.,
2164 1676 2216 1736 der
2237 1676 2310 1736 enge
2338 1676 2474 1736 Kontakt
2496 1676 2554 1736 mit
2571 1676 2623 1736 den
2655 1678 2781 1738 Größen
2813 1676 2860 1736 der
2887 1676 2998 1736 „ersten
3030 1675 3114 1735 deut¬

1947 1725 2022 1785 schen
2060 1724 2217 1784 Bühne",
2239 1724 2287 1784 des
2320 1725 2579 1785 Burgtheaters,
2602 1725 2644 1785 die
2673 1726 2699 1786 in
2732 1724 2834 1784 seines
2862 1724 2980 1784 Vaters
3008 1724 3110 1784 Hause

1949 1771 2024 1831 aus-
2047 1771 2105 1831 und
2133 1771 2322 1831 eingingen,
2344 1774 2555 1834 beeinflußten
2588 1772 2771 1832 Schnitzlers
2799 1772 3037 1832 Entwicklung;
3054 1769 3118 1829 die¬

1950 1819 1994 1879 ses
2023 1819 2265 1879 Jugendmilieu
2300 1821 2400 1881 drückt
2424 1822 2519 1882 seinem
2565 1822 2700 1882 späteren
2735 1822 2881 1882 Schaffen
2916 1821 2994 1881 nicht
3017 1818 3118 1878 weni¬

1948 1871 2002 1931 ger
2025 1867 2080 1927 den
2108 1870 2263 1930 Stempel
2286 1870 2340 1930 auf
2363 1870 2418 1930 wie
2446 1870 2501 1930 sein
2529 1870 2690 1930 ärztlicher
2718 1870 2834 1930 Beruf.

2012 1915 2081 1975 Von
2109 1918 2211 1978 seinen
2244 1918 2367 1978 Werken
2401 1918 2459 1978 sind
2487 1918 2659 1978 besonders
2687 1919 2989 1979 erwähnenswert:
3006 1920 3119 1980 „Ana¬

1948 1964 2030 2024 tol",
2047 1963 2113 2023 eine
2141 1965 2240 2025 Reihe
2268 1965 2323 2025 von
2356 1966 2577 2026 dramatischen
2610 1965 2792 2025 Dialogen,
2815 1968 2897 2028 „Das
2925 1965 3118 2025 Märchen",

1951 2010 2042 2070 1893,
2066 2013 2262 2073 „Liebelei",
2286 2014 2378 2074 dessen
2408 2016 2655 2076 Uraufführung
2685 2014 2794 2074 (1895)
2818 2016 2852 2076 am
2893 2016 3112 2076 Burgtheater

1945 2061 2136 2121 Schnitzlers
2171 2061 2260 2121 erster
2289 2061 2402 2121 großer
2431 2061 2679 2121 Bühnenerfolg
2708 2064 2798 2124 war.
2827 2064 2872 2124 In
2901 2064 2991 2124 Wien
3025 2063 3115 2123 spielt

1951 2109 2015 2169 auch
2051 2109 2110 2169 das
2140 2110 2257 2170 nächste
2293 2111 2404 2171 Stück:
2429 2112 2623 2172 „Freiwild"
2659 2112 2782 2172 (1896).
2818 2112 2859 2172 In
2895 2112 2976 2172 diese
3007 2112 3112 2172 Jahre

1953 2156 2017 2216 fällt
2042 2156 2088 2216 die
2113 2159 2312 2219 Entstehung
2343 2159 2395 2219 des
2431 2159 2613 2219 „Reigen".
2643 2159 2831 2219 Schnitzlers
2861 2159 2973 2219 Werke
3003 2159 3103 2219 reihen

1950 2204 1995 2264 sich
2023 2206 2085 2266 nun
2114 2207 2141 2267 in
2170 2207 2288 2267 rascher
2311 2209 2429 2269 Folge.
2458 2207 2503 2267 Es
2532 2210 2723 2270 erschienen:
2752 2208 2836 2268 „Das
2865 2209 3107 2269 Vermächtnis“

1956 2255 2073 2315 (1897),
2086 2255 2132 2315 die
2157 2255 2227 2315 drei
2245 2255 2410 2315 Einakter:
2428 2258 2681 2318 „Paracelsus",
2699 2258 2775 2318 „Die
2800 2258 3011 2318 Gefährtin",
3030 2258 3111 2318 „Der

1945 2303 2046 2363 grüne
2075 2304 2227 2364 Kakadu"
2262 2305 2386 2365 (1898),
2404 2307 2460 2367 sein
2495 2306 2642 2366 Drama:
2665 2307 2749 2367 „Der
2778 2304 2919 2364 Schleier
2948 2306 2999 2366 der
3034 2304 3118 2364 Bea¬

1946 2350 2036 2410 trice"
2070 2350 2189 2410 (1899),
2212 2353 2285 2413 dann
2320 2353 2370 2413 der
2393 2353 2677 2413 Einakterzyklus:
2700 2353 2898 2413 „Lebendige
2927 2353 3118 2413 Stunden",

1947 2397 2080 2457 woraus
2107 2401 2277 2461 besonders
2308 2401 2509 2461 „Literatur“
2541 2401 2737 2461 hervorragt
2763 2403 2886 2463 (1901),
2903 2404 2959 2464 das
2986 2402 3109 2462 Drama

1948 2451 2030 2511 „Der
2072 2449 2208 2509 einsame
2250 2450 2349 2510 Weg“
2391 2451 2515 2511 (1903),
2545 2452 2592 2512 die
2634 2451 2793 2511 Komödie
2835 2452 3112 2512 „Zwischenspiel“

1956 2496 2076 2556 (1904;)
2099 2497 2209 2557 ferner
2243 2498 2270 2558 im
2320 2500 2452 2560 gleichen
2497 2500 2601 2560 Jahre
2635 2500 2706 2560 eine
2740 2500 2822 2560 neue
2857 2500 3115 2560 Einakterreihe:

1944 2544 2236 2604 „Marionetten".
2253 2547 2335 2607 „Der
2358 2547 2451 2607 junge
2474 2547 2700 2607 Medardus",
2717 2547 2816 2607 dessen
2844 2547 3025 2607 Titelrolle,
3043 2547 3092 2607 dem

1945 2595 2063 2655 großen
2097 2595 2192 2655 Josef
2221 2595 2322 2655 Kainz
2351 2597 2537 2657 zugedacht,
2566 2595 2616 2655 dem
2667 2596 2813 2656 Künstler
2848 2597 2926 2657 nicht
2955 2598 3039 2658 mehr
3073 2595 3101 2655 zu

1947 2644 2057 2704 spielen
2089 2643 2253 2703 vergönnt
2275 2643 2358 2703 war,
2380 2644 2411 2704 ist
2438 2644 2480 2704 ein
2507 2646 2633 2706 Drama
2661 2643 2718 2703 aus
2750 2643 2802 2703 den
2835 2645 2940 2705 Tagen
2973 2645 3025 2705 der
3052 2642 3114 2702 Be¬

1947 2691 2059 2751 setzung
2094 2691 2212 2751 Wiens
2240 2692 2330 2752 durch
2364 2693 2527 2753 Napoleon
2562 2694 2595 2754 I.
2624 2694 2804 2754 (erschienen
2838 2694 2950 2754 1909).
2979 2694 3091 2754 Diesem

1948 2738 2050 2798 Werke
2073 2738 2169 2798 folgte
2198 2741 2283 2801 „Das
2306 2741 2397 2801 weite
2421 2741 2534 2801 Land"
2557 2741 2682 2801 (1910),
2699 2741 2762 2801 eine
2791 2741 3035 2801 Tragikomödie
3059 2739 3109 2799 des

1948 2787 2075 2847 Alterns
2110 2788 2167 2848 und
2208 2789 2283 2849 1912
2319 2789 2503 2849 „Professor
2539 2790 2724 2850 Behardi",
2747 2789 2793 2849 ein
2828 2789 3019 2849 Schauspiel
3049 2789 3106 2849 aus

1942 2837 1991 2897 dem
2042 2837 2202 2897 ärztlichen
2241 2837 2363 2897 Beruf,
2385 2839 2435 2899 bei
2463 2837 2562 2897 seiner
2596 2837 2800 2897 Aufführung
2840 2838 2895 2898 von
2928 2840 3105 2900 politischen

1948 2885 2096 2945 Gruppen
2130 2885 2394 2945 vielumstritten.
2423 2886 2466 2946 Im
2506 2888 2610 2948 Jahre
2638 2888 2715 2948 1915
2743 2885 2914 2945 erschienen
2947 2888 3013 2948 drei
3036 2887 3113 2947 Ein¬

1944 2932 2029 2992 akter
2062 2934 2159 2994 unter
2192 2935 2251 2995 dem
2305 2933 2407 2993 Titel:
2440 2935 2618 2995 „Komödie
2656 2935 2709 2995 der
2748 2935 2904 2995 Worte",
2931 2935 3011 2995 1917
3050 2935 3109 2995 das

1945 2983 2091 3043 schwache
2120 2983 2215 3043 „Fink
2238 2983 2300 3043 und
2329 2983 2582 3043 Fliederbusch",
2605 2983 2678 3043 1919
2707 2984 2785 3044 „Die
2808 2983 3005 3043 Schwestern
3034 2983 3107 3043 oder

1948 3031 2113 3091 Casanova
2141 3031 2168 3091 in
2207 3031 2323 3091 Spa",
2351 3031 2428 3091 1924
2467 3033 2649 3093 „Komödie
2683 3031 2737 3091 der
2771 3031 3003 3091 Verführung"
3042 3032 3102 3092 und

1945 3078 2021 3138 1925
2049 3077 2093 3137 die
2121 3079 2324 3139 dramatische
2347 3079 2523 3139 Dichtung:
2546 3082 2628 3142 „Der
2651 3082 2744 3142 Gang
2772 3082 2826 3142 zum
2866 3079 3036 3139 Weiher“.

2009 3126 2200 3186 Schnitzlers
2224 3129 2387 3189 Eigenart
2405 3129 2466 3189 und
2495 3129 2612 3189 großes
2636 3129 2754 3189 Talent
2777 3129 2940 3189 offenbart
2963 3129 3008 3189 sich
3037 3128 3115 3188 nicht

1947 3177 2086 3237 weniger
2114 3177 2135 3237 in
2168 3177 2265 3237 seinen
2298 3177 2502 3237 erzählenden
2536 3177 2686 3237 Werken.
2703 3178 2891 3238 Schnitzlers
2919 3177 3043 3237 neueste
3071 3175 3118 3235 er¬

1943 3225 2096 3285 zählende
2120 3225 2232 3285 Werke
2256 3225 2338 3285 sind:
2357 3227 2450 3287 „Frl.
2463 3227 2551 3287 Else"
2582 3225 2705 3285 (1924),
2723 3227 2787 3287 eine
2812 3225 2835 3285 in
2859 3228 2947 3288 ihrer
2966 3226 3118 3286 schwieri¬

1942 3277 1991 3337 gen
2025 3273 2107 3333 Form
2147 3274 2301 3334 geradezu
2329 3276 2544 3336 meisterhafte
2567 3276 2715 3336 Novelle,
2738 3276 2815 3336 „Die
2838 3276 2920 3336 Frau
2948 3276 2997 3336 des
3025 3275 3113 3335 Rich¬

1940 3319 2030 3379 ters“
2064 3322 2177 3382 (1925)
2200 3323 2262 3383 und
2303 3323 2597 3383 „Traumnovelle“
2631 3323 2755 3383 (1926).
2790 3323 2863 3383 Alle
2898 3325 2976 3385 diese
3005 3326 3118 3386 Werke

1944 3369 2003 3429 sind
2036 3371 2220 3431 durchwegs
2247 3372 2371 3432 kürzere
2399 3371 2544 3431 Arbeiten
2583 3371 2788 3431 erzählenden
2821 3374 2978 3434 Inhalts,
3000 3374 3118 3434 Novel¬

1942 3419 1986 3479 len
2014 3419 2074 3479 und
2103 3420 2313 3480 Noveletten.
2342 3422 2424 3482 „Der
2447 3422 2524 3482 Weg
2553 3422 2602 3482 ins
2625 3422 2758 3482 Freie“,
2775 3423 2841 3483 eine
2863 3422 2935 3482 groß
2969 3422 3113 3482 gesehene

1948 3467 2102 3527 Synthese
2136 3467 2191 3527 des
2225 3470 2369 3530 geistigen
2408 3470 2541 3530 Wiener
2575 3470 2702 3530 Lebens
2736 3471 2791 3531 zur
2825 3471 2897 3531 Zeit
2925 3473 2980 3533 der
3008 3473 3107 3533 letzten

1941 3515 2309 3575 Jahrhundertwende,
2332 3518 2456 3578 erschien
2489 3518 2564 3578 1908

2002 3562 2051 3622 Es
2084 3563 2122 3623 ist
2156 3564 2200 3624 ein
2240 3565 2527 3625 charakteristisches
2567 3567 2738 3627 Merkmal
2767 3568 2821 3628 der
2855 3568 2882 3628 so
2916 3571 3110 3631 zahlreichen

1946 3609 2049 3669 Werke
2079 3613 2289 3673 Schnitzlers,
2315 3613 2363 3673 die
2393 3613 2447 3673 dem
2491 3613 2623 3673 Wiener
2653 3616 2771 3676 Milieu
2806 3616 3011 3676 entstammen
3046 3618 3110 3678 und

1938 3658 2009 3718 sauch
2036 3660 2170 3720 solcher,
2186 3661 2231 3721 die
2258 3661 2314 3721 erst
2336 3661 2361 3721 in
2392 3662 2443 3722 den
2475 3664 2655 3724 allerletzten
2687 3664 2810 3724 Jahren
2842 3666 3012 3726 erschienen
3038 3667 3120 3727 sind,

1943 3706 1995 3766 daß
2033 3707 2069 3767 sie
2102 3708 2239 3768 zumeist
2266 3709 2376 3769 Bilder
2408 3709 2460 3769 der
2493 3711 2572 3771 Zeit
2599 3712 2656 3772 aus
2694 3712 2746 3772 des
2778 3712 2920 3772 Dichters
2953 3715 3105 3775 jüngeren

1948 3751 2062 3811 Jahren
2096 3753 2215 3813 geben.
2249 3753 2349 3813 Einer
2378 3755 2440 3815 viel
2469 3756 2660 3816 sorgloseren
2694 3759 2756 3819 und
2785 3762 3105 3822 unbekümmerteren

1949 3801 2044 3861 Welt,
2059 3801 2104 3861 als
2135 3801 2164 3861 es
2190 3801 2235 3861 die
2261 3802 2386 3862 heutige
2412 3804 2462 3864 ist,
2483 3804 2563 3864 eines
2594 3806 2684 3866 satten
2715 3805 2774 3865 und
2805 3807 2901 3867 dabei
2922 3809 3112 3869 schöngeisti¬

1944 3854 1993 3914 gen
2024 3849 2265 3909 Bürgertums,
2286 3849 2315 3909 an
2352 3849 2407 3909 das
2432 3852 2548 3912 soziale
2574 3852 2750 3912 Probleme
2775 3852 2860 3912 selten
2896 3856 3117 3916 herantreten.

1948 3899 2053 3959 Selten
2083 3900 2183 3960 hallen
2214 3899 2289 3959 seine
2315 3897 2425 3957 Werke
2450 3897 2475 3957 in
2506 3900 2591 3960 einem
2632 3900 2762 3960 schrillen
2793 3900 2853 3960 Ton
2884 3902 2963 3962 aus,
2979 3902 3014 3962 sie
3039 3898 3109 3958 ver¬

1943 3946 2058 4006 klingen
2093 3947 2154 4007 und
2185 3945 2426 4005 verdämmern.
2457 3944 2562 4004 Seine
2588 3945 2699 4005 weiche
2724 3945 2785 4005 und
2821 3946 2910 4006 dabei
2936 3947 2981 4007 oft
3002 3946 3107 4006 spiele¬

1938 3995 2029 4055 rische
2057 3995 2273 4055 Behandlung
2306 3993 2354 4053 der
2381 3994 2553 4054 Probleme
2581 3993 2651 4053 läßt
2673 3994 2845 4054 Schnitzler
2873 3993 2915 4053 als
2943 3992 2996 4052 den
3029 3993 3104 4053 aus¬

1942 4044 2162 4104 gesprochenen
2207 4043 2460 4103 österreichischen
2499 4043 2626 4103 Dichter
2665 4043 2858 4103 erscheinen,
2886 4041 2935 4101 den
2980 4042 3101 4102 Dichter

1949 4092 2026 4152 eines
2057 4093 2279 4153 vergangenen
2309 4094 2417 4154 Wien,
2436 4094 2531 4154 dessen
2562 4094 2748 4154 Landschaft
2773 4093 2832 4153 und
2857 4091 2868 4151 1
2917 4090 3043 4150 gebung
3067 4092 3097 4152 ir

1944 4141 2041 4201 seinen
2069 4141 2199 4201 Werken
2228 4142 2374 4202 lebendig
2396 4141 2493 4201 wird.
