3436 4352
252 348 377 408 12.

435 351 1021 411 Schnitzler's
1092 355 1320 415 Death

1538 359 1665 419 box
1748 363 1939 423 42/7

577 1224 1305 1284 OBSERVER

661 1288 687 1348 I.
705 1288 827 1348 österr.
841 1294 990 1354 behördl.
1003 1297 1305 1357 konzessioniertes

615 1327 852 1387 Unternehmen
884 1333 933 1393 für
960 1338 1349 1398 Zeitungs-Ausschnitte

671 1388 821 1448 WIEN,
850 1392 897 1452 I.,
925 1398 1212 1458 WOLLZEILE
1261 1401 1301 1461 11

768 1442 991 1502 TELEPHON
1024 1446 1204 1506 R-23-0-43

564 1578 792 1638 Ausschnitt
820 1583 909 1643 aus:

556 1670 639 1730 Der
692 1679 942 1739 Derliner
996 1682 1215 1742 Westen,

657 1737 1278 1797 Berlin-Wilmersdor?,

564 1803 681 1863 vom:

852 1854 1213 1914 22.10.1931.

1696 1986 1837 2046 Komödie
1866 1992 2030 2052 „Professor
2060 1995 2264 2055 Bernhardi",
2281 2001 2326 2061 die
2350 2001 2440 2061 etwas
2469 2003 2639 2063 Shawschen
2668 2007 2747 2067 Geist
2770 2008 2855 2068 atmet

622 1990 845 2050 Arthur
884 1998 1173 2058 Schnitzler
1221 2007 1492 2067 gestorben

1702 2025 1759 2085 und
1783 2027 1840 2087 eine
1865 2028 1965 2088 Satire
1990 2031 2038 2091 auf
2058 2033 2100 2093 die
2125 2035 2240 2095 Wiener
2260 2043 2451 2103 Aerzteschaft
2471 2043 2581 2103 bringt.
2601 2045 2629 2105 ist
2649 2046 2667 2106 in
2697 2046 2740 2106 den
2769 2048 2855 2108 letzten

556 2055 659 2115 Wien,
675 2058 721 2118 22.
738 2061 877 2121 Oktober.
914 2065 1007 2125 (Tel.)
1044 2069 1162 2129 Arthur
1184 2072 1339 2132 Schnitzler
1365 2077 1396 2137 ist
1417 2077 1526 2137 gestern
1552 2079 1640 2139 abend

1702 2064 1811 2124 Jahren
1845 2067 1869 2127 in
1899 2070 1998 2130 Berlin
2028 2072 2085 2132 viel
2110 2076 2282 2136 aufgeführt
2306 2079 2440 2139 worden,
2460 2082 2488 2142 u.
2508 2082 2541 2142 a.
2561 2083 2613 2143 mit
2638 2084 2714 2144 Fritz
2734 2088 2858 2148 Kortner

478 2094 510 2154 um
556 2094 564 2154 6
583 2095 601 2155 ½/
629 2097 711 2157 UUhr,
734 2100 756 2160 im
798 2100 880 2160 Alter
908 2103 962 2163 von
991 2105 1022 2165 69
1050 2109 1182 2169 Jahren,
1205 2112 1370 2172 gestorben.
1411 2115 1465 2175 Als
1498 2115 1543 2175 der
1571 2118 1653 2178 Dich¬

1703 2103 1726 2163 in
1759 2106 1801 2166 der
1825 2108 1974 2168 Titelrolle
1998 2112 2020 2172 im
2058 2114 2184 2174 Theater
2208 2116 2226 2176 in
2255 2118 2301 2178 der
2325 2121 2633 2181 Stresemannstraße.

481 2130 524 2190 ter
546 2134 743 2194 nachmittags
769 2138 820 2198 von
851 2140 927 2200 einem
967 2144 1176 2204 Spaziergang
1203 2150 1391 2210 heimkehrte,
1413 2153 1491 2213 erlitt
1512 2153 1538 2213 er
1564 2156 1645 2216 einen

1775 2149 1832 2209 Der
1853 2158 2164 2218 Romanschriftsteller
2191 2164 2341 2224 Schnitzler
2368 2168 2399 2228 ist
2420 2168 2477 2228 viel
2493 2171 2596 2231 gelesen
2628 2171 2763 2231 worden.
2785 2171 2857 2231 1924

485 2171 706 2231 Schlaganiäll.
752 2174 793 2234 Er
825 2179 915 2239 starb,
942 2180 1014 2240 ohne
1042 2182 1096 2242 das
1133 2187 1318 2247 Bewußtsein
1354 2191 1585 2251 wiedererlangt
1617 2195 1644 2255 zu

1705 2193 1819 2253 erschien
1855 2195 1926 2255 seine
1956 2199 2081 2259 Novelle
2113 2204 2268 2264 „Fräulein
2304 2208 2404 2268 Else",
2425 2209 2505 2269 deren
2541 2211 2631 2271 Stoff
2656 2213 2686 2273 zu
2722 2213 2767 2273 dem
2813 2213 2862 2273 be¬

485 2210 589 2270 haben.
634 2213 792 2273 Schnitzler
825 2217 906 2277 wäre
938 2219 960 2279 im
1006 2220 1078 2280 Mai
1106 2224 1232 2284 nächsten
1269 2228 1377 2288 Jahres
1414 2228 1445 2288 70
1477 2233 1572 2293 Jahre
1604 2234 1640 2294 al

480 2249 651 2309 geworden.
692 2251 757 2311 Aus
784 2254 871 2314 diesem
916 2259 1008 2319 Anlaß
1039 2261 1136 2321 waren
1172 2263 1193 2323 in
1225 2266 1374 2326 mehreren
1405 2269 1523 2329 Wiener
1550 2273 1647 2333 Thea¬

476 2283 536 2343 tern
564 2291 853 2351 Festaufführungen
886 2297 974 2357 seiner
998 2299 1100 2359 Stücke
1124 2303 1259 2363 geplant.
1292 2304 1366 2364 Sein
1395 2307 1478 2367 Sohn
1507 2310 1637 2370 Heinrich

1960 2326 2036 2386 .

481 2324 515 2384 ist
540 2330 746 2390 Schauspieler
776 2330 805 2390 am
849 2334 1056 2394 Berliner
1091 2341 1448 2401 Staatstheater.

547 2450 607 2510 Der
638 2455 829 2515 Dramatiker
860 2456 915 2516 und
946 2461 1173 2521 Romandichter
1204 2466 1320 2526 Arthur
1351 2467 1507 2527 Schnitzler
1543 2473 1643 2533 wurde

472 2488 504 2548 am
547 2490 593 2550 15.
617 2491 686 2551 Mai
710 2492 781 2552 1862
809 2493 832 2553 in
866 2497 949 2557 Wien
983 2498 1024 2558 als
1053 2501 1133 2561 Sohn
1166 2503 1212 2563 des
1246 2506 1311 2566 ord.
1335 2506 1499 2566 Professors
1532 2509 1564 2569 an
1593 2511 1639 2571 der

472 2527 588 2587 Wiener
621 2530 804 2590 Universität
842 2532 898 2592 Dr.
922 2536 1043 2596 Johann
1077 2540 1255 2600 Schnitzler,
1298 2542 1377 2602 eines
1410 2548 1639 2608 Laryngologen

471 2565 519 2625 von
555 2567 749 2627 Bedeutung,
777 2571 843 2631 gebe
866 2574 918 2634 en,
941 2575 1029 2635 dessen
1061 2578 1300 2638 Patientenkreis
1354 2581 1424 2641 viele
1456 2584 1642 2644 prominente

473 2604 679 2664 Schauspieler
707 2607 758 2667 und
791 2609 912 2669 Sänger
941 2613 1095 2673 gehörten.
1137 2618 1296 2678 Schnitzler
1319 2621 1455 2681 studierte
1483 2624 1641 2684 gleichfalls

473 2642 599 2702 Medizin
637 2645 660 2705 in
693 2646 795 2706 Wien,
819 2650 1019 2710 promovierte
1047 2655 1117 2715 1885
1150 2655 1205 2715 und
1239 2658 1299 2718 war
1327 2658 1373 2718 bis
1407 2658 1476 2718 1893
1505 2662 1639 2722 Assistent

475 2679 565 2739 seines
593 2681 696 2741 Vaters
724 2685 755 2745 an
783 2686 828 2746 der
851 2689 973 2749 Wiener
997 2694 1195 2754 Allgemeinen
1223 2697 1391 2757 Poliklinik.
1427 2697 1486 2757 Den
1514 2700 1640 2760 militär¬

469 2719 618 2779 ärztlichen
651 2723 767 2783 Dienst,
787 2724 809 2784 in
838 2725 884 2785 den
918 2727 945 2787 er
974 2729 1067 2789 später
1091 2732 1170 2792 trat,
1189 2735 1287 2795 mußte
1311 2735 1338 2795 er
1367 2735 1432 2795 nach
1460 2738 1507 2798 der
1535 2737 1642 2797 Publi¬

469 2755 557 2815 kation
600 2759 679 2819 einer
712 2761 800 2821 seiner
838 2762 922 2822 ersten
965 2766 1100 2826 Novellen
1143 2771 1311 2831 „Leutnant
1344 2774 1447 2834 Gustl"
1480 2777 1620 2837 aufgeben

465 2795 520 2855 und
549 2795 615 2855 bald
644 2799 780 2859 widmete
805 2801 832 2861 er
861 2803 903 2863 sich
932 2807 1145 2867 ausschließlich
1173 2810 1220 2870 der
1249 2813 1409 2873 Literatur.

549 2846 786 2906 Zurückgegogen
823 2849 874 2909 vom
921 2852 998 2912 Lärm
1046 2853 1091 2913 der
1123 2855 1205 2915 Welt
1232 2857 1267 2917 ist
1304 2858 1350 2918 der
1382 2861 1495 2921 Dichter
1537 2862 1640 2922 dahin¬

472 2885 639 2945 gegangen,
658 2888 682 2948 in
711 2888 758 2948 der
787 2890 892 2950 großen
922 2893 1117 2953 Einsamkeit,
1137 2897 1217 2957 deren
1247 2899 1314 2959 Lied
1338 2900 1361 2960 in
1395 2900 1481 2960 seinen
1515 2902 1629 2962 Werken

473 2924 622 2984 anklingt.
664 2927 720 2987 Die
753 2929 949 2989 Melancholie
982 2930 1019 2990 ist
1047 2932 1093 2992 der
1126 2935 1303 2995 Grundton,
1332 2938 1377 2998 der
1411 2938 1453 2998 die
1486 2940 1639 3000 Schicksale

472 2962 560 3022 seiner
595 2965 861 3025 Bühnengestalten
895 2970 1072 3030 beherrscht;
1107 2972 1156 3032 bei
1181 2976 1269 3036 diesen
1304 2976 1363 3036 setzt
1393 2980 1565 3040 Schnitzler,
1590 2983 1638 3043 der

474 3002 562 3062 große
587 3004 758 3064 Skeptiker,
779 3007 896 3067 überall
916 3010 970 3070 das
1000 3013 1225 3073 Fragezeichen.

545 3051 640 3111 Seine
661 3055 807 3115 Tragödie
833 3057 1014 3117 „Liebelei",
1030 3061 1070 3121 die
1091 3061 1116 3121 im
1152 3064 1257 3124 Milieu
1283 3064 1328 3124 der
1354 3068 1490 3128 sorglosen
1516 3069 1636 3129 Wiener

472 3088 586 3148 Jugend
624 3094 705 3154 spielt
744 3094 810 3154 war
839 3096 892 3156 sein
930 3100 1016 3160 erster
1050 3102 1154 3162 großer
1188 3103 1427 3163 Bühnenerfolg.
1475 3109 1637 3169 „Anatol“,

472 3126 557 3186 sieben
591 3132 777 3192 dramatische
802 3135 983 3195 Gespräche,
1013 3138 1055 3198 ein
1089 3142 1299 3202 vielgespielter
1329 3144 1452 3204 Zyklus,
1477 3147 1548 3207 stellt
1572 3147 1634 3207 eine

468 3169 710 3229 Männergestalt
732 3171 754 3231 in
785 3171 833 3231 den
864 3175 1071 3235 Mittelpunkt,
1094 3177 1133 3237 die
1160 3180 1212 3240 das
1239 3181 1291 3241 alte
1318 3183 1406 3243 etwas
1437 3186 1631 3246 degenerierte

465 3210 632 3270 Oesterreich
657 3210 839 3270 verkörpert.
879 3213 941 3273 Mit
966 3216 1138 3276 „Freiwild“
1168 3220 1220 3280 und
1245 3221 1403 3281 besonders
1428 3222 1475 3282 der
1500 3225 1634 3285 Meister¬

1687 3227 1805 3287 kannten
1842 3231 1903 3291 Film
1945 3231 2001 3291 mit
2023 3234 2167 3294 Elisabeth
2198 3236 2332 3296 Bergner
2363 3238 2405 3298 als
2436 3241 2497 3301 Else
2529 3246 2704 3306 verarbeitet
2730 3251 2833 3311 wurde

464 3248 591 3308 komödie
623 3252 700 3312 „Der
728 3252 832 3312 Grüne
860 3255 1000 3315 Kakadu“
1037 3258 1141 3318 betritt
1164 3261 1323 3321 Schnitzler
1360 3263 1409 3323 den
1441 3264 1536 3324 Boden
1578 3265 1627 3325 des

1683 3265 1757 3325 Sein
1786 3268 1874 3328 letzter
1898 3270 2009 3330 Roman
2037 3276 2190 3336 „Therese,
2205 3276 2335 3336 Chronik
2354 3280 2428 3340 eines
2456 3283 2698 3343 Frauenlebens"
2722 3290 2833 3350 erschien

464 3288 586 3348 sozialen
614 3291 759 3351 Dramas.
796 3294 868 3354 Sein
900 3295 1067 3355 „Reigen“,
1086 3299 1131 3359 der
1154 3300 1176 3360 s.
1191 3300 1226 3360 Z.
1245 3301 1376 3361 verboten
1404 3303 1485 3363 war,
1499 3306 1630 3366 wirbelte

1682 3305 1771 3365 1928;
1797 3309 1842 3369 der
1868 3309 1983 3369 Dichter
2008 3312 2093 3372 ahnte
2119 3315 2199 3375 darin
2230 3316 2254 3376 in
2286 3320 2476 3380 feinsinnigem
2517 3328 2753 3388 Vorausschauen
2788 3330 2833 3390 den

462 3324 531 3384 auch
559 3329 580 3389 in
608 3329 709 3389 Berlin
737 3332 785 3392 bei
802 3332 850 3392 der
872 3335 1239 3395 Nachkriegsaufführung
1266 3340 1320 3400 viel
1342 3341 1439 3401 Staub
1467 3344 1531 3404 auf.
1569 3346 1623 3406 Die
1650 3343 1661 3403 1
1688 3346 1806 3406 bitteren
1834 3350 2022 3410 Niedergang
2050 3353 2098 3413 der
2126 3355 2319 3415 Gegenwart.
