3248 4384
221 271 296 331 2.
355 276 845 336 Schnitzler
914 283 952 343 s
1021 282 1250 342 Death

464 1433 506 1493 In
545 1432 592 1492 dem
641 1432 831 1492 motivischen
870 1432 1031 1492 Dreiklang
1070 1432 1160 1492 dieser
1194 1429 1280 1489 Dich¬

195 1435 338 1495 Erkennt

391 1474 462 1534 tung
495 1471 680 1531 dominieren
717 1471 834 1531 Drama
870 1471 924 1531 und
956 1473 1169 1533 novellistische
1196 1470 1286 1530 Epik,

177 1477 337 1537 Gesichter

395 1511 446 1571 und
479 1509 576 1569 bliebe
609 1509 703 1569 nichts
736 1509 791 1569 aus
829 1509 926 1569 seiner
955 1509 1202 1569 Schöpfermacht
1231 1506 1277 1566 als

178 1515 207 1575 un
250 1515 336 1575 wagt

395 1548 576 1608 „Liebelei",
601 1548 643 1608 ein
682 1548 897 1608 dramatisches
936 1548 1094 1608 Volkslied
1128 1545 1280 1605 unsäglich

184 1557 193 1617 g
235 1553 332 1613 könne

390 1589 488 1649 weher
511 1587 618 1647 Süße;
642 1587 721 1647 „Der
745 1586 838 1646 grüne
866 1587 1024 1647 Kakadu",
1048 1587 1085 1647 ein
1118 1587 1281 1647 einaktiger

203 1593 337 1653 führen:

391 1626 605 1686 Epochenbau,
624 1623 651 1683 in
680 1623 730 1683 den
759 1623 810 1683 der
833 1625 917 1685 Blitz
936 1626 987 1686 des
1015 1626 1126 1686 Genies
1155 1624 1285 1684 schlägt:

188 1632 334 1692 Daseins.

391 1665 567 1725 „Professor
587 1663 806 1723 Bernhardi“,
821 1662 873 1722 der
898 1665 1136 1725 vorurteilslose
1161 1663 1275 1723 Prozeß

182 1671 276 1731 itzler,
303 1672 329 1732 so

390 1705 549 1765 zugunsten
581 1702 626 1762 der
650 1701 910 1761 vorurteilslosen
942 1704 1146 1764 Humanität;
1165 1701 1279 1761 blieben

392 1744 480 1804 nichts
513 1741 559 1801 als
592 1739 638 1799 die
672 1741 811 1801 Wunder
839 1741 936 1801 seiner
969 1741 1280 1801 Novellenzauberei:

181 1765 202 1825 er
240 1765 326 1825 Sinn

390 1781 418 1841 es
451 1781 535 1841 wäre
568 1781 769 1841 übergenug,
793 1781 830 1841 um
882 1781 933 1841 dem
981 1781 1144 1841 Dreiklang
1178 1779 1285 1839 Ewig¬

169 1808 225 1868 sid,
253 1805 335 1865 ehrte

390 1818 599 1878 keitsmelodie
628 1820 657 1880 zu
692 1817 803 1877 geben.

176 1844 217 1904 ar
246 1844 273 1904 er
302 1844 325 1904 in

468 1865 537 1925 War
573 1865 643 1925 aber
679 1863 759 1923 seine
790 1865 941 1925 Dichtung
976 1868 1022 1928 ein
1057 1865 1283 1925 harmonischer

171 1882 215 1942 ds
264 1880 337 1940 ver¬

395 1907 567 1967 Dreiklang,
586 1905 614 1965 so
642 1904 707 1964 war
731 1904 852 1964 Arthur
880 1907 1062 1967 Schnitzlers
1095 1904 1202 1964 Dasein
1235 1904 1272 1964 ein

198 1922 326 1982 sondern

395 1945 558 2005 Einklang.
581 1942 735 2002 Einklang
768 1942 922 2002 sublimer
954 1944 1286 2004 Uebereinstimmung.

228 1959 337 2019 Indi¬

395 1982 447 2042 Nie
472 1981 529 2041 und
558 1980 616 2040 mit
640 1979 731 2039 nichts
760 1979 812 2039 hat
837 1981 865 2041 er
890 1981 933 2041 sich
962 1981 1096 2041 befleckt.
1116 1978 1288 2038 Konzessio¬

176 1999 338 2059 einzelne,

390 2023 440 2083 nen
467 2023 571 2083 kannte
599 2020 626 2080 er
649 2021 744 2081 nicht,
763 2020 840 2080 keine
863 2020 913 2080 des
941 2020 1104 2080 Betriebs,
1127 2020 1199 2080 keine
1227 2020 1277 2080 des

199 2038 341 2098 machen,

398 2060 535 2120 Prosits;
555 2059 584 2119 er
609 2059 663 2119 hat
683 2059 732 2119 sich
757 2059 874 2119 beiseite
899 2059 1061 2119 gehalten,
1076 2059 1154 2119 ohne
1174 2059 1223 2119 sich
1248 2062 1272 2122 zu

171 2077 198 2137 ste
239 2077 334 2137 unter

388 2101 559 2161 entziehen.
587 2098 795 2158 Unantastbar
828 2099 895 2159 ging
932 2098 959 2158 er
991 2099 1090 2159 seinen
1127 2098 1276 2158 einsamen

176 2116 339 2176 leuchten;

390 2140 476 2200 Weg,
510 2140 605 2200 dessen
654 2137 965 2197 Schicksalhaftigkeit
1009 2137 1138 2197 Richard
1186 2137 1282 2197 Beer¬

181 2157 237 2217 auf
258 2154 340 2214 stür¬

391 2178 563 2238 Hofmann,
605 2177 660 2237 sein
698 2177 912 2237 Weggenosse,
955 2175 1280 2235 verständnisinniger

175 2193 333 2253 Ironie

391 2217 437 2277 als
465 2215 545 2275 sonst
569 2216 690 2276 jemand
718 2214 750 2274 es
780 2214 966 2274 vermöchte,
985 2215 1013 2275 in
1047 2214 1135 2274 diesem
1178 2214 1284 2274 bisher

187 2232 334 2292 Sordine

390 2256 712 2316 unveröffentlichten,
753 2255 926 2315 Schnitzler
972 2255 1171 2315 gewidmeten
1226 2250 1284 2310 Ge¬

181 2271 339 2331 gewesen,

392 2296 483 2356 dichte
503 2295 556 2355 den
586 2292 745 2352 Ausdruck
770 2292 861 2352 fand:

166 2307 268 2367 seben,
287 2309 337 2369 der

520 2343 580 2403 Alle
605 2344 694 2404 Wege,
715 2343 755 2403 die
780 2343 828 2403 wir
853 2346 950 2406 treten,

172 2349 216 2409 ihn
257 2351 337 2411 miß¬

523 2377 643 2437 Münden
675 2375 697 2435 in
729 2377 771 2437 die
795 2377 965 2437 Einsamkeit

169 2387 232 2447 gten
269 2386 319 2446 ihm

525 2411 731 2471 Nimmermüde
754 2411 879 2471 Stunden
909 2411 975 2471 jäten

164 2426 225 2486 peit
261 2425 318 2485 vom

522 2445 577 2505 Aus
604 2447 617 2507 —
660 2447 716 2507 was
742 2447 828 2507 wuchs
859 2447 884 2507 an
915 2447 979 2507 Lust
1002 2447 1053 2507 und
1080 2447 1157 2507 Leid.

192 2465 339 2525 entfernt

523 2497 595 2557 Alles
620 2495 701 2555 Glück
726 2497 774 2557 und
803 2495 868 2555 alles
897 2497 977 2557 Elend

170 2503 249 2563 emut
283 2501 337 2561 vor

523 2534 607 2594 Blatzt
631 2531 653 2591 zu
685 2531 773 2591 fernem
812 2531 1011 2591 Widerschein;

181 2543 339 2603 Herkunft

523 2567 580 2627 Was
608 2567 778 2627 beseligenb,
797 2564 854 2624 was
886 2567 1001 2627 quälend

218 2582 331 2642 epische

528 2600 592 2660 Geht
613 2599 620 2659 —
662 2600 722 2660 läßt
743 2601 791 2661 uns
816 2599 869 2659 mit
889 2599 938 2659 uns
962 2599 1055 2659 allein.

189 2618 327 2678 „Armen

522 2650 626 2710 Schritt
643 2650 675 2710 ich
700 2650 756 2710 eben
784 2650 853 2710 nicht
874 2650 894 2710 im
931 2650 1051 2710 Reigen?

213 2657 274 2717 Sie
303 2659 341 2719 ist

523 2686 579 2746 Und
603 2686 660 2746 was
683 2684 752 2744 traf,
767 2685 812 2745 das
836 2683 893 2743 traf
912 2686 1061 2746 gemeinsam

166 2695 246 2755 helei
275 2694 340 2754 ent-

524 2719 609 2779 Bietet
629 2719 735 2779 keine
756 2720 833 2780 Hand
858 2718 923 2778 sich?
944 2716 951 2776 —
996 2717 1216 2777 Schweigen

169 2737 263 2797 schaft
294 2734 318 2794 im

524 2755 603 2815 Sieht
621 2755 679 2815 mich
705 2755 734 2815 an
760 2753 772 2813 —
815 2755 856 2815 der
882 2754 940 2814 Weg
966 2752 1033 2812 wird
1059 2753 1176 2813 einsam!

169 2774 338 2834 sehmliche¬

519 2807 559 2867 Ob
580 2804 612 2864 ich
637 2803 690 2863 stieg
719 2806 763 2866 von
793 2806 1062 2866 Glückes=Thronen,

171 2812 334 2872 Wedekind

519 2842 560 2902 Ob
584 2840 617 2900 ich
641 2838 724 2898 klomm
758 2840 807 2900 aus
835 2838 1135 2898 Leidens=Gründen-

181 2850 338 2910 ndenkbar

527 2873 606 2933 Dort,
622 2871 708 2931 wohin
736 2874 775 2934 ich
799 2874 862 2934 geb,
878 2874 905 2934 zu
933 2874 1059 2934 wohnen,

194 2890 337 2950 neuzeit¬

519 2907 588 2967 Will
610 2908 649 2968 sich
676 2907 762 2967 keines
792 2907 818 2967 zu
849 2907 901 2967 mir
923 2908 1030 2968 finden.

183 2928 257 2988 süler
291 2928 341 2988 ge¬

523 2956 590 3016 Ein
618 2958 752 3018 Erkennen
780 2958 850 3018 nur,
871 2960 922 3020 mit
942 2958 1024 3018 klaren

197 2970 226 3030 sie
261 2970 344 3030 ihm.

522 2994 610 3054 Augen
641 2994 698 3054 will
722 2994 779 3054 mich
806 2994 990 3054 hingeleiten:

198 3009 226 3069 n.
254 3006 335 3066 Aber

523 3029 578 3089 Daß
607 3027 663 3087 auch
689 3027 832 3087 vorher
859 3027 888 3087 um
925 3027 984 3087 mich
1010 3027 1098 3087 waren
1124 3025 1135 3085 —

205 3046 237 3106 te
274 3044 334 3104 und

526 3062 679 3122 Unerkannt
700 3061 711 3121 —
756 3061 829 3121 nur
854 3062 1173 3122 Einsamkeiten.

208 3083 348 3143 abhielt,

462 3119 504 3179 So
537 3119 640 3179 einsam
688 3119 763 3179 ging
797 3117 829 3177 er
862 3118 947 3178 durch
980 3118 1027 3178 die
1061 3119 1145 3179 Zeit,
1169 3119 1286 3179 distan¬

207 3123 341 3183 genblick

391 3162 467 3222 ziert
486 3158 540 3218 von
568 3158 631 3218 ihr,
654 3158 835 3218 hingezogen
868 3158 894 3218 zu
927 3158 972 3218 ihr
995 3158 1063 3218 ...
1082 3155 1167 3215 durch
1195 3158 1290 3218 Güte.

205 3164 338 3224 anderer

398 3199 433 3259 Da
475 3196 506 3256 ist
538 3196 597 3256 das
639 3194 729 3254 Wort
762 3197 957 3257 gesprochen,
985 3197 1043 3257 das
1081 3194 1130 3254 bei
1163 3194 1285 3254 Arthur

196 3201 251 3261 her
275 3200 330 3260 von

398 3236 574 3296 Schnitzlers
615 3235 805 3295 Gedächtnis
847 3236 924 3296 seine
960 3234 1041 3294 volle
1078 3236 1187 3296 seltene
1223 3234 1282 3294 Be¬

202 3242 258 3302 ich,
287 3242 334 3302 die

390 3277 523 3337 deutung
550 3274 709 3334 gewinnt:
732 3271 829 3331 Güte.
847 3272 891 3332 In
919 3274 967 3334 dem
1012 3273 1131 3333 schönen
1163 3274 1291 3334 Antlitz,

208 3275 274 3335 Belt
304 3280 329 3340 zu

390 3316 483 3376 dessen
532 3313 727 3373 überbuschte
758 3313 860 3373 Augen
913 3313 939 3373 so
989 3313 1223 3373 dringend=klar
1255 3313 1281 3373 zu

209 3317 344 3377 schehen.

395 3354 509 3414 schauen
549 3353 691 3413 wußten,
718 3353 744 3413 so
775 3352 925 3412 fragend:
956 3349 1013 3409 wie
1049 3353 1119 3413 geht
1146 3349 1177 3409 es
1213 3352 1283 3412 dir?

237 3355 250 3415 o
292 3356 340 3416 die

395 3391 503 3451 Leidest
531 3391 590 3451 du?
622 3391 704 3451 stand
741 3391 790 3451 sie,
818 3391 840 3451 in
882 3391 931 3451 dem
982 3391 1118 3451 Munde,
1142 3388 1196 3448 der
1228 3388 1282 3448 mit

198 3394 261 3454 Pelt
286 3395 339 3455 der

398 3430 500 3490 solcher
561 3427 775 3487 unvergeßlich
841 3427 1090 3487 wohllautenden
1159 3427 1283 3487 weichen

159 3436 168 3496 r
192 3436 342 3496 kämpfte.

397 3469 525 3529 Stimme
556 3468 671 3528 sprach,
694 3468 724 3528 so
756 3468 875 3528 ärztlich
911 3468 1101 3528 beruhigend
1137 3466 1194 3526 und
1230 3466 1287 3526 mit

189 3474 337 3534 rchsichtig

398 3509 497 3569 solchem
539 3508 661 3568 Anteil,
684 3506 729 3566 als
757 3504 875 3564 spräche
902 3507 979 3567 jedes
1016 3504 1120 3564 Wort:
1143 3504 1193 3564 Ich
1220 3504 1288 3564 will

174 3511 263 3571 ,daß
308 3510 337 3570 es

394 3548 437 3608 dir
472 3546 565 3606 helfen
592 3549 664 3609 ...
691 3546 759 3606 auch
798 3543 888 3603 darin
927 3546 995 3606 war
1030 3543 1077 3603 die
1112 3540 1193 3600 Güte
1228 3543 1287 3603 un¬

160 3549 237 3609 evor
294 3551 341 3611 die

394 3585 593 3645 überhörbar.
620 3585 686 3645 Mit
713 3584 810 3644 dieser
837 3585 1014 3645 klingenden
1050 3582 1187 3642 Stimme
1218 3581 1284 3641 ver¬

191 3589 340 3649 ychologie

396 3626 519 3686 kündete
549 3624 591 3684 ein
625 3624 735 3684 großer
764 3624 883 3684 Dichter
912 3623 964 3683 den
999 3624 1151 3684 Einklang
1185 3624 1280 3684 seines

178 3630 225 3690 sie,
255 3628 342 3688 Hell¬

392 3666 472 3726 edlen
510 3664 779 3724 Menschentums.

1452 279 1586 339 box
1663 282 1851 342 43/9

1406 1426 1473 1486 Und
1497 1429 1569 1489 ...
1589 1426 1684 1486 seines
1714 1426 1963 1486 tiefwurzelnden
1998 1425 2233 1485 Oesterreicher¬

1340 1467 1439 1527 tums.
1453 1465 1525 1525 Hier
1548 1465 1643 1525 redete
1671 1465 1724 1525 und
1752 1465 1847 1525 blickte
1870 1465 1965 1525 einer,
1983 1465 2028 1525 der
2047 1465 2223 1525 Oesterreich

1339 1505 1404 1565 sah,
1423 1503 1484 1563 wie
1526 1502 1624 1562 keiner
1671 1502 1727 1562 vor
1751 1502 1830 1562 ihm.
1854 1503 1989 1563 Deshalb
2036 1503 2096 1563 ließ
2144 1502 2176 1562 er
2200 1500 2223 1560 in

1340 1542 1430 1602 seinem
1476 1539 1575 1599 Werke
1603 1539 1783 1599 Oesterreich
1811 1542 1888 1602 sehen
1925 1539 1978 1599 und
2011 1540 2137 1600 sprechen
2174 1539 2228 1599 wie

1337 1582 1400 1642 nach
1427 1581 1477 1641 ihm
1519 1581 1613 1641 keiner
1637 1581 1668 1641 es
1696 1579 1854 1639 vermögen
1887 1580 1982 1640 wird.
2001 1578 2083 1638 Alles
2115 1578 2232 1638 Oester¬

1337 1623 1485 1683 reichische
1514 1620 1584 1680 war
1612 1617 1639 1677 in
1682 1618 1775 1678 dieser
1808 1620 1952 1680 redenden
1995 1617 2237 1677 Bildnerschaft,

1339 1660 1393 1720 das
1434 1659 1615 1719 Oesterreich
1661 1657 1806 1717 Mozarts
1847 1656 1905 1716 und
1947 1659 2001 1719 das
2046 1656 2223 1716 Oesterreich

1339 1698 1567 1758 Grillparzers,
1586 1695 1632 1755 die
1661 1695 1763 1755 Größe
1792 1695 1843 1755 der
1871 1695 2006 1755 Anmut,
2030 1695 2080 1755 der
2109 1695 2229 1755 Zauber

1337 1737 1385 1797 der
1414 1736 1694 1796 Pathoslosigkeit,
1719 1733 1762 1793 die
1792 1733 1902 1793 Glorie
1932 1733 1980 1793 des
2009 1733 2168 1793 Gefühls,
2188 1733 2236 1793 die

1337 1775 1495 1835 Inbrunst
1519 1775 1564 1835 der
1592 1775 1700 1835 Kritik.
1719 1772 1764 1832 So
1793 1772 1888 1832 waren
1920 1772 1988 1832 auch
2016 1770 2056 1830 die
2084 1772 2220 1832 Schatten

1337 1815 1387 1875 des
1416 1814 1532 1874 Bildes
1579 1811 1663 1871 darin
1696 1811 1775 1871 nicht
1817 1811 2041 1871 schöngefärbt,
2084 1811 2162 1871 nicht
2186 1808 2232 1868 ge¬

1344 1855 1432 1915 hässig
1472 1853 1668 1913 verfinstert.
1693 1850 1761 1910 Ja!
1791 1850 1845 1910 In
1890 1850 2032 1910 seinem
2087 1849 2229 1909 Werke

1336 1895 1423 1955 war
1449 1892 1733 1952 Oesterreich!
1754 1891 1821 1951 Das
1847 1889 2043 1949 versunkene,
2064 1889 2115 1949 das
2147 1886 2234 1946 halb¬

1425 2110 1696 2170 Meinhard
1738 2107 1827 2167 und
1870 2104 2148 2164 Bernauer

1344 2193 1503 2253 wieder
1532 2192 1739 2252 Berliner
1769 2190 2229 2250 Theaterdirektoren.

1824 2252 1951 2312 Berlin,
1973 2250 1999 2310 im
2048 2250 2196 2310 Oktober.

1398 2313 1471 2373 Carl
1497 2313 1732 2373 Meinhard
1762 2310 1820 2370 und
1850 2309 1973 2369 Rudolf
1998 2307 2228 2367 Bernauer

1337 2355 1504 2415 eröffneten
1551 2352 1668 2412 wieder
1710 2351 1761 2411 als
1804 2349 2009 2409 selbständige
2051 2346 2228 2406 Direktoren

1335 2393 1384 2453 ihr
1409 2393 1590 2453 Theater
1616 2388 1655 2448 in
1685 2389 1753 2449 der
1778 2384 2240 2444 Stresemannstraße.

1337 2432 1434 2492 Durch
1463 2431 1514 2491 den
1547 2429 1672 2489 Auszug
1705 2426 1920 2486 Barnowskys
1953 2426 1976 2486 in
2009 2424 2060 2484 das
2093 2423 2237 2483 Deutsche

1337 2471 1605 2531 Künstlertheater
1639 2469 1700 2529 sind
1735 2468 1773 2528 sie
1807 2465 2017 2525 gezwungen,
2042 2465 2089 2525 die
2124 2465 2228 2525 beiden

1340 2512 1423 2572 ihnen
1466 2510 1653 2570 gehörenden
1696 2507 1831 2567 Häuser,
1855 2507 1911 2567 das
1949 2504 2084 2564 Theater
2118 2502 2145 2562 in
2183 2504 2234 2564 der

1339 2549 1651 2609 Stresemannstraße
1687 2548 1749 2608 und
1789 2546 1841 2606 das
1882 2545 2142 2605 Komödienhaus
2182 2542 2217 2602 am

1339 2590 1664 2650 Schiffbauerdamm,
1696 2588 1882 2648 künstlerisch
1919 2585 2012 2645 selbst
2048 2585 2078 2645 zu
2110 2583 2239 2643 führen.

1413 2637 1585 2697 Meinhard
1629 2634 1691 2694 und
1720 2635 1887 2695 Bernauer
1926 2632 2079 2692 vertraten
2123 2630 2233 2690 früher

1337 2677 1394 2737 das
1437 2677 1523 2737 gute,
1557 2674 1768 2734 traditionelle
1807 2671 1960 2731 Theater.
1999 2670 2046 2730 Ob
2090 2670 2142 2730 sie,
2176 2668 2233 2728 vor

1340 2716 1449 2776 langen
1488 2713 1626 2773 Jahren,
1651 2715 1679 2775 im
1722 2713 1876 2773 Berliner
1900 2710 2033 2770 Theater
2067 2710 2114 2770 die
2144 2707 2234 2767 Posse

1339 2755 1455 2815 „Einer
1484 2753 1539 2813 von
1577 2752 1684 2812 unsere
1713 2752 1805 2812 Leut"
1843 2749 2038 2809 aufführten,
2062 2748 2094 2808 ob
2132 2748 2169 2808 sie
2202 2746 2225 2806 in

1339 2794 1390 2854 der
1418 2794 1730 2854 Stresemannstraße
1758 2791 1916 2851 Wedekind
1949 2788 2004 2848 und
2038 2788 2227 2848 Strindberg

1339 2832 1488 2892 spielten:
1519 2831 1582 2891 man
1621 2829 1728 2889 wußte
1759 2829 1886 2889 immer,
1908 2827 2011 2887 woran
2054 2826 2118 2886 man
2157 2826 2237 2886 war.

1339 2873 1377 2933 Es
1416 2871 1526 2931 wurde
1560 2871 1656 2931 nichts
1695 2871 1920 2931 vorgetäuscht,
1950 2865 2045 2925 nichts
2084 2865 2238 2925 kaschiert.

1344 2910 1458 2970 Gutes,
1497 2910 1612 2970 solides
1656 2908 1804 2968 Theater,
1848 2907 1900 2967 das
1953 2905 2044 2965 sogar
2092 2904 2144 2964 bei
2178 2903 2230 2963 der

1340 2949 1556 3009 „Kronbraut"
1600 2949 1659 3009 und
1703 2947 1767 3007 beim
1816 2946 2051 3006 „Traumspiel“
2081 2946 2105 3006 in
2150 2943 2228 3003 diese

1340 2990 1464 3050 Bezirke
1495 2988 1674 3048 durchstieß.

1413 3028 1644 3088 Bewahrende,
1704 3024 1945 3084 handwerkliche
2009 3021 2226 3081 Begabungen

1337 3067 1427 3127 haben
1473 3065 1504 3125 es
1546 3065 1572 3125 in
1618 3064 1672 3124 der
1700 3065 1767 3125 Zeit
1795 3064 1849 3124 der
1876 3062 2107 3122 verändernden
2144 3059 2229 3119 Krise

1339 3106 1465 3166 doppelt
1493 3104 1619 3164 schwer.
1652 3104 1810 3164 Umstellen
1848 3101 1960 3161 können
1998 3101 2035 3161 sie
2063 3101 2110 3161 sich
2147 3100 2240 3160 nicht.

1337 3143 1410 3203 Was
1445 3145 1508 3205 also
1539 3143 1627 3203 sollen
1662 3143 1696 3203 sie
1726 3141 1863 3201 spielen?
1898 3140 2153 3200 Wahrscheinlich
2183 3137 2232 3197 die

1337 3185 1514 3245 Literatur,
1533 3183 1588 3243 mit
1617 3182 1663 3242 der
1691 3182 1724 3242 sie
1753 3179 1990 3239 hochgekommen
2023 3179 2102 3239 sind.
2122 3177 2233 3237 Wahr¬

1339 3224 1484 3284 scheinlich
1522 3222 1582 3282 (für
1611 3221 1675 3281 eine
1704 3221 1919 3281 Generation,
1943 3218 1990 3278 die
2018 3218 2097 3278 diese
2126 3218 2233 3278 Stücke

1339 3262 1418 3322 nicht
1451 3264 1534 3324 mehr
1567 3262 1678 3322 kennt)
1706 3259 1752 3319 die
1790 3259 1966 3319 Wedekind=
1999 3257 2059 3317 und
2097 3257 2231 3317 Strind¬

1339 3304 1419 3364 berg=
1450 3304 1512 3364 und
1543 3302 1893 3362 Hauptmann=Stücke,
1925 3299 1951 3359 in
1995 3298 2106 3358 schnell
2142 3298 2234 3358 wech¬

1340 3342 1452 3402 selndem
1498 3343 1685 3403 Spielplan.
1721 3340 1793 3400 Man
1830 3340 1898 3400 kann
1930 3338 2139 3398 überprüfen,
2162 3337 2225 3397 was

1335 3382 1402 3442 noch
1430 3382 1534 3442 wirkt.
1562 3379 1730 3439 Meinhard
1763 3378 1821 3438 und
1849 3379 2013 3439 Bernauer
2036 3379 2145 3439 spielen
2177 3376 2236 3436 mit

1335 3420 1423 3480 Recht
1461 3421 1493 3481 zu
1541 3419 1808 3479 außerordentlich
1846 3418 1967 3478 billigen
2005 3416 2154 3476 Preisen;
2192 3415 2229 3475 sie

1339 3460 1425 3520 haben
1462 3462 1506 3522 sich
1534 3460 1593 3520 mit
1621 3460 1706 3520 Recht
1734 3457 1829 3517 keiner
1857 3457 2233 3517 Abonnementsorgani¬

1339 3498 1430 3558 sation
1469 3498 1709 3558 angeschlossen.
1738 3495 1801 3555 Sie
1835 3495 1897 3555 sind
1931 3495 2132 3555 selbständig,
2157 3492 2233 3552 aus¬

1339 3537 1516 3597 gezeichnet.
1546 3536 1627 3596 Aber
1657 3537 1689 3597 ich
1724 3534 1834 3594 glaube
1864 3534 1954 3594 nicht,
1979 3534 2031 3594 daß
2065 3534 2093 3594 es
2128 3534 2228 3594 richtig

1340 3576 1383 3636 ist,
1402 3576 1526 3636 billiges
1556 3576 1689 3636 Theater
1718 3573 1775 3633 mit
1800 3573 2010 3633 Luxusstücken
2044 3575 2072 3635 zu
2106 3573 2235 3633 spielen,

1337 3618 1440 3678 billige
1473 3615 1712 3675 Aufführungen
1749 3615 1776 3675 zu
1813 3612 1925 3672 machen
1967 3612 2025 3672 mit
2053 3612 2225 3672 mondänen

1341 3657 1732 3717 Gesellschaftskomödien.
1763 3654 1850 3714 Alles
1882 3654 1995 3714 gehört
2031 3654 2232 3714 zusammen:

2284 1423 2480 1483 versunkene,
2509 1423 2566 1483 das
2600 1423 2849 1483 unvergeßliche,
2879 1423 2950 1483 das,
2979 1423 3075 1483 worin
3113 1423 3170 1483 wir

2285 1462 2409 1522 geboren
2443 1462 2563 1522 waren,
2587 1462 2645 1522 und
2679 1462 2904 1522 dessengleichen
2938 1462 2966 1522 es
3000 1462 3077 1522 nicht
3101 1462 3177 1522 gibt.

2285 1500 2422 1560 Deshalb
2457 1500 2594 1560 brauchte
2624 1499 2741 1559 Arthur
2766 1500 2932 1560 Schnitzler
2957 1500 3055 1560 weder
3085 1500 3173 1560 Wür¬

2285 1539 2337 1599 den
2366 1539 2432 1599 noch
2457 1539 2575 1599 Ehren.
2601 1536 2671 1596 Man
2701 1539 2753 1599 hat
2772 1539 2819 1599 ihm
2863 1539 2954 1599 keinen
2983 1539 3082 1599 Orden
3112 1538 3173 1598 ver¬

2285 1578 2395 1638 liehen,
2419 1578 2486 1638 aber
2515 1578 2544 1638 er
2568 1578 2621 1638 hat
2650 1578 2693 1638 sich
2727 1578 2765 1638 ein
2799 1578 2952 1638 Denkmal
2977 1578 3092 1638 gesetzt:
3116 1578 3164 1638 den

2288 1615 2512 1675 Wienerwald.
2537 1617 2579 1677 So
2608 1617 2699 1677 lange
2728 1617 2799 1677 diese
2828 1617 2938 1677 sanften
2972 1617 3072 1677 Hügel
3096 1617 3167 1677 grün

2288 1656 2353 1716 oder
2382 1656 2527 1716 entlaubt
2555 1656 2588 1716 am
2630 1656 2799 1716 Horizonte
2832 1656 2944 1716 stehen:
2973 1656 3052 1716 jeder
3081 1656 3174 1716 grüne

2289 1692 2346 1752 und
2375 1693 2532 1753 entlaubte
2562 1695 2681 1755 Baum,
2700 1695 2781 1755 jedes
2810 1695 2925 1755 Hügels
2959 1695 3073 1755 sanfter
3098 1695 3179 1755 Auf¬

2288 1730 2418 1790 schwung
2470 1732 2549 1792 wird
2596 1732 2651 1792 sein
2703 1730 2978 1790 unvergängliches
3025 1733 3178 1793 Denkmal

2291 1770 2362 1830 sein.
2382 1769 2449 1829 Und
2478 1769 2535 1829 wir
2560 1769 2679 1829 werden
2708 1772 2923 1832 stehenbleiben
2958 1769 3014 1829 und
3043 1770 3091 1830 die
3116 1769 3177 1829 Un¬

2288 1808 2474 1868 sterblichkeit
2510 1810 2598 1870 dessen
2638 1811 2746 1871 sehen,
2766 1809 2859 1869 dessen
2894 1810 2957 1870 Tod
2992 1809 3051 1869 uns
3086 1809 3174 1869 heute

2290 1850 2405 1910 Tränen
2439 1850 2466 1910 in
2499 1850 2543 1910 die
2566 1850 2670 1910 Augen
2704 1850 2814 1910 treibt:
2837 1850 2958 1910 Arthur
2981 1852 3179 1912 Schnitzlers,
