3392 4352
1513 317 1636 377 box
1707 315 1893 375 44/1

220 326 335 386 12.
396 327 990 387 Schnitzler's
1060 322 1293 382 Death

1690 721 2408 781 OBSERVER

1778 789 1803 849 I.
1817 786 1940 846 österr.
1954 786 2103 846 behördl.
2116 783 2419 843 konzessioniertes

1732 828 1973 888 Unternehmen
2003 825 2049 885 für
2075 827 2464 887 Zeitungs-Ausschnitte

1789 888 1940 948 WIEN,
1967 888 2013 948 I.,
2040 888 2324 948 WOLLZEILE
2371 883 2410 943 1.

1894 939 2110 999 TELEPHON
2142 936 2320 996 R-23-0-43

1657 1050 1864 1110 Journal:

2211 1076 2400 1136 een

1949 1102 2135 1162 Arvefferti.

1904 1205 1947 1265 10
1993 1196 2215 1256 NOV.193

1984 1378 2401 1438 Stadt=Theater

1858 1435 1986 1495 Arthur
2012 1454 2523 1514 Schnitzler=Gedächtnisfeier!

1770 1494 1896 1554 Heute,
1915 1506 2096 1566 Dienstag,
2120 1511 2198 1571 wird
2223 1517 2313 1577 Carl
2338 1525 2501 1585 Friedrich
2532 1529 2646 1589 Wie¬

1716 1536 1869 1596 gand,
1891 1541 1945 1601 der
1973 1545 2005 1605 in
2039 1547 2093 1607 der
2121 1555 2268 1615 Schweiz
2296 1563 2383 1623 durch
2417 1568 2476 1628 sein
2515 1571 2645 1631 histori¬

1723 1577 1799 1637 sches
1837 1578 1967 1638 Drima
2011 1594 2260 1654 „Marignano“
2304 1608 2461 1668 bekannte
2500 1616 2645 1676 Dichter,

1713 1619 1771 1679 zum
1815 1625 2028 1685 Angedenken
2058 1633 2111 1693 des
2136 1641 2252 1701 großen
2286 1651 2514 1711 verstorbenen
2544 1658 2626 1718 öster

1720 1662 1893 1722 reichischen
1936 1675 2161 1735 Romanciers
2199 1684 2255 1744 und
2293 1694 2528 1754 Dramatikers
2571 1700 2641 1760 eine

1713 1705 1921 1765 Gedenkrede
1951 1715 2086 1775 halten,
2106 1723 2154 1783 die
2185 1726 2237 1786 den
2272 1734 2514 1794 Verstorbenen
2549 1741 2640 1801 wür¬

1725 1748 1809 1808 digen
1850 1752 1915 1812 und
1946 1757 2041 1817 ehren
2077 1763 2177 1823 wird.
2218 1771 2368 1831 Hierauf
2419 1780 2499 1840 wird
2535 1784 2635 1844 unter

1733 1792 1953 1852 Spielleitung
1986 1800 2045 1860 von
2085 1808 2253 1868 Gottfried
2287 1820 2534 1880 Falkenhausen
2568 1827 2638 1887 Ar¬

1709 1831 1789 1891 thur
1820 1840 2018 1900 Schnitzlers
2059 1851 2272 1911 „Liebelei“,
2303 1857 2333 1917 in
2374 1864 2480 1924 Szene
2516 1870 2637 1930 gehen,

1700 1870 1756 1930 das
1787 1878 1900 1938 Werk,
1921 1882 1977 1942 das
2008 1887 2059 1947 ihn
2091 1891 2157 1951 noch
2188 1896 2219 1956 in
2250 1900 2373 1960 jungen
2404 1907 2532 1967 Jahren
2569 1912 2630 1972 mit

1708 1917 1798 1977 einem
1844 1923 1946 1983 Male
1972 1926 2001 1986 in
2037 1930 2087 1990 die
2113 1935 2220 1995 Reihe
2245 1938 2300 1998 der
2331 1945 2428 2005 ersten
2464 1952 2625 2012 deutschen

1714 1964 2079 2024 Bühnenschriftsteller
2111 1977 2254 2037 brachte.
2280 1980 2290 2040 —
2348 1987 2409 2047 Die
2440 1996 2625 2056 Nachfrage

1705 2001 1761 2061 für
1793 2004 1844 2064 die
1876 2008 1984 2068 Plätze
2015 2015 2051 2075 an
2088 2019 2191 2079 diesem
2238 2026 2351 2086 Abend
2409 2031 2444 2091 ist
2497 2037 2620 2097 bereits

1698 2043 1839 2103 ziemlich
1871 2050 1970 2110 groß,
1997 2058 2133 2118 worauf
2160 2062 2222 2122 wir
2254 2068 2312 2128 das
2344 2074 2511 2134 Publikum
2559 2079 2632 2139 höf¬

1702 2083 1790 2143 lichst
1827 2094 2034 2154 aufmerksam
2087 2103 2237 2163 machen.
2275 2118 2623 2178 (Schauspielpreise.)

1742 2128 1802 2188 Als
1828 2133 1863 2193 7.
1880 2138 2094 2198 Vorstellung
2125 2147 2150 2207 im
2192 2158 2625 2218 Mittwoch=Abonnement

1694 2171 1835 2231 gelangt
1863 2176 1911 2236 die
1945 2185 2091 2245 komische
2114 2191 2200 2251 Oper
2217 2195 2304 2255 „Der
2321 2205 2593 2265 Waffenschmied

1690 2210 1750 2270 von
1781 2219 1910 2279 Albert
1935 2227 2094 2287 Lortzing
2144 2235 2204 2295 zur
2236 2244 2475 2304 Aufführung.
2525 2252 2622 2312 Diese

1692 2258 1885 2318 allbeliebte
1925 2267 1984 2327 und
2029 2276 2301 2336 unverwüstliche
2337 2289 2534 2349 Spieloper,
2565 2294 2618 2354 die

1684 2295 1744 2355 den
1780 2306 1908 2366 ganzen
1949 2315 2169 2375 Theatersinn
2230 2322 2296 2382 und
2333 2328 2465 2388 Humor
2522 2334 2613 2394 ihres

1684 2342 1860 2402 Schöpfers
1893 2353 1997 2413 zeigt,
2020 2357 2057 2417 ist
2080 2359 2135 2419 als
2168 2367 2399 2427 musikalisches
2432 2377 2619 2437 Unterhal¬

1684 2387 1871 2447 tungsstück
1893 2400 2196 2460 geschmackvollster
2222 2408 2290 2468 Art
2317 2412 2342 2472 in
2374 2414 2426 2474 der
2458 2420 2609 2480 heutigen

1683 2427 1807 2487 ernsten
1842 2437 1921 2497 Zeit
1951 2443 2124 2503 besonders
2159 2454 2402 2514 willkommen.
2432 2463 2610 2523 Kammer¬

1678 2473 1794 2533 sänger
1850 2482 2062 2542 Lichtenstein
2118 2491 2207 2551 singt
2258 2497 2313 2557 die
2363 2502 2491 2562 Partie
2542 2507 2597 2567 des

1683 2516 1856 2576 „Georg“.
1885 2528 2162 2588 (Opernpreise.)

1725 2559 1778 2619 Am
1827 2565 2065 2625 Donnerstag,
2093 2574 2146 2634 den
2190 2577 2244 2637 12.
2272 2583 2461 2643 November
2499 2589 2607 2649 findet

1686 2601 1722 2661 ein
1753 2604 1939 2664 Schweizer
1962 2616 2336 2676 Komponisten=Abend
2366 2629 2425 2689 stat

646 2679 855 2739 TELEPHON
899 2681 1076 2741 R-23-0-43

1444 2714 1610 2774 ständiges
1647 2714 1777 2774 Spielen
1814 2714 1884 2774 und
1921 2712 2122 2772 Koketieren
2159 2712 2218 2772 mit
2255 2712 2313 2772 der
2350 2711 2456 2771 Dela-
2493 2708 2563 2768 der,
2577 2711 2647 2771 auch
2672 2709 2766 2769 Halt
2791 2708 2849 2768 und
2886 2706 3147 2766 Willenlosigkeit
3172 2704 3362 2764 liebenswir

1437 2757 1530 2817 denz,
1558 2757 1607 2817 sein
1647 2756 1856 2816 Beschnüffeln
1895 2756 2016 2816 kranker
2050 2754 2193 2814 Körper=
2222 2754 2282 2814 und
2315 2753 2448 2813 Seelen=
2481 2754 2630 2814 gestalten
2669 2752 2724 2812 und
2763 2750 2812 2810 der
2841 2750 3005 2810 Dekadenz
3039 2750 3122 2810 einen
3156 2749 3260 2809 Hauch
3294 2747 3348 2807 von

2484 2801 2516 2861 zu
2554 2798 2645 2858 geben
2683 2796 2779 2856 weiß!

1436 2801 1597 2861 zustände,
1627 2796 1717 2856 sodaß
1758 2799 1854 2859 seinen
1895 2801 2010 2861 meisten
2051 2798 2177 2858 Werken
2218 2798 2318 2858 etwas
2354 2797 2454 2857 Mor¬

356 2835 451 2895 trait
477 2831 515 2891 du
548 2825 720 2885 Journal:

1436 2845 1546 2905 bides,
1584 2843 1721 2903 Giftiges
1763 2845 1927 2905 anhaftet,
1965 2843 2022 2903 das
2065 2843 2144 2903 nicht
2181 2843 2313 2903 dadurch
2356 2840 2450 2900 besser

2571 2849 2669 2909 Frisch
2707 2849 2762 2909 und
2800 2849 2948 2909 natürlich
2985 2849 3053 2909 ging
3091 2845 3152 2905 das
3190 2846 3289 2906 Spiel
3320 2842 3375 2902 von

1440 2887 1535 2947 wird,
1566 2888 1620 2948 daß
1661 2888 1691 2948 es
1727 2888 1908 2948 genußreich
1944 2888 2135 2948 dargeboten
2176 2885 2271 2945 wird.
2312 2886 2357 2946 In
2397 2883 2447 2943 der

2474 2892 2562 2952 dank
2590 2894 2639 2954 der
2668 2891 2883 2951 Lebendigkeit
2906 2891 2983 2951 aller
3011 2891 3199 2951 Darsteller.
3227 2891 3304 2951 Frl.
3321 2886 3376 2946 Tr

1436 2932 1605 2992 Totalität
1632 2929 1724 2989 seiner
1755 2932 1992 2992 Persönlichkeit
2018 2929 2074 2989 und
2106 2929 2198 2989 seines
2229 2927 2352 2987 Werkes
2384 2927 2445 2987 war

2480 2938 2692 2998 Reimann
2735 2935 2807 2995 sand
2849 2935 2895 2995 als
2933 2932 3104 2992 Christine,
3135 2932 3181 2992 als
3218 2931 3281 2991 das
3317 2931 3369 2991 bet

360 2938 489 2998 lresse:

825 2983 882 3043 11
930 2967 1187 3027 NOV.1931

1436 2977 1605 3037 Schnitzler
1637 2975 1715 3035 ganz
1743 2974 1795 3034 dem
1843 2974 2080 3034 relativistischen
2123 2971 2223 3031 Geiste
2255 2971 2344 3031 seiner
2377 2971 2450 3031 Zeit

2474 2980 2538 3040 tief
2571 2980 2711 3040 liebende
2744 2978 2895 3038 Mädchen
2928 2977 3019 3037 Töne
3052 2976 3111 3036 und
3149 2974 3316 3034 Gebärden

1440 3020 1615 3080 verhaftet,
1636 3019 1721 3079 ganz
1748 3018 1795 3078 ihr
1828 3018 1928 3078 Kind,
1956 3019 2034 3079 ganz
2061 3016 2108 3076 ihr
2141 3016 2363 3076 Gefangener,
2391 3015 2438 3075 nie

2488 3025 2660 3085 greifender
2687 3022 2925 3082 Empfindung.
2963 3023 3027 3083 Ihr
3060 3019 3174 3079 ganzes
3207 3019 3373 3079 schauspiel

353 3046 440 3106 tte:

1439 3064 1522 3124 mals
1557 3061 1700 3121 Führer,
1725 3061 1784 3121 vor
1819 3061 1897 3121 allem
1952 3061 2084 3121 niemals
2120 3059 2371 3119 Emporführer.
2406 3058 2449 3118 Er

2481 3067 2591 3127 Wesen
2630 3067 2663 3127 ist
2697 3067 2879 3127 überhaupt
2913 3064 2962 3124 der
2996 3064 3072 3124 klare
3112 3064 3249 3124 Spiegel
3278 3061 3332 3121 für
3355 3056 3371 3116 e

1435 3105 1506 3165 war
1535 3107 1611 3167 nicht
1641 3106 1679 3166 ein
1713 3106 1899 3166 leuchtender
1933 3104 2028 3164 Stern
2063 3103 2115 3163 wie
2144 3102 2216 3162 etwa
2250 3101 2451 3161 Hofmanns¬

2481 3112 2597 3172 große,
2642 3109 2942 3169 unproblematische
2988 3106 3148 3166 Gefühle.
3216 3106 3382 3166 Gretel

1436 3150 1525 3210 thal,
1552 3149 1678 3209 sondern
1716 3147 1757 3207 ein
1795 3147 1942 3207 Irrlicht,
1974 3147 2026 3207 das
2064 3147 2126 3207 beim
2175 3145 2285 3205 rechten
2322 3144 2438 3204 Namer

2485 3153 2651 3213 Braxis
2695 3153 2760 3213 gab
2804 3151 2852 3211 als
2895 3150 2982 3210 Mizi
3020 3150 3177 3210 Schlager
3215 3147 3274 3207 das
3318 3145 3382 3205 erfe

1429 3195 1585 3255 genannt
1616 3192 1732 3252 werden
1773 3194 1864 3254 muß.

2474 3198 2711 3258 oberflächliche
2739 3195 2977 3255 Wienermädel
3006 3194 3060 3254 mit
3089 3194 3144 3254 der
3172 3192 3216 3252 ihr
3244 3191 3365 3251 eigenen

643 3198 825 3258 Luzerner
860 3192 1151 3252 Stadttheater.

2486 3243 2629 3303 silbernen
2676 3240 2907 3300 Lebendigkeit.
2954 3237 3108 3297 Gediegen
3155 3237 3222 3297 war
3263 3234 3314 3294 die

586 3249 707 3309 Arthur
737 3246 1213 3306 Schnitzler=Gedächtnisfeier.

2480 3288 2553 3348 lung
2599 3285 2650 3345 der
2696 3282 3054 3342 Strumpfwirkersfrau
3101 3282 3185 3342 durch
3231 3280 3305 3340 Frl.
3339 3276 3356 3336 V

1525 3288 1764 3348 „Liebelei“
1819 3288 1878 3348 das
1917 3288 2030 3348 gestern
2074 3285 2172 3345 abend
2216 3286 2269 3346 zur
2308 3285 2449 3345 Auffüh¬

477 3297 532 3357 K.
549 3297 603 3357 W.
643 3298 709 3358 Dem
754 3297 913 3357 Andenken
953 3295 985 3355 an
1019 3296 1074 3356 den
1108 3295 1140 3355 am
1186 3297 1240 3357 21.
1263 3295 1406 3355 Oktober

2479 3329 2745 3389 Leininger.
2773 3326 2864 3386 Diese
2892 3326 3114 3386 schnüffelnde,
3136 3323 3310 3383 stichelnde,
3332 3322 3364 3382 rü

1435 3334 1514 3394 rung
1557 3335 1717 3395 gelangte,
1749 3329 1786 3389 ist
1818 3329 1887 3389 noch
1930 3331 2009 3391 eines
2053 3329 2100 3389 der
2138 3329 2446 3389 liebenswürdigsten

387 3346 418 3406 in
456 3344 540 3404 Wien
577 3342 794 3402 verstorbenen
832 3341 1054 3401 Schriftsteller
1086 3338 1208 3398 Arthur
1240 3338 1404 3398 Schnitzler

2476 3371 2529 3431 los
2572 3371 2831 3431 teilnahmsvolle
2862 3369 3055 3429 Natgeberin
3092 3368 3164 3428 fand
3207 3367 3230 3427 in
3267 3368 3345 3428 Frl.

1442 3378 1628 3438 Schauspiel
1654 3374 1856 3434 Schnitzlers,
1883 3374 2054 3434 allerdings
2091 3371 2158 3431 auch
2190 3374 2334 3434 typischer
2366 3371 2433 3431 Aus

388 3390 467 3450 galt
499 3389 546 3449 der
578 3386 709 3446 gestrige
742 3384 1000 3444 Theaterabend.
1043 3383 1174 3443 Prof.
1196 3383 1274 3443 Dr.
1301 3383 1337 3443 C.
1364 3385 1380 3445 F

2479 3420 2535 3480 ger
2572 3416 2638 3476 eine
2675 3413 2891 3473 lebenswahre
2928 3410 3160 3470 Wiedergabe.
3202 3410 3263 3470 Die
3305 3410 3372 3470 män

1443 3420 1527 3480 druck
1553 3419 1598 3479 der
1624 3418 2005 3478 Entscheidungslosigkeit
2031 3416 2081 3476 des
2112 3417 2247 3477 Dichters
2278 3416 2333 3476 mit
2358 3416 2428 3476 seine

388 3434 614 3494 Wiegand
656 3431 712 3491 aus
754 3431 888 3491 Zürich,
920 3428 971 3488 der
1012 3428 1063 3488 den
1106 3424 1404 3484 Theaterbesuchern

2484 3459 2623 3519 Partner
2655 3458 2743 3518 Fritz
2769 3456 2955 3516 Lobheimer
2987 3454 3049 3514 und
3085 3454 3241 3514 Theodor
3272 3452 3365 3512 Kaise

1443 3465 1551 3525 Flucht
1583 3461 1603 3521 in
1639 3461 1763 3521 Gefühl
1794 3461 1856 3521 und
1893 3461 2192 3521 Sentimentalität,
2218 3460 2264 3520 die
2301 3459 2362 3519 hier
2394 3460 2450 3520 mit

394 3476 462 3536 noch
502 3475 531 3535 in
571 3473 777 3533 freundlicher
811 3471 1007 3531 Erinnerung
1037 3470 1130 3530 Aebte
1170 3470 1267 3530 wegen
1312 3470 1404 3530 seiner

1436 3506 1523 3566 einer
1564 3506 1775 3566 Katastrophe
1816 3504 1924 3564 endet.
1971 3504 2140 3564 „Liebelei“
2187 3504 2274 3564 führt
2316 3503 2372 3563 uns
2414 3502 2439 3562 in
2486 3502 2541 3562 den
2573 3502 2624 3562 von
2655 3503 2706 3563 den
2738 3500 2845 3560 Herren
2877 3499 3020 3559 Franz
3041 3497 3211 3557 Dehler
3232 3495 3293 3555 und
3319 3494 3334 3554 W

394 3518 599 3578 wesenhaften
629 3518 894 3578 Gedächtnisrede
920 3517 978 3577 auf
1003 3513 1154 3573 Hermann
1190 3514 1409 3574 Sudermann,

2479 3545 2649 3605 Giersch
2690 3543 2745 3603 aus
2786 3541 2841 3601 der
2877 3541 3088 3601 Atmosphäre
3129 3538 3179 3598 der
3220 3538 3345 3598 Wiener

1443 3550 1497 3610 das
1533 3550 1624 3610 Wien
1665 3547 1715 3607 der
1750 3549 2003 3609 Vorkriegszeit,
2029 3547 2058 3607 in
2094 3547 2155 3607 das
2190 3547 2301 3607 Wien,
2332 3547 2387 3607 wie
2418 3547 2447 3607 es

395 3562 497 3622 sprach
539 3562 564 3622 in
606 3562 729 3622 freiem,
766 3559 822 3619 von
864 3558 1069 3618 literarischer
1106 3556 1270 3616 Substanz
1307 3556 1409 3616 gesät¬

2485 3590 2625 3650 losigkeit
2658 3586 2771 3646 heraus
2804 3586 2868 3646 sehr
2906 3586 2965 3646 gut
2998 3585 3155 3645 gestaltet.
3193 3583 3360 3643 Vielleicht

1436 3596 1521 3656 lacht
1551 3593 1612 3653 und
1648 3592 1758 3652 weint.
1794 3592 1880 3652 Was
1916 3592 1965 3652 die
1996 3594 2127 3654 Jugend
2163 3590 2193 3650 so
2229 3591 2304 3651 schön
2345 3589 2450 3649 macht,

393 3607 495 3667 tigtem
544 3604 690 3664 Vortrag
729 3604 804 3664 über
843 3601 939 3661 Leben
983 3600 1042 3660 und
1082 3598 1178 3658 Werk
1206 3599 1395 3659 Schnitzlers

2479 3640 2513 3700 zu
2558 3633 2636 3693 stark
2676 3629 2872 3689 sentimental
2912 3628 3109 3688 angehaucht
3149 3625 3212 3685 war
3257 3625 3374 3685 diesma

1440 3637 1489 3697 die
1525 3637 1717 3697 Unkenntis
1758 3635 1813 3695 des
1854 3635 1990 3695 Lebens,
2026 3634 2101 3694 wird
2142 3634 2207 3694 hier
2243 3634 2267 3694 in
2313 3634 2449 3694 bitterste

396 3649 462 3709 Die
495 3649 678 3709 wesenhafte
706 3646 872 3706 Erfassung
905 3646 960 3706 des
994 3644 1237 3704 österreichischen
1271 3643 1409 3703 Schrift¬

2487 3674 2571 3734 Hans
2604 3673 2747 3733 Weiring
2785 3673 2837 3733 von
2875 3673 2959 3733 Hrn.
2986 3670 3209 3730 Friedrich
3242 3670 3374 3730 Carlr

1443 3682 1623 3742 Erfahrung
1669 3679 1860 3739 gewandelt.
1906 3678 1951 3738 Es
1992 3679 2032 3739 ist
2068 3679 2117 3739 die
2158 3677 2324 3737 Geschichte
2365 3676 2445 3736 eines

395 3694 502 3754 tums,
529 3694 580 3754 der
606 3693 848 3753 österreichischen
884 3689 987 3749 Kunst
1013 3688 1069 3748 und
1106 3688 1265 3748 Literatur
1296 3685 1404 3745 bildete

2478 3718 2549 3778 Die
2583 3718 2904 3778 Ansteckungsgefahr
2938 3715 2993 3775 der
3032 3712 3314 3772 Sentimentalität
3348 3712 3375 3772 li

1438 3726 1548 3786 jungen
1589 3723 1749 3783 Mannes,
1775 3721 1825 3781 der
1856 3721 1986 3781 zwischen
2027 3720 2097 3780 zwei
2128 3720 2249 3780 Frauen
2284 3720 2375 3780 steht,
2405 3720 2450 3780 die

391 3733 454 3793 das
499 3735 685 3795 wertvollste
726 3733 892 3793 Kernstück
927 3732 981 3792 des
1021 3730 1222 3790 Vortrages,
1257 3729 1404 3789 während

2479 3762 2510 3822 im
2564 3762 2675 3822 Stück,
2713 3759 2781 3819 doch
2825 3757 2904 3817 nicht
2942 3756 2989 3816 so,
3027 3756 3085 3816 daß
3128 3756 3181 3816 ihr
3224 3756 3266 3816 ein

1436 3768 1505 3828 eine
1541 3768 1788 3828 leidenschaftlich
1829 3765 1904 3825 liebt
1941 3765 2000 3825 und
2041 3762 2091 3822 die
2127 3765 2242 3825 andere
2278 3762 2323 3822 als
2364 3764 2454 3824 Zeit¬

395 3777 458 3837 das
485 3778 521 3838 an
554 3780 600 3840 sich
627 3777 844 3837 achtenswerte
876 3774 1119 3834 Pietätsgefühl
1141 3771 1314 3831 gegenüber
1346 3771 1393 3831 dem

2484 3807 2619 3867 Talent,
2645 3804 2700 3864 wie
2731 3801 2790 3861 Hr.
2816 3801 3002 3861 Carlmayr,
3028 3798 3214 3858 unterliegen
3255 3798 3375 3858 müßte.

392 3822 611 3882 verstorbenen
652 3821 777 3881 Dichter
817 3819 942 3879 Arthur
978 3816 1142 3876 Schnitzler
1183 3816 1233 3876 den
1278 3815 1403 3875 Redner
1444 3813 1578 3873 vertreib
1614 3810 1674 3870 und
1709 3810 1869 3870 Erholung
1910 3808 2019 3868 besitzt.
2060 3805 2105 3865 Um
2155 3805 2210 3865 der
2240 3807 2450 3867 leidenschaft¬

2468 3849 2606 3909 Ernst
2638 3848 2895 3908 Holznagel
2933 3843 2999 3903 trug
3046 3843 3071 3903 in
3113 3843 3211 3903 seinem
3263 3841 3365 3901 kurzen

1443 3858 1492 3918 lich
1533 3855 1679 3915 geliebten
1726 3853 1806 3913 Frau
1851 3853 1952 3913 willen
1998 3852 2069 3912 muß
2109 3850 2139 3910 er
2180 3849 2205 3909 im
2261 3849 2362 3909 Duell
2398 3849 2447 3909 mit

400 3865 555 3925 hinderte,
586 3864 636 3924 den
672 3864 787 3924 ganzen
823 3863 990 3923 Schnitzler
1020 3862 1050 3922 zu
1086 3860 1288 3920 offenbaren,
1313 3861 1408 3921 sodaß

1443 3900 1527 3960 deren
1563 3900 1663 3960 Mann
1699 3897 1814 3957 fallen,
1840 3896 1985 3956 während
2020 3894 2075 3954 das
2111 3894 2276 3954 Mädchen,
2307 3894 2362 3954 das
2392 3894 2438 3954 ihn
2483 3891 2558 3951 tritt
2594 3890 2639 3950 als
2674 3888 2860 3948 betrogener
2890 3886 3046 3946 Ehegatte
3081 3885 3146 3945 eine
3177 3885 3372 3945 prachtvolle

391 3909 430 3969 er
465 3909 513 3969 ihn
559 3909 617 3969 nur
657 3909 681 3969 in
726 3908 784 3968 das
825 3906 966 3966 Blickfeld
1007 3904 1070 3964 rein
1110 3903 1311 3963 literarischer
1346 3903 1409 3963 Be¬

1443 3944 1545 4004 innig,
1576 3944 1663 4004 treu,
1695 3941 1874 4001 aufrichtig,
1910 3939 1972 3999 rein
2014 3939 2146 3999 geliebt,
2178 3938 2203 3998 in
2245 3937 2450 3997 Erkenntnis,
2482 3934 2650 3994 trastfigur
2692 3932 2717 3992 in
2764 3932 2810 3992 die
2851 3929 3052 3989 leichtsinnige
3098 3929 3283 3989 Stimmung
3330 3927 3365 3987 de

388 3953 557 4013 trachtung
599 3950 697 4010 stellte
739 3950 795 4010 und
842 3948 867 4008 in
909 3948 1002 4008 diesem
1059 3947 1203 4007 Blickfeld
1245 3946 1291 4006 die
1332 3946 1409 4006 schil¬

2485 3978 2641 4038 pierenden
2690 3977 2836 4037 Jugend.
2885 3971 2987 4031 Jeder
3025 3973 3123 4033 Blick,
3150 3971 3236 4031 jedes
3280 3971 3376 4031 Wort

1438 3987 1498 4047 daß
1539 3988 1578 4048 sie
1614 3985 1674 4045 nur
1716 3984 1887 4044 Spielzeug
1928 3983 2079 4043 gewesen,
2115 3981 2140 4041 in
2186 3978 2327 4038 seelischer
2368 3976 2433 4036 Ver

393 3995 501 4055 lernde
536 3995 654 4055 Pracht
689 3994 767 4054 eines
807 3992 1019 4052 feinnervigen
1059 3991 1197 4051 Dichters
1237 3989 1305 4049 sah.
1345 3989 1408 4049 Die

1445 4032 1604 4092 zweiflung
1640 4028 1795 4088 zugrunde
1831 4030 1916 4090 geht.
1957 4025 2127 4085 „Liebelei“
2168 4022 2277 4082 konnte
2308 4022 2368 4082 nur
2398 4022 2443 4082 ein
2489 4019 2634 4079 Gebärde
2675 4019 2740 4079 war
2781 4016 2820 4076 ein
2866 4016 2960 4076 Blitz,
2996 4016 3046 4076 der
3087 4013 3362 4073 unheilverkünden

394 4043 494 4103 große
532 4039 632 4099 Kunst
670 4037 876 4097 feinfühliger
914 4034 1116 4094 Aufspürung
1164 4034 1238 4094 aller
1281 4034 1386 4094 Regun

2479 4064 2622 4124 traurige
2662 4062 2745 4122 Ende
2785 4058 2908 4118 voraus
2948 4061 3149 4121 beleuchtete.
3194 4058 3282 4118 Alles
3327 4057 3351 4117 in

1448 4076 1571 4136 Wiener
1604 4073 1760 4133 schreiben,
1788 4072 1857 4132 oder
1891 4070 1933 4130 ein
1967 4070 2107 4130 Dichter,
2129 4067 2182 4127 der
2210 4067 2350 4127 innerlich
2388 4063 2441 4123 und

393 4087 447 4147 gen
487 4082 570 4142 einer
605 4081 762 4141 morbiden
807 4079 1088 4139 Großstadtkultur
1123 4076 1221 4136 bleibt
1256 4076 1314 4136 das
1354 4075 1388 4135 un

2479 4104 2549 4164 eine
2582 4103 2738 4163 wertvolle
2771 4103 2992 4163 Aufführung,
3020 4103 3068 4163 die
3101 4103 3160 4163 eine
3193 4100 3376 4160 allgemeine

1443 4117 1592 4177 äußerlich
1634 4115 1695 4175 mi.
1732 4114 1783 4174 der
1819 4114 1973 4174 urewigen
2020 4112 2128 4172 Stadt
2165 4109 2216 4169 des
2263 4109 2443 4169 Leichtsinns

399 4126 575 4186 bestrittene
612 4123 783 4183 Verdienst
820 4123 1022 4183 Schnitlers.
1064 4120 1152 4180 Aber
1194 4120 1251 4180 das
1293 4120 1401 4180 eigent

405 4173 468 4233 liche
503 4172 606 4232 Wesen
641 4170 698 4230 von
733 4168 917 4228 Schnitzlers
952 4168 1153 4228 Lebenswerk
1182 4168 1216 4228 ist
1245 4167 1314 4227 doch
1343 4166 1400 4226 sein
1447 4165 1619 4225 verbunden
1654 4164 1705 4224 ist.
1735 4162 1792 4222 Ein
1828 4163 1936 4223 echter,
1966 4164 2005 4224 ein
2041 4160 2241 4220 gefährlicher
2271 4158 2449 4218 Schnitzler,
2484 4156 2552 4216 liche
2593 4152 2771 4212 Aufnahme
2806 4150 2869 4210 beim
2921 4149 3070 4209 Publikum
3123 4150 3214 4210 fand.
