3392 4320
169 292 225 352 12

357 300 937 360 Schnitzler's
1009 303 1237 363 Death

1454 300 1578 360 box
1649 309 1836 369 42/7

1931 881 1969 941 Er
1999 881 2046 941 hat
2086 880 2129 940 als
2163 879 2279 939 Anatol
2308 877 2385 937 jenen
2424 876 2801 936 melancholisch-heiteren,

1932 924 2114 984 himmelhoch
2146 924 2297 984 jauchzend
2324 921 2475 981 verzagten
2512 921 2704 981 Philosophen
2741 921 2795 981 und

1938 967 2101 1027 Nichtstuer
2124 965 2297 1025 gezeichnet,
2312 964 2375 1024 der,
2389 961 2453 1021 halb
2476 963 2599 1023 Hamlet
2618 963 2671 1023 mit
2686 963 2799 1023 Erden¬

1937 1007 2063 1067 schwere,
2086 1008 2151 1068 halb
2180 1008 2320 1068 sorgloser
2348 1004 2526 1064 Casanova,
2545 1006 2624 1066 jener
2653 1004 2797 1064 glückliche

1933 1052 2136 1112 Oesterreicher
2167 1049 2246 1109 war,
2269 1049 2322 1109 von
2353 1049 2401 1109 dem
2447 1047 2517 1107 schon
2557 1048 2605 1108 das
2637 1046 2795 1106 historische

1936 1093 2118 1153 Sprichwort
2142 1094 2238 1154 gesagt
2258 1093 2353 1153 hatte,
2368 1091 2416 1151 daß
2445 1091 2474 1151 er
2498 1091 2622 1151 heiraten
2652 1091 2733 1151 solle.
2757 1087 2795 1147 Er

1931 1135 1977 1195 hat
2006 1134 2034 1194 im
2081 1136 2315 1196 „Leutnant
2343 1130 2479 1190 Gustl“
2512 1131 2563 1191 den
2596 1133 2732 1193 Werther
2765 1129 2788 1189 in

1936 1178 2058 1238 Uniform
2099 1178 2235 1238 erkannt,
2258 1178 2303 1238 dem
2349 1177 2398 1237 das
2430 1175 2516 1235 Leben
2548 1176 2575 1236 zu
2607 1175 2707 1235 schwer
2739 1174 2793 1234 und

1936 1220 1985 1280 das
2015 1219 2137 1279 Sterben
2167 1219 2191 1279 zu
2221 1220 2305 1280 leicht
2325 1217 2422 1277 schien.
2458 1217 2502 1277 Er
2522 1217 2575 1277 ließ
2605 1218 2649 1278 als
2675 1214 2801 1274 „Pro¬

1932 1261 2066 1321 fessor
2095 1261 2358 1321 Bernhardi“
2383 1261 2459 1321 jenen
2493 1261 2670 1321 charmanten
2705 1258 2805 1318 Fron¬

1931 1306 1996 1366 deur
2022 1306 2073 1366 auf
2096 1304 2138 1364 die
2161 1304 2268 1364 Bühne
2290 1303 2437 1363 kommen,
2455 1303 2502 1363 der
2524 1303 2623 1363 trotzen
2654 1303 2705 1363 und
2736 1299 2801 1359 ver¬

1932 1351 2034 1411 zichten
2067 1349 2184 1409 mußte,
2208 1347 2258 1407 wie
2291 1347 2342 1407 sein
2376 1344 2469 1404 heißes
2502 1344 2581 1404 Blut
2605 1345 2637 1405 es
2666 1342 2712 1402 ihm
2754 1340 2800 1400 be¬

1937 1394 2011 1454 fahl.
2054 1393 2137 1453 Kaum
2179 1390 2221 1450 ein
2249 1389 2375 1449 Zweiter
2403 1387 2426 1447 in
2464 1387 2556 1447 seiner
2580 1387 2645 1447 Zeit
2669 1387 2719 1447 hat
2748 1383 2799 1443 wie

1935 1434 2093 1494 Schnitzler
2113 1432 2160 1492 den
2189 1431 2424 1491 österreichischen
2453 1428 2602 1488 Menschen
2631 1428 2683 1488 mit
2708 1428 2793 1488 seinen

1938 1476 2054 1536 Fehlern
2092 1476 2148 1536 und
2181 1475 2317 1535 Lastern,
2341 1472 2396 1532 mit
2424 1471 2518 1531 seinen
2551 1473 2705 1533 Tugenden
2743 1470 2799 1530 und

1936 1518 2076 1578 Talenten
2104 1518 2285 1578 geschildert,
2308 1515 2357 1575 und
2394 1515 2416 1575 in
2444 1513 2493 1573 dem
2535 1514 2675 1574 Spiegel,
2693 1512 2738 1572 den
2771 1512 2797 1572 er

1936 1561 2080 1621 vorhielt,
2095 1561 2145 1621 hat
2169 1560 2300 1620 mancher
2323 1556 2370 1616 das
2398 1554 2463 1614 Leid
2492 1557 2547 1617 und
2571 1557 2617 1617 die
2641 1554 2799 1614 Sehnsucht

1937 1605 2023 1665 seiner
2051 1604 2173 1664 zwiespä
2219 1605 2278 1665 ge.
2301 1601 2387 1661 Seele
2415 1599 2551 1659 erkannt.

1978 1647 2013 1707 Im
2059 1644 2200 1704 Cottage,
2232 1643 2282 1703 dem
2328 1640 2542 1700 Villenviertel
2583 1638 2632 1698 der
2669 1637 2805 1697 Makart¬

1936 1686 2073 1746 Bürger,
2091 1685 2170 1745 stand
2197 1685 2250 1745 sein
2282 1685 2379 1745 Haus.
2419 1682 2494 1742 Fern
2526 1682 2574 1742 vom
2619 1682 2716 1742 lauten
2747 1681 2809 1741 Ge¬

1942 1730 2202 1790 sellschaftstreiben
2230 1729 2276 1789 der
2300 1726 2538 1786 habsburgischen
2566 1724 2701 1784 Residenz
2729 1724 2798 1784 lebte

1937 1774 1964 1834 er
2004 1774 2097 1834 seinen
2138 1772 2266 1832 Büchern
2316 1768 2368 1828 und
2418 1767 2511 1827 seinen
2552 1768 2698 1828 Kindern.
2747 1766 2805 1826 Die

1942 1814 2056 1874 Tochter
2081 1815 2152 1875 Lili,
2177 1815 2229 1875 mit
2249 1813 2325 1873 einem
2364 1811 2559 1871 italienischen
2584 1811 2713 1871 Offizier
2742 1807 2804 1867 ver¬

1942 1858 2082 1918 heiratet,
2096 1858 2170 1918 starb
2199 1857 2245 1917 vor
2273 1855 2329 1915 vier
2352 1852 2460 1912 Jahren
2493 1854 2516 1914 in
2544 1853 2688 1913 Venedig.
2707 1852 2795 1912 Ihren

1943 1900 2038 1960 frühen
2072 1899 2129 1959 Tod
2163 1898 2210 1958 hat
2235 1900 2393 1960 Schnitzler
2422 1897 2469 1957 nie
2494 1897 2695 1957 verschmerzt.
2729 1894 2800 1954 Sein

1942 1945 2020 2005 Sohn
2055 1945 2246 2005 Heinrich
2281 1943 2315 2003 ist
2345 1942 2551 2002 Schauspieler
2586 1940 2619 2000 am
2664 1939 2801 1999 Berliner

1941 1987 2194 2047 Staatstheater.

1980 2030 2027 2090 Ein
2054 2031 2267 2091 Schlaganfall
2284 2028 2331 2088 hat
2354 2027 2401 2087 den
2428 2025 2706 2085 Siebzigjährigen,
2717 2025 2801 2085 dessen

1948 2073 2210 2133 Jubelgeburtstag
2242 2073 2264 2133 in
2296 2072 2423 2132 wenigen
2455 2068 2595 2128 Monaten
2628 2068 2691 2128 eine
2714 2067 2804 2127 große

1943 2117 2024 2177 Feier
2047 2118 2198 2178 geworden
2230 2114 2321 2174 wäre,
2340 2114 2394 2174 aus
2421 2114 2467 2174 dem
2504 2113 2681 2173 Erdenleben
2714 2112 2813 2172 erlöst.

1943 2160 1982 2220 Er
2007 2162 2081 2222 starb
2111 2162 2155 2222 als
2185 2160 2224 2220 ein
2259 2160 2426 2220 Einsamer,
2452 2157 2496 2217 der
2526 2157 2550 2217 er
2576 2157 2733 2217 zeitlebens
2763 2152 2807 2212 ge¬

1940 2202 2054 2262 wesen.

1987 2246 2045 2306 Nun
2078 2247 2142 2307 muß
2170 2246 2299 2306 Anatol,
2321 2245 2342 2305 in
2369 2243 2483 2303 Trauer
2510 2242 2542 2302 um
2586 2242 2671 2302 seinen
2704 2240 2806 2300 litera¬

1948 2290 2043 2350 rischen
2073 2290 2182 2350 Vater,
2203 2288 2245 2348 den
2274 2288 2427 2348 schwarzen
2462 2285 2533 2345 Flor
2558 2285 2697 2345 anlegen.
2736 2282 2802 2342 Doch

1943 2334 1995 2394 das
2019 2334 2106 2394 „süße
2130 2332 2269 2392 Mädel",
2284 2330 2332 2390 das
2357 2330 2457 2390 Astern
2486 2328 2539 2388 und
2568 2330 2654 2390 bunte
2679 2327 2803 2387 Blumen

1938 2376 2070 2436 sein
2106 2375 2183 2435 Grab
2218 2375 2243 2435 im
2288 2374 2469 2434 Herbstwind
2504 2372 2631 2432 brächte,
2657 2371 2711 2431 das
2745 2369 2809 2429 gibt

1948 2420 1971 2480 es
2001 2420 2077 2480 nicht
2096 2420 2191 2480 mehr.
2230 2419 2287 2479 „Es
2316 2417 2364 2477 hat
2393 2415 2555 2475 geheiratet
2580 2412 2646 2472 oder
2671 2413 2699 2473 es
2728 2414 2809 2474 trägt

1952 2461 2223 2521 Seidenstrümpfe"
2243 2460 2258 2520 —
2304 2459 2383 2519 sagte
2410 2458 2565 2518 Schnitzler
2590 2455 2676 2515 selbst
2696 2455 2806 2515 einmal

1948 2506 1999 2566 auf
2022 2505 2064 2565 die
2093 2505 2204 2565 Frage,
2228 2503 2289 2563 was
2317 2501 2373 2561 aus
2402 2500 2448 2560 den
2481 2499 2579 2559 Mitzis
2608 2499 2663 2559 und
2692 2498 2808 2558 Annies

1946 2549 2027 2609 einer
2051 2548 2175 2608 besseren
2209 2545 2261 2605 und
2295 2545 2448 2605 lustigeren
2478 2545 2544 2605 Zeit
2568 2542 2716 2602 geworden
2750 2541 2802 2601 sein

1950 2593 2029 2653 mag.
2067 2592 2122 2652 Sie
2146 2592 2257 2652 starben
2290 2589 2350 2649 noch
2378 2587 2429 2647 vor
2453 2587 2527 2647 ihm.

1989 2637 2073 2697 Wenn
2109 2634 2174 2694 man
2210 2634 2254 2694 ihm
2306 2632 2370 2692 aber
2407 2631 2431 2691 in
2472 2631 2552 2691 Wien
2588 2629 2627 2689 ein
2663 2629 2808 2689 Denkmal

1948 2679 2024 2739 setzen
2058 2678 2134 2738 will,
2159 2676 2235 2736 dann
2270 2675 2322 2735 soll
2351 2674 2413 2734 man
2448 2675 2495 2735 den
2534 2673 2812 2733 „Sommerheiden¬

1948 2723 2022 2783 weg"
2050 2722 2111 2782 nach
2139 2721 2185 2781 ihm
2223 2718 2390 2778 benennen.
2428 2717 2507 2777 Dort
2531 2717 2586 2777 sind
2615 2715 2675 2775 noch
2704 2715 2806 2775 immer

1949 2765 1993 2825 die
2024 2763 2159 2823 schönsten
2195 2762 2310 2822 Bäume
2341 2762 2396 2822 und
2431 2759 2577 2819 Plätzchen
2613 2759 2642 2819 im
2683 2757 2813 2817 Schnitz¬

2466 2802 2563 2862 Erik
2597 2802 2773 2862 Krünen.

1952 2808 2080 2868 lerischen
2113 2808 2198 2868 Wien
2231 2808 2300 2868 ...

1964 2930 2076 2990 Der
2123 2926 2235 2986 Tod
2293 2924 2349 2984 am
2420 2921 2804 2981 Schreibtisch.

1946 2988 2218 3048 Drahtbericht
2241 2984 2404 3044 unseres
2431 2981 2816 3041 Korrespondenten.

1987 3041 2036 3101 sy.
2071 3037 2194 3097 Wien,
2235 3036 2284 3096 22.
2309 3035 2452 3095 Oktober.
2507 3034 2626 3094 Arthur
2656 3031 2813 3091 Schnitzler

1951 3085 2063 3145 wohnte
2096 3083 2159 3143 noch
2192 3082 2342 3142 Dienstag
2378 3078 2469 3138 abend
2506 3076 2583 3136 einer
2620 3076 2815 3136 Theatervor¬

1953 3127 2067 3187 stellung
2092 3126 2153 3186 bei,
2168 3124 2196 3184 um
2235 3124 2278 3184 die
2297 3121 2531 3181 Schauspielerin
2560 3115 2675 3175 Sibylle
2699 3118 2809 3178 Binder

1949 3169 1977 3229 zu
2016 3169 2111 3229 sehen.
2155 3168 2232 3228 Nach
2261 3166 2313 3226 dem
2357 3163 2486 3223 Theater
2525 3163 2673 3223 soupierte
2713 3160 2745 3220 er
2784 3160 2808 3220 in

1953 3212 2092 3272 größerer
2121 3208 2308 3268 Gesellschaft
2343 3206 2400 3266 und
2439 3205 2607 3265 verbrachte
2642 3205 2713 3265 dann
2757 3204 2819 3264 eine

1951 3255 2054 3315 ruhige
2079 3252 2182 3312 Nacht.
2197 3252 2315 3312 Gestern
2340 3249 2453 3309 morgen
2478 3248 2570 3308 fühlte
2596 3248 2620 3308 er
2645 3247 2684 3307 sich
2709 3248 2816 3308 außer¬

1951 3299 2108 3359 ordentlich
2137 3296 2216 3356 wohl
2240 3294 2290 3354 und
2319 3293 2482 3353 unternahm
2524 3291 2613 3351 seinen
2646 3291 2808 3351 gewohnten

1953 3339 2460 3399 Morgenspaziergang,
2489 3333 2608 3393 obwohl
2638 3332 2666 3392 er
2700 3331 2723 3391 in
2762 3333 2809 3393 den

1955 3384 2207 3444 vorhergehenden
2241 3378 2334 3438 Tagen
2367 3378 2465 3438 häufig
2498 3377 2530 3437 an
2567 3375 2810 3435 Beklemmungen

1949 3427 2006 3487 und
2035 3428 2214 3488 Uebelkeiten
2248 3423 2310 3483 litt,
2330 3422 2373 3482 die
2398 3420 2426 3480 er
2456 3417 2503 3477 als
2533 3417 2605 3477 Arzt
2629 3418 2706 3478 einer
2731 3420 2821 3480 Herz¬

1960 3470 2085 3530 schwäche
2106 3464 2262 3524 zuschrieb.
2298 3464 2373 3524 Nach
2399 3461 2444 3521 der
2469 3461 2605 3521 Rückkehr
2631 3461 2681 3521 von
2712 3461 2802 3521 seinem

1960 3512 2161 3572 Spaziergang
2192 3506 2295 3566 machte
2316 3506 2342 3566 er
2363 3505 2409 3565 sich
2431 3502 2523 3562 sofoßt
2544 3502 2575 3562 an
2601 3503 2642 3563 die
2663 3503 2818 3563 Arbeit

1958 3557 1981 3617 in
2009 3554 2097 3614 seinem
2135 3548 2401 3608 Studierzimmer.
2434 3545 2475 3605 Er
2494 3544 2596 3604 wurde
2620 3545 2685 3605 bald
2709 3546 2815 3606 darauf

1957 3597 2006 3657 von
2037 3599 2127 3659 seiner
2153 3593 2324 3653 Sekretärin
2355 3588 2521 3648 bewußtsos
2552 3588 2601 3648 auf
2627 3589 2677 3649 dem
2713 3590 2808 3650 Boden

1958 3638 2066 3698 liegend
2096 3637 2312 3697 aufgefunden.
2352 3631 2471 3691 Arthup
2501 3632 2653 3692 Schnitzler
2683 3631 2815 3691 erwachte

1956 3682 2029 3742 nicht
2054 3681 2133 3741 mehr
2158 3679 2206 3739 zum
2251 3674 2452 3734 Bewußtsein,
2473 3673 2522 3733 bis
2547 3673 2576 3733 er
2606 3674 2639 3734 um
2680 3675 2728 3735 ¾7
2758 3671 2817 3731 Uhr

1956 3726 2065 3786 abends
2095 3724 2123 3784 an
2157 3723 2233 3783 einer
2257 3718 2481 3778 Atemlähmung
2515 3716 2668 3776 verschied.

1994 3774 2028 3834 In
2073 3772 2167 3832 letzter
2202 3769 2266 3829 Zeit
2301 3766 2439 3826 arbeitese
2474 3763 2632 3823 Schnitzler
2667 3762 2696 3822 an
2741 3763 2814 3823 einer

2413 3802 2661 3862 aStückes
2696 3802 2814 3862 „Lauf

1964 3817 2094 3877 neuen
2121 3816 2503 3876 Kaleinem
2539 3836 2590 3896 70.
2617 3835 2808 3895 Gebirtotage

2317 3859 2427 3919 enben
2461 3868 2560 3928 sollte.
2599 3871 2665 3931 Der
2693 3877 2803 3937 Dichter

2004 3893 2118 3953 trug
2173 3895 2226 3955 si

2279 3903 2545 3963 daneben
2595 3909 2714 3969 auch

1994 3951 2082 4011 mit
2127 3954 2216 4014 der
2295 3960 2552 4020 Absicht,
2597 3966 2747 4026 seine

2004 4013 2344 4073 dramatische
2391 4019 2638 4079 Historie
2670 4023 2777 4083 "Der

2001 4066 2150 4126 Junge
2196 4072 2736 4132 edruen

2002 4122 2208 4182 Tonfilm
2254 4130 2542 4190 unzuxxbei
2579 4131 2641 4191 en
