3344 4352
124 307 179 367 12

1409 303 1533 363 box
1612 306 1799 366 44/2

314 314 790 374 Schnitzler
849 311 887 371 s
956 309 1188 369 Deatl

1652 2876 1752 2936 Photo
1782 2877 2031 2937 Ernst-Hilscher

455 2888 496 2948 ist
519 2888 593 2948 noch
622 2885 681 2945 der
700 2885 788 2945 letzte
816 2885 913 2945 Bogen
946 2885 1001 2945 zum
1043 2882 1154 2942 Diktat
1173 2882 1399 2942 eingespannt.

1316 3001 1364 3061 Ein
1391 3001 1461 3061 paar
1484 2998 1612 3058 Dutzend
1639 2998 1766 3058 Stunden
1793 2998 1890 3058 später
1908 2997 2036 3057 versagte

452 3007 548 3067 sprach
599 3004 654 3064 von
700 3006 925 3066 gleichgültigen
976 3004 1109 3064 Dingen,
1146 3001 1224 3061 Auf-

1279 3040 1364 3100 dieses
1393 3040 1490 3100 Herz,
1519 3039 1600 3099 keine
1633 3037 1726 3097 seiner
1759 3037 1881 3097 anderen
1922 3037 2039 3097 Krank-

452 3048 550 3108 lagen,
595 3044 835 3104 Verfilmungen,
881 3043 1019 3103 während
1068 3043 1117 3103 ihm
1180 3040 1224 3100 die

1278 3079 1386 3139 heiten,
1407 3079 1440 3139 ob
1466 3079 1503 3139 sie
1533 3079 1611 3139 wahr
1637 3076 1704 3136 oder
1733 3079 1909 3139 eingebildet
1934 3076 2042 3136 waren,

466 3085 569 3145 Tränen
603 3085 806 3145 fortwährend
841 3084 909 3144 über
940 3084 982 3144 die
1013 3083 1081 3143 ganz
1116 3082 1219 3142 grauen

1280 3120 1359 3180 hatte
1386 3121 1466 3181 Zeit,
1488 3118 1532 3178 ihn
1563 3118 1594 3178 zu
1621 3118 1850 3178 überwältigen.
1873 3118 1908 3178 Es
1935 3117 1970 3177 ist
1997 3115 2045 3175 ber

464 3125 590 3185 Wangen
623 3124 763 3184 rollten.)

1279 3155 1365 3215 seiner
1397 3156 1570 3216 besonderen
1606 3156 1673 3216 Art,
1708 3156 1779 3216 über
1819 3156 1874 3216 sich
1909 3154 2039 3214 nachzu¬

497 3164 638 3224 Diesmal,
679 3164 731 3224 das
772 3162 935 3222 letztemal,
971 3162 1042 3222 fand
1082 3162 1126 3222 ich
1171 3160 1219 3220 ihn

1274 3198 1408 3258 grübeln,
1440 3198 1480 3258 ein
1521 3195 1628 3255 großer
1660 3196 1768 3256 Segen,
1804 3195 1858 3255 daß
1899 3195 1925 3255 er
1962 3195 2046 3255 nicht

456 3204 585 3264 schlecht
614 3204 767 3264 aussehend
804 3201 856 3261 wie
885 3201 905 3261 in
938 3201 990 3261 der
1015 3201 1120 3261 ganzen
1152 3198 1225 3258 letz-

1280 3238 1352 3298 einen
1401 3237 1526 3297 einzigen
1565 3237 1621 3297 Tag
1669 3235 1837 3295 wirklichen
1880 3234 2044 3294 Siechtums

460 3246 497 3306 ten
527 3244 606 3304 Zeit,
627 3243 693 3303 aber
719 3243 794 3303 ohne
824 3242 865 3302 die
890 3240 1070 3300 sprühenden
1104 3240 1216 3300 Funken

1276 3278 1379 3338 gehabt
1410 3276 1474 3336 hat.
1509 3276 1600 3336 Schon
1639 3276 1712 3336 seine
1747 3276 1833 3336 nicht
1864 3276 1937 3336 allzu
1976 3276 2036 3336 arge

456 3282 504 3342 von
541 3283 626 3343 Geist
656 3285 708 3345 und
741 3282 965 3342 Leidenschaft,
990 3281 1034 3341 die
1064 3279 1145 3339 sonst
1174 3279 1226 3339 das

1276 3318 1545 3378 Schwerhörigkeit
1573 3315 1672 3375 quälte
1704 3315 1748 3375 ihn
1789 3315 1860 3375 weit
1888 3314 1955 3374 über
1987 3312 2045 3372 Fug

456 3323 533 3383 fahle
569 3323 694 3383 Gesicht
725 3321 876 3381 belebten.
907 3321 950 3381 Da
990 3319 1063 3379 diese
1103 3318 1219 3378 Funken

1284 3353 1328 3413 und
1360 3356 1492 3416 Gebühr.
1506 3355 1550 3415 Sie
1568 3355 1723 3415 bestätigte
1746 3356 1790 3416 ihm
1826 3353 2043 3413 fortwährend,

460 3364 539 3424 nicht
560 3362 853 3422 photographierbar
879 3359 987 3419 waren,
1005 3360 1067 3420 gibt
1089 3359 1117 3419 es
1139 3356 1210 3416 kaum

1280 3395 1332 3455 das
1367 3395 1393 3455 er
1419 3395 1502 3455 nicht
1528 3395 1606 3455 mehr
1638 3396 1702 3456 jung
1733 3395 1811 3455 war.

450 3403 487 3463 ein
534 3403 618 3463 gutes
657 3401 771 3461 Bildnis
814 3399 996 3459 Schnitzlers
1034 3398 1085 3458 aus
1128 3398 1220 3458 seinen

456 3443 676 3503 Altersjahren.
702 3440 741 3500 Er
771 3440 849 3500 sieht
879 3437 935 3497 auf
970 3437 1021 3497 den
1061 3437 1224 3497 Photogra-

459 3484 537 3544 phien
573 3482 624 3542 aus
656 3480 707 3540 wie
739 3482 805 3542 das,
833 3479 888 3539 was
920 3479 947 3539 er
975 3478 1045 3538 ganz
1077 3476 1226 3536 bestimmt

1327 3499 1386 3559 Wer
1417 3503 1528 3563 Arthur
1554 3503 1718 3563 Schnitzler
1748 3501 1773 3561 in
1808 3503 1898 3563 seinen
1933 3501 2035 3561 letzten

456 3523 534 3583 nicht
560 3520 633 3580 war:
660 3520 712 3580 wie
738 3518 776 3578 ein
807 3518 1002 3578 vollbärtiger
1029 3517 1227 3577 Würdegreis.

1289 3544 1383 3604 Jahren
1414 3543 1542 3603 gekannt
1564 3541 1628 3601 hat,
1650 3541 1697 3601 dem
1741 3541 1831 3601 bleibt
1857 3541 1900 3601 die
1922 3539 2046 3599 Erinne-

455 3564 486 3624 Er
519 3561 652 3621 scherzte
684 3562 731 3622 oft
763 3559 904 3619 darüber,
932 3559 1003 3619 noch
1039 3556 1070 3616 am
1114 3556 1216 3616 letzten

1276 3581 1342 3641 rung
1377 3582 1405 3642 an
1440 3580 1515 3640 einen
1549 3580 1675 3640 großen,
1697 3580 1797 3640 edlen,
1823 3580 1966 3640 schönen,
1988 3577 2046 3637 frei

466 3606 551 3666 Tag.

1280 3622 1447 3682 lächelnden
1494 3619 1665 3679 Menschen,
1716 3619 1812 3679 dessen
1859 3618 2042 3678 persönliche

1279 3661 1393 3721 Anmut
1424 3661 1479 3721 und
1515 3658 1781 3718 heiter-vornehme
1817 3658 1950 3718 Haltung
1985 3657 2044 3717 nie-

497 3700 533 3760 Er
565 3700 666 3760 sprach
704 3697 760 3757 mit
789 3696 845 3756 mir
878 3694 930 3754 von
963 3694 1056 3754 seinem
1106 3694 1210 3754 körper

1280 3701 1348 3761 mals
1381 3700 1549 3760 versagten,
1578 3700 1630 3760 der
1664 3697 1732 3757 aber
1765 3697 1867 3757 immer
1900 3697 2046 3757 unglück-

458 3741 548 3801 lichen
583 3738 732 3798 Zustand.
759 3735 797 3795 Er
823 3735 968 3795 bekannte
999 3735 1054 3795 sich
1085 3733 1217 3793 lächelnd

1289 3741 1369 3801 licher
1410 3738 1523 3798 wurde.
1556 3738 1649 3798 Nicht
1690 3737 1742 3797 nur
1783 3735 1864 3795 mehr
1901 3735 1945 3795 als
1982 3734 2042 3794 eine

456 3780 499 3840 als
529 3779 589 3839 eine
624 3777 844 3837 unglückselige
875 3774 1026 3834 Mischung
1065 3772 1116 3832 von
1156 3771 1229 3831 Arzt

1286 3780 1428 3840 Tragödie
1455 3777 1481 3837 in
1513 3777 1606 3837 seiner
1633 3777 1771 3837 Familie,
1789 3777 1873 3837 nicht
1900 3774 1953 3834 der
1980 3774 2037 3834 Tod

456 3822 506 3882 und
536 3817 767 3877 Hypochonder
793 3813 848 3873 und
873 3813 970 3873 stellte
991 3812 1041 3872 sich
1072 3810 1159 3870 selbst
1185 3809 1227 3869 die

1284 3818 1372 3878 seines
1393 3817 1469 3877 edlen
1498 3816 1643 3876 Freundes
1664 3816 1748 3876 Hugo
1777 3816 1829 3876 von
1858 3813 2044 3873 Hofmanns-

456 3860 644 3920 Diagnosen.
678 3857 736 3917 Die
774 3853 925 3913 mildesten
971 3852 1025 3912 und
1067 3851 1230 3911 optimisti¬

1285 3859 1345 3919 thal
1371 3858 1449 3918 allein
1479 3858 1604 3918 bildeten
1635 3855 1682 3915 den
1717 3855 1838 3915 Grund.
1860 3855 1916 3915 Der
1943 3853 2041 3913 Grund

451 3900 532 3960 schen
578 3897 713 3957 deuteten
760 3894 813 3954 auf
853 3891 891 3951 ein
937 3891 1049 3951 schwer
1092 3888 1230 3948 nervöses

1282 3895 1355 3955 steht
1386 3897 1433 3957 für
1468 3897 1567 3957 jeden,
1594 3894 1645 3954 der
1672 3894 1745 3954 lesen
1784 3894 1879 3954 kann,
1906 3891 1931 3951 in
1970 3891 2039 3951 allen

1288 3934 1404 3994 Werken
1438 3935 1613 3995 Schnitzlers
1643 3932 1697 3992 seit
1723 3932 1914 3992 „Casanovas
1940 3930 2044 3990 Heim-

462 3937 681 3997 Magenleiden,
707 3934 775 3994 aber
802 3932 831 3992 er
858 3930 952 3990 schien
982 3929 1128 3989 insgeheim
1172 3926 1231 3986 viel

1289 3977 1396 4037 fahrt“,
1418 3975 1472 4035 also
1505 3974 1559 4034 seit
1585 3974 1672 4034 1918.
1693 3973 1797 4033 Dieser
1823 3971 1930 4031 Mann,
1952 3968 2043 4028 dieser

455 3980 584 4040 Argeres
607 3977 638 4037 zu
670 3974 841 4034 vermuten.

1282 4016 1416 4076 Dichter,
1441 4013 1535 4073 dieser
1564 4013 1641 4073 Arzt
1671 4013 1777 4073 dachte
1810 4010 1863 4070 nur
1888 4010 1961 4070 noch
1999 4009 2047 4069 ans

501 4029 585 4089 „Nur
616 4025 669 4085 das
696 4022 815 4082 Herz“,
838 4022 913 4082 sagte
945 4022 988 4082 er,
1011 4019 1068 4079 „ist
1095 4016 1228 4076 erstaun-

1284 4052 1446 4112 Altwerden
1480 4052 1530 4112 und
1560 4052 1697 4112 Sterben.
1714 4052 1751 4112 Er
1777 4050 1839 4110 war
1864 4050 1914 4110 von
1944 4050 2039 4110 irgend

465 4071 512 4131 lich
545 4065 682 4125 gesund."

1628 4156 1705 4216 41

2498 668 2582 728 DIE
2626 664 2802 724 BUHNE

2061 775 2140 835 einer
2161 774 2349 834 Resignation
2384 771 2408 831 so
2438 769 2508 829 weit
2534 769 2663 829 entfernt
2689 768 2739 828 wie
2769 768 2818 828 von

2068 816 2214 876 vulgärer,
2253 810 2469 870 schlotternder
2508 807 2615 867 Angst.
2659 807 2740 867 Aber
2779 807 2831 867 das

2062 855 2183 915 Problem
2230 852 2288 912 war
2314 852 2415 912 immer
2440 849 2654 909 gegenwärtig,
2676 848 2734 908 eine
2764 846 2831 906 stete

2070 894 2358 954 Gedankenmarter.
2389 891 2475 951 Seine
2510 888 2630 948 Arbeit,
2660 888 2707 948 die
2742 886 2832 946 letzte

2067 935 2183 995 Strecke
2226 933 2316 993 seiner
2360 930 2566 990 glanzvollen,
2601 927 2829 987 künstlerischen

2072 974 2239 1034 Laufbahn,
2266 971 2359 1031 waren
2394 971 2467 1031 ganz
2497 969 2591 1029 davon
2626 966 2836 1026 überschattet.

2112 1090 2170 1150 Von
2207 1091 2257 1151 dem
2303 1088 2394 1148 Toten
2431 1088 2530 1148 nichts
2563 1085 2604 1145 als
2631 1085 2681 1145 das
2713 1083 2836 1143 Wahre:

2069 1130 2109 1190 ich
2146 1130 2272 1190 bezeuge
2309 1130 2386 1190 hier,
2414 1127 2463 1187 daß
2500 1127 2549 1187 der
2582 1124 2672 1184 grosse
2704 1124 2831 1184 Dichter

2073 1171 2121 1231 der
2152 1168 2316 1228 „Liebelei“
2352 1166 2409 1226 und
2445 1165 2493 1225 des
2525 1165 2671 1225 „Anatol“
2711 1162 2764 1222 und
2804 1162 2830 1222 so

2069 1210 2155 1270 vieler
2185 1209 2343 1269 Loblieder
2378 1207 2430 1267 auf
2464 1205 2512 1265 die
2546 1205 2656 1265 Jugend
2696 1203 2825 1263 gänzlich

2072 1249 2151 1309 ohne
2173 1249 2264 1309 Groll
2281 1249 2364 1309 gegen
2394 1246 2435 1306 die
2461 1246 2544 1306 junge
2570 1243 2749 1303 Generation
2779 1243 2829 1303 von

2078 1291 2158 1351 heute
2187 1288 2341 1348 gestorben
2378 1287 2431 1347 ist,
2451 1285 2520 1345 aber
2549 1285 2663 1345 schwer
2688 1282 2833 1342 getroffen

2074 1330 2125 1390 von
2163 1330 2214 1390 der
2247 1327 2532 1387 Gleichgültigkeit,
2561 1324 2607 1384 die
2636 1324 2677 1384 sie
2710 1324 2757 1384 ihm
2804 1321 2827 1381 in

2072 1368 2123 1428 den
2154 1368 2262 1428 letzten
2297 1366 2399 1426 Jahren
2435 1365 2464 1425 zu
2499 1364 2594 1424 zeigen
2629 1361 2762 1421 begann.

2115 1416 2205 1476 Unser
2245 1416 2352 1476 letztes
2387 1413 2539 1473 Gespräch
2582 1410 2720 1470 handelte
2764 1410 2833 1470 auch

2074 1458 2191 1518 davon.
2217 1455 2279 1515 Wir
2305 1455 2388 1515 saßen
2418 1452 2472 1512 nun
2506 1452 2577 1512 nach
2607 1452 2657 1512 dem
2699 1450 2783 1510 Essen
2817 1449 2837 1509 in

2078 1497 2259 1557 Schnitzlers
2289 1494 2544 1554 Arbeitszimmer
2583 1491 2643 1551 (dem
2695 1489 2846 1549 Zimmer,

2079 1538 2101 1598 in
2138 1536 2187 1596 dem
2234 1536 2288 1596 der
2320 1533 2379 1593 Tod
2416 1533 2461 1593 ihn
2498 1533 2571 1593 dann
2607 1530 2735 1590 berührt
2767 1530 2844 1590 hat).

2079 1577 2124 1637 Ein
2157 1575 2321 1635 länglicher
2349 1573 2462 1633 Raum,
2486 1571 2536 1631 wie
2568 1571 2613 1631 das
2641 1569 2732 1629 ganze
2760 1568 2842 1628 Haus

2081 1614 2135 1674 mit
2156 1616 2201 1676 dem
2244 1613 2365 1673 feinsten
2395 1610 2599 1670 Geschmack,
2612 1607 2846 1667 altwienerisch,

2078 1655 2289 1715 eingerichtet,
2315 1653 2349 1713 an
2389 1652 2440 1712 den
2484 1649 2634 1709 Wänden,
2661 1646 2755 1706 ausser
2786 1646 2837 1706 den

2077 1694 2330 1754 Bücherregalen,
2366 1691 2463 1751 lauter
2504 1688 2739 1748 Goethe-Bilder
2784 1688 2836 1748 und

2078 1736 2450 1796 Goethe-Autogramme.
2496 1730 2558 1790 Auf
2597 1727 2650 1787 dem
2701 1727 2847 1787 Stehpult

2079 1774 2164 1834 nicht
2197 1774 2260 1834 eine
2293 1771 2479 1831 „peinliche“
2516 1768 2684 1828 Ordnung,
2713 1765 2839 1825 sondern

2078 1814 2142 1874 eine
2191 1813 2392 1873 spielerische.
2436 1808 2608 1868 Schnitzler
2648 1807 2751 1867 spielte
2790 1804 2846 1864 mit

2079 1852 2275 1912 Sächelchen,
2321 1852 2448 1912 Stiften,
2494 1846 2644 1906 Scheren,
2690 1846 2849 1906 Papieren,

2081 1894 2342 1954 Photographien,
2377 1891 2436 1951 und
2476 1888 2555 1948 hielt
2590 1888 2683 1948 dieses
2723 1885 2850 1945 Allerlei

2078 1933 2175 1993 streng
2207 1933 2229 1993 in
2260 1933 2371 1993 Zucht,
2394 1930 2442 1990 wic
2470 1930 2509 1990 ein
2545 1927 2642 1987 Knabe
2675 1927 2749 1987 seine
2772 1924 2852 1984 Blei-

2080 1971 2235 2031 soldaten.

2123 2019 2163 2079 Am
2203 2021 2322 2081 Fenster
2344 2019 2428 2079 stand
2455 2018 2494 2078 ein
2525 2016 2719 2076 gepolsterter
2746 2012 2843 2072 Liege-

2086 2063 2178 2123 stuhl,
2201 2061 2249 2121 auf
2281 2061 2330 2121 dem
2374 2058 2405 2118 er
2432 2057 2494 2117 beim
2539 2055 2645 2115 Lesen,
2668 2055 2733 2115 auch
2770 2052 2831 2112 beim

2084 2100 2233 2160 Diktieren
2272 2100 2321 2160 und
2355 2098 2496 2158 Flaudern
2530 2095 2584 2155 sich
2613 2093 2838 2153 auszustrecken

2086 2141 2205 2201 pflegte.
2227 2138 2294 2198 Auf
2321 2136 2369 2196 dem
2413 2136 2621 2196 Fensterbrett
2648 2133 2692 2193 die
2720 2133 2852 2193 Bücher,

2088 2177 2130 2237 die
2152 2177 2178 2237 er
2204 2177 2251 2237 zur
2277 2177 2342 2237 Zeit
2364 2177 2420 2237 las.
2438 2176 2545 2236 Hinter
2571 2174 2618 2234 dem
2658 2173 2774 2233 Fenster
2800 2171 2847 2231 der

2086 2219 2181 2279 kleine
2212 2219 2320 2279 schöne
2355 2216 2484 2276 Garten.

2122 2267 2149 2327 In
2182 2267 2272 2327 diesem
2319 2265 2451 2325 Zimmer
2479 2264 2575 2324 fragte
2603 2261 2675 2321 mich
2713 2261 2849 2321 Schnitz-

2086 2310 2141 2370 ler:
2181 2307 2340 2367 „Schätzen
2388 2303 2452 2363 Sie!
2487 2303 2585 2363 Meine
2629 2300 2736 2360 letzten
2789 2297 2848 2357 vier

2092 2347 2322 2407 Theaterstücke
2356 2341 2368 2401 —
2419 2341 2494 2401 über
2524 2341 2578 2401 wie
2608 2338 2679 2398 viele
2713 2338 2855 2398 deutsche

2085 2386 2208 2446 Bühnen
2249 2384 2301 2444 hat
2333 2383 2416 2443 jedes
2448 2380 2544 2440 seinen
2585 2380 2735 2440 Siegeszug
2775 2377 2854 2437 voll¬

2089 2426 2202 2486 endet?

2131 2475 2173 2535 Ich
2215 2473 2323 2533 senkte
2367 2470 2521 2530 beschämt
2565 2467 2616 2527 dan
2664 2467 2762 2527 Kopf.
2805 2464 2852 2524 Ich

2092 2514 2203 2574 wußte,
2225 2512 2276 2572 daß
2312 2512 2388 2572 jedes
2415 2510 2461 2570 der
2492 2507 2552 2567 vier
2578 2506 2685 2566 Stücke
2716 2505 2767 2565 nur
2793 2503 2844 2563 von

2092 2556 2114 2616 je
2147 2552 2229 2612 einem
2275 2550 2408 2610 Theater
2440 2546 2536 2606 einige
2568 2547 2646 2607 Male
2679 2544 2857 2604 aufgeführt

2095 2591 2210 2651 worden
2245 2589 2318 2649 war.

2123 2640 2167 2700 Am
2217 2637 2332 2697 tiefsten
2368 2637 2501 2697 kränkte
2532 2633 2581 2693 ihn
2617 2631 2661 2691 die
2697 2631 2856 2691 Tatsache,

2090 2680 2142 2740 daß
2171 2678 2251 2738 nicht
2276 2676 2333 2736 eine
2357 2678 2466 2738 einzige
2491 2673 2730 2733 reichsdeutsche
2751 2670 2852 2730 Bühne

2331 4058 2429 4118 Photo
2469 4056 2582 4116 Atelier
2612 4055 2695 4115 Edith
2725 4054 2843 4114 Glogau
