3392 4256
262 291 279 351 2

402 293 831 353 Schnitzle

938 289 995 349 s
1054 300 1288 360 Deatl

1497 301 1629 361 box
1708 303 1950 363 43/19

965 725 1767 785 OBSERVER“

1095 795 1210 855 österr.
1232 791 1381 851 behördl.
1403 781 1697 841 konzessioniertes

1034 838 1260 898 Unternehmen
1290 832 1336 892 für
1362 823 1732 883 Zeitungs-Ausschnitte

1080 888 1230 948 WIEN,
1249 893 1293 953 I.,
1313 888 1601 948 WOLLZEILE
1639 878 1682 938 11

1170 941 1386 1001 TELEPHON
1423 933 1604 993 R-23-0-43

1729 956 1739 1016 —

899 1103 1043 1163 Extrait
1071 1097 1108 1157 du
1146 1092 1327 1152 Journal:

1532 1152 1566 1212 O
1605 1128 1773 1188 MADRID

910 1207 1063 1267 Adree
1081 1219 1191 1279 ERA

1547 1298 1559 1358 5
1615 1275 1875 1335 NOV.1931

935 1310 1115 1370 Adresse:

1335 1467 1564 1527 ARTURO
1603 1470 1962 1530 SCHNITZLER

924 1604 1018 1664 La
1087 1607 1441 1667 muerte
1509 1613 1652 1673 del
1691 1618 1901 1678 gran
1960 1618 2362 1678 escritor

1140 1742 1199 1802 El
1225 1745 1395 1805 autor
1431 1747 1498 1807 de
1542 1750 1644 1810 "El
1670 1753 1918 1813 teniente
1961 1756 2157 1816 Gustl"

921 1809 1088 1869 «Detrás
1122 1813 1159 1873 de
1192 1816 1290 1876 todos
1323 1819 1477 1879 nuestros
1510 1823 1903 1883 suenoscontumacia:
1931 1829 1963 1889 le
1997 1831 2235 1891 desposeyeron
2273 1836 2310 1896 de
2343 1833 2394 1893 los

923 1850 993 1910 más
1014 1850 1196 1910 hermosos,
1216 1855 1454 1915 aspiraciones
1481 1858 1490 1918 e
1521 1858 1647 1918 idcalrs
1678 1864 1829 1924 honores
1855 1867 2042 1927 militares.

916 1888 992 1948 más
1027 1888 1137 1948 nobles
1172 1891 1188 1951 y
1227 1894 1406 1954 proyectos
1441 1896 1641 1956 magnificos

910 1926 980 1986 está
1012 1926 1034 1986 la
1070 1926 1218 1986 Muerte,
1238 1929 1297 1989 que
1324 1932 1378 1992 con
1410 1932 1472 1992 una
1508 1935 1632 1995 sonrisa

1705 1949 1898 2009 Schnitzler
1933 1951 1985 2011 era
2029 1954 2068 2014 un
2112 1956 2314 2016 enamorado
2354 1956 2392 2016 de

915 1965 1095 2025 sarcástica
1125 1965 1203 2025 mira
1232 1968 1261 2028 el
1281 1971 1495 2031 hormiguero
1525 1973 1642 2033 humu*
1657 1987 1803 2047 Viena.
1823 1989 1891 2049 Alli
1911 1992 2008 2052 habia
2038 1992 2174 2052 nacido,
2194 1995 2291 2055 habia
2321 1993 2394 2053 con¬

916 2002 958 2062 no
984 2004 997 2064 y
1027 2004 1112 2064 corta
1147 2007 1194 2067 los
1216 2007 1301 2067 hilos
1327 2009 1365 2069 de
1392 2010 1417 2070 la
1451 2010 1562 2070 vida.»

1665 2026 1796 2086 seguido
1822 2028 1851 2088 la
1877 2028 1992 2088 fama,
2009 2031 2102 2091 habia
2133 2031 2251 2091 creado
2277 2034 2396 2094 tantas

944 2043 1028 2103 Saco
1060 2043 1150 2103 estas
1183 2046 1346 2106 palabras
1374 2048 1415 2108 de
1442 2048 1473 2108 la
1511 2050 1627 2110 novela
1670 2062 1770 2122 obras
1803 2067 2030 2127 admirables.
2057 2069 2216 2129 Tambén
2254 2070 2306 2130 era
2343 2070 2385 2130 un

913 2079 1003 2139 corta
1036 2081 1073 2141 de
1106 2083 1229 2143 Arturo
1262 2087 1455 2147 Schnitaler
1483 2089 1628 2149 llamada
1666 2102 1886 2162 apasionado
1913 2104 1967 2164 del
1989 2105 2118 2165 teatro.
2140 2107 2257 2167 Nunca
2290 2108 2391 2168 jalta¬

907 2115 969 2175 «La
1003 2117 1175 2177 Muerte».

1671 2141 1702 2201 ba
1731 2141 1743 2201 a
1776 2141 1815 2201 un
1844 2142 1994 2202 estreno,
2014 2145 2026 2205 y
2055 2144 2135 2204 solia
2164 2147 2390 2207 entretenerse

951 2158 991 2218 La
1022 2156 1149 2216 Muerte
1170 2159 1267 2219 acabó
1293 2159 1329 2219 de
1350 2162 1457 2222 cortar
1483 2165 1625 2225 también
1657 2174 1708 2234 en
1734 2178 1779 2238 los
1805 2180 1989 2240 entreactos
2010 2182 2045 2242 de
2071 2183 2147 2243 cada
2174 2184 2276 2244 nueva
2307 2186 2378 2246 obra

910 2197 943 2257 el
969 2195 1033 2255 hilo
1063 2195 1097 2255 de
1127 2195 1152 2255 la
1183 2195 1255 2255 vida
1285 2198 1323 2258 de
1354 2199 1417 2259 este
1443 2203 1635 2263 admirable

1660 2216 1844 2276 dramatica
1879 2219 1933 2279 con
1964 2219 2013 2279 los
2041 2222 2267 2282 periodistas.

907 2234 1071 2294 cacritor:
1092 2234 1281 2294 Schnitzler
1309 2237 1345 2297 ha
1373 2240 1506 2300 muerto
1535 2242 1566 2302 en
1599 2243 1626 2303 su

1706 2252 1751 2312 En
1778 2255 1914 2315 general
1938 2258 1987 2318 era
2015 2258 2051 2318 un
2083 2261 2214 2321 hombre
2238 2263 2278 2323 de
2301 2261 2378 2321 gran

904 2273 1090 2333 despacho,
1114 2273 1164 2333 con
1196 2274 1223 2334 la
1254 2276 1363 2336 pluma
1394 2278 1425 2338 en
1461 2279 1487 2339 la
1519 2279 1631 2339 mano.

1665 2292 1864 2352 vavicidad,
1884 2296 1938 2356 con
1971 2296 2009 2356 un
2045 2299 2307 2359 temperamento
2338 2297 2389 2357 fos

905 2308 946 2368 Su
979 2308 1133 2368 corazón,
1154 2311 1212 2371 que
1238 2314 1329 2374 tanto
1358 2314 1453 2374 habia
1483 2317 1636 2377 sujrido,

1662 2330 1761 2390 goso.
1787 2332 1828 2392 El
1853 2333 1965 2393 mismo
1995 2335 2082 2395 decia
2116 2338 2173 2398 que
2203 2338 2311 2398 estaba
2345 2337 2394 2397 lo-

898 2347 971 2407 cesó
1001 2348 1039 2408 de
1065 2347 1151 2407 latir
1177 2352 1276 2412 igual
1302 2353 1362 2413 que
1392 2354 1461 2414 cesa
1496 2356 1534 2416 de
1560 2355 1632 2415 tra¬

1661 2368 1808 2428 camente
1830 2373 2032 2433 enamorado
2059 2374 2095 2434 de
2117 2374 2142 2434 la
2173 2374 2378 2434 vida—aun

901 2386 1005 2446 bajar
1032 2386 1071 2446 un
1102 2388 1229 2448 motor,
1252 2392 1475 2452 paralizando
1507 2395 1533 2455 la
1564 2395 1612 2455 má

1663 2405 1715 2465 con
1752 2407 1782 2467 su
1818 2407 1968 2467 lodon.
1995 2412 2124 2472 Gozaba
2160 2414 2199 2474 de
2231 2416 2292 2476 una
2328 2416 2390 2476 ad-

898 2425 1010 2485 quina
1044 2425 1177 2485 entera.

1658 2446 1797 2506 mirable
1827 2448 1941 2508 zalud,
1967 2450 1981 2510 y
2011 2452 2150 2512 huhese
2176 2452 2304 2512 podido
2334 2452 2388 2512 vi-

941 2461 1045 2521 Viena
1084 2461 1112 2521 se
1146 2464 1331 2524 preparaba
1370 2467 1384 2527 a
1423 2470 1565 2530 festejar
1599 2471 1627 2531 el

1658 2479 1715 2539 vir
1752 2484 1895 2544 algunos
1933 2487 2015 2547 anos
2044 2489 2203 2549 todavia;
2229 2490 2302 2550 pero
2348 2491 2376 2551 le

902 2499 1149 2559 septuagésimo
1178 2502 1389 2562 aniversario
1414 2505 1455 2565 de
1480 2505 1508 2565 su
1542 2508 1620 2568 gran

1658 2520 1755 2580 agotó
1782 2522 1807 2582 la
1839 2523 1962 2583 muerte
1984 2526 2023 2586 da
2050 2527 2076 2587 su
2107 2529 2204 2589 única
2231 2530 2323 2590 hija.

899 2539 993 2599 hijo.
1025 2538 1133 2598 Todos
1170 2540 1220 2600 los
1247 2541 1374 2601 teatros
1415 2544 1627 2604 dramáticos

1692 2560 1754 2620 Era
1782 2562 1845 2622 una
1868 2562 1959 2622 joven
1986 2566 2208 2626 inteligente,
2222 2568 2276 2628 con
2304 2569 2380 2629 gus-

892 2577 1085 2637 decidieron
1135 2580 1349 2640 representar
1378 2582 1410 2642 en
1459 2583 1523 2643 este
1564 2587 1616 2647 dia

1655 2597 1690 2657 to
1721 2598 1897 2658 literario,
1916 2601 2057 2661 además
2080 2604 2119 2664 de
2150 2605 2305 2665 pintora.

898 2614 1060 2674 solemne,
1081 2615 1109 2675 el
1138 2614 1167 2674 15
1192 2616 1232 2676 de
1257 2619 1350 2679 mayo
1379 2619 1559 2679 próximo,
1580 2623 1628 2683 las

1696 2635 1792 2695 Hace
1813 2638 1896 2698 unos
1913 2640 2054 2700 cuantos
2076 2645 2154 2705 aûos
2176 2646 2205 2706 se
2226 2646 2380 2706 examoró

891 2653 995 2713 obras
1014 2653 1050 2713 de
1078 2655 1287 2715 Schnitzler.
1306 2658 1406 2718 Pero,
1416 2661 1443 2721 la
1475 2661 1625 2721 Muerte,

1659 2669 1694 2729 de
1720 2672 1756 2732 un
1787 2675 1899 2735 oficial
1925 2678 1976 2738 del
2002 2681 2150 2741 Ejérrito
2177 2681 2325 2741 italiano
2351 2684 2366 2744 y

893 2690 945 2750 con
977 2690 1034 2750 una
1065 2693 1189 2753 sonrisa
1220 2696 1388 2756 maligna,
1406 2696 1477 2756 dijo
1504 2699 1627 2759 «/Bas-

1658 2711 1688 2771 se
1715 2711 1785 2771 casó
1812 2714 1869 2774 con
1896 2717 1943 2777 él.
1966 2717 2009 2777 El
2032 2720 2124 2780 joven
2155 2723 2374 2783 matrimonio

898 2730 982 2790 ta(!»
1011 2729 1025 2789 y
1054 2729 1167 2789 arrojó
1196 2732 1277 2792 lejos
1301 2732 1338 2792 de
1367 2736 1556 2796 Schnitzler
1585 2738 1608 2798 la

1652 2747 1684 2807 se
1727 2751 1903 2811 estableció
1950 2756 1982 2816 en
2029 2756 2159 2816 Italia.
2197 2759 2243 2819 El
2285 2762 2368 2822 viejo

887 2768 1003 2828 pluma
1037 2768 1132 2828 junto
1162 2768 1212 2828 con
1246 2771 1274 2831 la
1304 2771 1403 2831 vida.

1655 2788 1846 2848 Schnitzler
1876 2792 1904 2852 se
1933 2792 2038 2852 quedó
2073 2795 2293 2855 salo—estaba
2327 2799 2384 2859 di¬

927 2807 987 2867 Era
1018 2807 1053 2867 un
1088 2807 1227 2867 escritor
1258 2810 1340 2870 fino,
1363 2813 1401 2873 de
1428 2813 1471 2873 un
1502 2813 1610 2873 hondo

1649 2825 1907 2885 vorciado—con
1948 2831 1979 2891 su
2025 2836 2182 2896 trabajo.
2218 2837 2283 2897 Era
2328 2837 2367 2897 un

883 2846 1036 2906 lirismo.
1062 2846 1161 2906 Sabie
1195 2849 1365 2909 conmover
1395 2847 1407 2907 a
1441 2851 1490 2911 los
1516 2852 1619 2912 lecto¬

1652 2864 1743 2924 oolpe
1780 2866 1862 2926 rudo
1899 2869 1980 2929 para
2023 2870 2068 2930 él.
2100 2872 2182 2932 l’ero
2219 2875 2246 2935 le
2283 2875 2378 2935 espe¬

892 2881 947 2941 res
972 2884 1032 2944 aun
1067 2884 1236 2944 pintando
1267 2887 1296 2947 la
1332 2887 1401 2947 vida
1442 2887 1516 2947 real
1542 2891 1611 2951 más
1647 2900 1731 2960 raba
1767 2904 1841 2964 otro
1877 2906 2126 2966 infinitamente
2161 2911 2230 2971 más
2261 2914 2370 2974 eruel.

886 2922 1019 2982 vulgar,
1044 2923 1170 2983 porque
1203 2923 1316 2983 detrás
1345 2924 1385 2984 de
1418 2926 1503 2986 estos
1532 2929 1613 2989 cua¬

1646 2941 1670 3001 su
1704 2941 1771 3001 hija
1815 2942 1843 3002 se
1883 2944 2036 3004 suicidó,
2056 2950 2287 3010 seguramente
2317 2952 2374 3012 de¬

886 2960 965 3020 dros
994 2959 1132 3019 banales
1162 2962 1245 3022 hubo
1279 2962 1312 3022 en
1346 2962 1396 3022 las
1425 2966 1567 3026 novelas
1597 2971 1609 3031 y

1646 2977 1849 3037 cepcionada
1882 2982 1900 3042 y
1932 2985 2181 3045 desgraciada.

881 2998 988 3058 obras
1013 2998 1221 3058 dramáticas
1250 3001 1287 3061 de
1317 3002 1508 3062 Schnitzler
1537 3006 1611 3066 algo

1682 3016 1760 3076 Esto
1789 3019 1891 3079 acabo
1925 3022 1938 3082 a
1976 3025 2187 3085 Schnitzler.
2215 3028 2276 3088 Era
2314 3028 2369 3088 de¬

885 3037 1096 3097 romántico,
1121 3039 1194 3099 algo
1227 3040 1288 3100 que
1317 3040 1409 3100 abrió
1443 3043 1536 3103 otros
1565 3043 1621 3103 ho¬

1647 3055 1793 3115 masiado
1826 3057 1903 3117 para
1936 3060 1969 3120 su
2002 3063 2165 3123 corazón,
2186 3066 2222 3126 ya
2255 3066 2373 3126 cansos

882 3073 1028 3133 rizontes
1066 3075 1138 3135 más
1176 3076 1289 3136 vastos
1327 3080 1339 3140 y
1386 3081 1461 3141 más
1500 3081 1616 3141 bellos.

1640 3093 1709 3153 dlo,
1729 3095 1742 3155 y
1771 3096 1798 3156 la
1831 3097 1966 3157 Muerte
1990 3099 2079 3159 cortó
2112 3101 2140 3161 el
2164 3102 2228 3162 hilo
2262 3105 2299 3165 de
2327 3105 2373 3165 es¬

886 3112 948 3172 Era
990 3111 1027 3171 un
1065 3114 1340 3174 impresionista,
1369 3117 1402 3177 en
1444 3118 1473 3178 el
1503 3120 1606 3180 mejoi

1645 3129 1678 3189 ta
1707 3132 1782 3192 vida
1811 3135 1865 3195 tan
1895 3135 1956 3195 rica
1991 3137 2003 3197 e
2028 3138 2177 3198 intensa.

880 3150 1010 3210 sentido
1039 3150 1076 3210 de
1104 3151 1132 3211 la
1161 3153 1324 3213 palabra.
1343 3156 1501 3216 Prejeria
1535 3159 1614 3219 pin¬

1680 3168 1788 3228 Tenia
1821 3174 1914 3234 razón
1948 3174 1980 3234 el
2000 3177 2163 3237 difunto;
2187 3181 2304 3241 detrés
2328 3183 2369 3243 de

890 3189 939 3249 tar
973 3189 1022 3249 con
1056 3189 1176 3249 rasgos
1201 3194 1321 3254 vagos,
1342 3195 1354 3255 a
1388 3195 1417 3255 la
1450 3198 1612 3258 aguada;
1641 3207 1807 3267 puestros
1832 3210 1948 3270 suenos
1978 3213 2048 3273 mas
2073 3217 2255 3277 hermosos,
2281 3221 2376 3281 aspi-

877 3234 912 3294 y,
934 3228 983 3288 sin
1018 3228 1191 3288 embargo,
1218 3234 1395 3294 conseguła
1426 3237 1603 3297 imágenes
1626 3246 1798 3306 raciones
1821 3247 1833 3307 e
1860 3248 1989 3308 ideales
2011 3253 2082 3313 más
2109 3255 2219 3315 nobles
2246 3257 2259 3317 y
2290 3256 2370 3316 pro-

873 3266 1112 3326 admirables.

1642 3284 1746 3344 yectos
1784 3287 1986 3347 magnificos
2028 3290 2091 3350 esta
2138 3293 2165 3353 la
2216 3296 2372 3356 Muert,

914 3304 1018 3364 Tenia
1060 3304 1220 3364 millones
1248 3308 1284 3368 de
1312 3308 1454 3368 lectores
1496 3311 1528 3371 en
1578 3311 1592 3371 e

1642 3324 1703 3384 que
1735 3323 1761 3383 se
1793 3323 1885 3383 burla
1917 3328 1956 3388 de
1988 3329 2014 3389 la
2050 3332 2267 3392 Humanidad
2308 3335 2360 3395 fon

877 3341 1006 3401 Mundo
1035 3341 1169 3401 entero:
1190 3344 1377 3404 pertenecia
1410 3349 1421 3409 a
1450 3350 1499 3410 los
1523 3350 1612 3410 cori¬

1640 3360 1700 3420 sus
1725 3362 1839 3422 luchas
1865 3367 1879 3427 y
1910 3368 2134 3428 esperanzas..

876 3380 946 3440 feos
974 3380 1011 3440 de
1040 3380 1068 3440 la
1096 3382 1279 3442 literatura
1317 3385 1476 3445 mundial
1504 3390 1513 3450 y
1551 3389 1607 3449 sus

2079 3420 2131 3480 N.
2150 3419 2297 3479 18961N

876 3416 979 3476 obras
1014 3419 1099 3479 están
1143 3421 1344 3481 traducides
1379 3425 1391 3485 a
1431 3428 1529 3488 todos
1560 3428 1611 3488 los

1688 3444 1782 3504 Viena
1819 3445 1833 3505 y
1863 3449 2016 3509 octubre.

875 3455 1030 3515 idiomas
1054 3455 1123 3515 més
1151 3457 1162 3517 o
1190 3457 1302 3517 menos
1326 3460 1449 3520 cultos.

920 3496 1003 3556 Dejó
1037 3493 1099 3553 una
1137 3496 1266 3556 enorme
1296 3498 1449 3558 herencia
1487 3501 1612 3561 espiri¬

881 3534 972 3594 tual.
997 3532 1149 3592 Durante
1173 3533 1246 3593 més
1266 3535 1306 3595 de
1330 3538 1490 3598 cuarenta
1519 3541 1602 3601 anos

877 3571 929 3631 era
960 3571 1162 3631 trabajador
1189 3574 1382 3634 incansable
1409 3577 1443 3637 de
1470 3578 1496 3638 la
1528 3580 1606 3640 plu-

877 3610 948 3670 ma,
977 3612 1033 3672 que
1061 3610 1093 3670 en
1130 3612 1157 3672 su
1194 3612 1286 3672 mano
1318 3613 1350 3673 se
1375 3616 1607 3676 transforma-

878 3645 909 3705 ba
950 3647 963 3707 a
1009 3648 1100 3708 veces
1128 3651 1159 3711 en
1191 3651 1251 3711 una
1283 3651 1428 3711 éspada,
1465 3652 1601 3712 l'orque

877 3687 1066 3747 Schnitzler
1094 3687 1143 3747 era
1175 3687 1211 3747 no
1238 3690 1419 3750 solamente
1446 3693 1604 3753 escritor.

873 3725 951 3785 sino
979 3726 1122 3786 también
1151 3729 1330 3789 luchador.

913 3812 1002 3872 Hijo
1026 3813 1064 3873 de
1093 3813 1132 3873 un
1166 3816 1318 3876 conocido
1352 3817 1498 3877 médico,
1521 3821 1622 3881 Scha.

871 3849 998 3909 nitaler
1025 3851 1168 3911 también
1200 3854 1230 3914 se
1256 3854 1353 3914 habià
1385 3856 1549 3916 dedicado
1580 3857 1590 3917 u

869 3887 900 3947 la
950 3887 1142 3947 Medicina.
1178 3890 1335 3950 Durante
1375 3890 1460 3950 unos
1501 3890 1595 3950 nneo

859 3924 953 3984 anos
978 3926 1089 3986 rsturo
1114 3926 1155 3986 de
1176 3926 1300 3986 médico
1329 3929 1465 3989 militar
1490 3932 1518 3992 en
1548 3932 1588 3992 jn

870 3962 1073 4022 regimiento
1102 3962 1139 4022 de
1168 3965 1386 4025 lufanteria.
1410 3967 1481 4027 Ali
1505 3968 1589 4028 pudo

868 3998 1026 4058 observar
1057 4000 1073 4060 y
1108 4000 1262 4060 estudiar
1296 4001 1322 4061 la
1361 4004 1433 4064 vida
1472 4004 1510 4064 de
1545 4006 1591 4066 los

871 4033 1033 4093 «oldados
1054 4036 1089 4096 y,
1110 4034 1200 4094 sobre
1227 4036 1323 4096 todo,
1339 4039 1379 4099 de
1405 4042 1455 4102 los
1476 4042 1572 4102 oficia

874 4070 934 4130 les,
959 4069 1000 4129 El
1025 4072 1190 4132 ambente
1214 4075 1247 4135 le
1271 4075 1350 4135 daba
1384 4079 1393 4139 a
1427 4078 1521 4138 veces
1545 4080 1596 4140 ua-

868 4108 926 4168 co.
941 4108 1130 4168 Schnitzler
1155 4111 1301 4171 presenté
1330 4115 1359 4175 su
1384 4117 1544 4177 dimisión
1574 4120 1588 4180 y

865 4143 902 4203 se
931 4145 1049 4205 dodlicé
1083 4150 1367 4210 erctusiramente
1400 4155 1409 4215 a
1448 4159 1476 4219 la
1514 4159 1594 4219 lite-
