3248 4384
220 302 295 362 2.
345 310 843 370 Schnitzler
901 312 939 372 s
1007 315 1236 375 Death

414 1517 1136 1577 OBSERVER

499 1551 521 1611 I.
535 1553 653 1613 österr.
667 1566 816 1626 behördl.
830 1582 1124 1642 konzessioniertes

446 1594 682 1654 Unternehmen
711 1607 760 1667 für
784 1625 1175 1685 Zeitungs-Ausschnitte

498 1656 643 1716 WIEN,
670 1666 723 1726 I.,
751 1678 1029 1738 WOLLZEILE
1076 1694 1122 1754 11

587 1716 804 1776 TELEPHON
837 1731 1010 1791 R-23-0-43

409 1846 599 1906 dusschnit
639 1861 651 1921 a
665 1870 740 1930 vest
768 1868 971 1928 Beobachter
985 1854 1137 1914 Mecten

701 2021 775 2081 27
824 2026 955 2086 OKT.
974 2026 1077 2086 1931

444 2135 663 2195 Arthur
706 2149 1026 2209 Schnitzler
1061 2156 1085 2216 1

381 2191 497 2251 Arthur
535 2200 719 2260 Schnitzler,
745 2208 880 2268 bekannt
918 2214 997 2274 durch
1035 2222 1201 2282 zahlreiche

340 2226 442 2286 Stücke
479 2235 664 2295 („Anatol“,
691 2244 876 2304 „Liebelei“,
903 2253 979 2313 „Der
1011 2256 1103 2316 grüne
1135 2261 1201 2321 Ka¬

340 2265 450 2325 kadu")
476 2271 526 2331 und
557 2276 698 2336 Novellen
734 2285 921 2345 („Leutnant
947 2293 1063 2353 Gustl“,
1084 2301 1199 2361 „Fräu=

336 2302 393 2362 lein
422 2307 528 2367 Else“)
552 2312 596 2372 ist,
615 2315 672 2375 wie
697 2317 755 2377 wis
779 2324 894 2384 bereits
919 2331 1088 2391 meldeten,
1107 2336 1198 2396 dieser

322 2343 415 2403 Tage
444 2350 609 2410 gestorben.
648 2361 825 2421 Literarisch
864 2367 930 2427 war
969 2372 1018 2432 der
1041 2376 1189 2436 bekannte

346 2450 464 2510 jüdische
490 2456 592 2516 Autor
619 2461 690 2521 schon
722 2467 850 2527 längere
876 2471 963 2531 Zeit,
979 2474 1030 2534 seit
1056 2477 1128 2537 etwa
1159 2479 1189 2539 10

338 2486 384 2546 bis
417 2488 445 2548 12
479 2492 590 2552 Jahren
624 2498 684 2558 tot.
727 2503 787 2563 Die
816 2507 947 2567 breitere
975 2516 1199 2576 Öffentlichkeit

343 2525 424 2585 hörte
448 2531 597 2591 anläßlich
622 2537 674 2597 des
703 2545 1011 2605 „Reigen"=skandals
1040 2554 1093 2614 das
1122 2557 1198 2617 letzte

336 2562 401 2622 Mal
430 2565 481 2625 von
509 2570 589 2630 ihm.
627 2576 696 2636 Nun
730 2578 796 2638 gibt
834 2585 889 2645 sein
923 2589 1105 2649 Hinscheiden
1143 2593 1190 2653 der

334 2602 534 2662 sogenannten
567 2613 711 2673 „großen“
744 2617 841 2677 Presse
865 2625 1083 2685 Gelegenheit,
1103 2632 1181 2692 ihren

334 2638 428 2698 Mann
461 2644 524 2704 noch
556 2649 673 2709 einmal
696 2658 973 2718 herauszustellen;
991 2665 1045 2725 das
1073 2671 1190 2731 Bestre¬

327 2677 399 2737 ben,
422 2683 599 2743 Schnitzlers
627 2690 717 2750 Ruhm
759 2694 781 2754 in
814 2697 877 2757 eine
905 2706 1191 2766 heraufkommende

329 2715 400 2775 neue
425 2719 496 2779 Zeit
516 2727 803 2787 hinüberzuretten,
818 2736 918 2796 dürfte
943 2743 1101 2803 verlorene
1125 2746 1192 2806 Lie¬

328 2753 473 2813 besmuhe
496 2759 569 2819 sein.
601 2763 646 2823 Um
683 2766 751 2826 1900
779 2772 883 2832 konnte
906 2776 946 2836 ein
975 2781 1115 2841 Klassiker
1138 2786 1188 2846 der

325 2797 761 2857 „Süße=Mädel“-Dramatik
786 2813 952 2873 allenfalls
982 2821 1192 2881 imponieren,

322 2829 410 2889 heute
438 2836 625 2896 interessiert
658 2839 690 2899 er
728 2846 807 2906 nicht
840 2852 961 2912 einmal
985 2857 1087 2917 mehr.
1125 2861 1185 2921 Die

321 2868 473 2928 durchweg
517 2877 573 2937 auf
613 2880 751 2940 erotische
790 2888 904 2948 Effekte
948 2897 1176 2957 abgestimmten

322 2904 426 2964 Werke
449 2911 627 2971 Schnitzlers
659 2920 759 2980 waren
791 2922 800 2982 —
850 2928 1005 2988 abgesehen
1037 2935 1087 2995 von
1120 2937 1169 2997 dem

317 2942 402 3002 bösen
442 2949 577 3009 „Reigen

632 2955 636 3015 —
696 2961 773 3021 nicht
805 2962 877 3022 ohne
915 2969 996 3029 einen
1038 2973 1174 3033 gewissen

315 2982 460 3042 Scharm,
488 2988 553 3048 was
596 2993 703 3053 innere
741 3001 938 3061 Brüchigkeit
990 3012 1177 3072 bekanntlich

320 3021 394 3081 nicht
414 3027 606 3087 ausschließt.
641 3032 739 3092 Adolf
760 3039 887 3099 Bartels
913 3044 996 3104 zählt
1016 3050 1178 3110 Schnitzler

315 3056 361 3116 zur
390 3062 522 3122 feineren
561 3068 702 3128 jüdischen
740 3076 900 3136 Dekadenz
928 3082 985 3142 und
1018 3087 1122 3147 damit
1151 3089 1183 3149 ist

311 3092 338 3152 im
379 3098 505 3158 Grunde
533 3102 605 3162 alles
637 3109 755 3169 gesagt.
792 3113 836 3173 Da
873 3117 922 3177 dem
964 3123 1167 3183 gesundenden

310 3132 454 3192 deutschen
486 3139 576 3199 Volke
604 3145 699 3205 weder
726 3151 866 3211 jüdisches
899 3157 961 3217 noch
989 3162 1165 3222 dekadentes

310 3171 444 3231 Schaffen
473 3179 565 3239 liegt,
585 3182 654 3242 wird
682 3189 864 3249 Schnitzlers
887 3195 985 3255 Name
1009 3199 1078 3259 bald
1106 3203 1171 3263 ver¬

310 3209 395 3269 gessen
428 3215 500 3275 sein.
541 3220 681 3280 Ehestens
709 3225 785 3285 wird
813 3230 876 3290 man
908 3234 971 3294 noch
999 3237 1026 3297 zu
1058 3242 1148 3302 seinem

308 3248 422 3308 Roman
456 3253 537 3313 „Der
562 3257 633 3317 Weg
667 3260 715 3320 ins
749 3266 854 3326 Freie“
888 3271 1022 3331 greifen,
1042 3276 1094 3336 der
1119 3278 1166 3338 die

307 3286 427 3346 jüdische
457 3292 562 3352 Frage
592 3298 760 3358 behandelt
789 3304 803 3364 —
856 3311 986 3371 versteht
1015 3316 1058 3376 sich
1093 3319 1169 3379 ohne

304 3323 349 3383 die
375 3328 450 3388 letzte
476 3334 674 3394 Ehrlichkeit.

1459 312 1593 372 box
1669 318 1856 378 43/8

1594 997 2305 1057 OBSERVER

1681 1056 1706 1116 1.
1720 1053 1840 1113 österr.
1854 1053 2000 1113 behördl.
2013 1050 2310 1110 konzessioniertes

1636 1095 1871 1155 Unternehmen
1902 1093 1946 1153 für
1973 1091 2359 1151 Zeitungs-Ausschnitte

1694 1154 1835 1214 WIEN,
1863 1155 1909 1215 I.,
1937 1154 2220 1214 WOLLZEILE
2262 1153 2308 1213 11

1787 1205 2003 1265 TELEPHON
2042 1202 2214 1262 R-23-0-43

1586 1348 1814 1408 Ausschnitt
1837 1348 1931 1408 aus:

1596 1572 1703 1632 vom:

1607 1715 1912 1775 Ausschnitt
1948 1715 2018 1775 aus

2198 1828 2377 1888 te

1657 1829 2054 1889 Auseuger

2391 2011 2467 2071 193

1610 2008 2006 2068 Nr..VOm.

1760 2113 1918 2173 Arthur
1942 2116 2170 2176 Schnitzler

1760 2172 1826 2232 Von
1857 2178 2022 2238 Alexander
2045 2178 2239 2238 Baldus.

1509 2227 1575 2287 Die
1609 2231 1923 2291 Zeitungsnachricht,
1946 2234 1995 2294 daß
2034 2233 2078 2293 der
2112 2237 2249 2297 bekannte
2283 2235 2492 2295 österreichische

1475 2268 1592 2328 Dichter
1627 2268 1745 2328 Arthur
1780 2272 1941 2332 Schnitzler
1976 2271 2000 2331 in
2040 2273 2118 2333 Wien
2163 2273 2241 2333 einem
2286 2274 2497 2334 Gehirnschlag

1472 2307 1581 2367 erlegen
1630 2307 1682 2367 sei,
1716 2309 1793 2369 trifft
1832 2310 1874 2370 die
1914 2313 2143 2373 Oeffentlichkeit
2177 2313 2379 2373 unerwartet,
2413 2313 2493 2373 wenn

1472 2346 1541 2406 auch
1579 2347 1659 2407 nicht
1692 2350 1767 2410 ganz
1800 2351 2039 2411 unvorbereitet.
2077 2352 2185 2412 Wußte
2219 2352 2288 2412 man
2322 2351 2387 2411 doch
2425 2351 2500 2411 schon

1479 2386 1523 2446 seit
1563 2384 1699 2444 längerer
1734 2387 1817 2447 Zeit,
1847 2387 1901 2447 daß
1945 2388 2053 2448 infolge
2093 2390 2190 2450 harter
2230 2390 2494 2450 Schicksalsschläge

1473 2423 1628 2483 innerhalb
1662 2423 1705 2483 des
1739 2426 1850 2486 engsten
1889 2429 2141 2489 Familienkreises
2170 2426 2214 2486 die
2243 2428 2426 2488 Gesundheit
2451 2427 2499 2487 des

1475 2462 1599 2522 beinahe
1629 2464 1882 2524 Siebzigjährigen
1912 2465 1988 2525 stark
2008 2467 2175 2527 erschüttert
2200 2466 2276 2526 war,
2296 2465 2348 2525 daß
2382 2466 2425 2526 sich
2454 2465 2502 2525 der

1479 2501 1633 2561 ehemalige
1668 2504 1886 2564 Militärarzt,
1911 2506 1960 2566 der
1996 2507 2104 2567 friich
2145 2507 2328 2567 Jahrzehnte
2368 2504 2501 2564 hindurch

1477 2540 1617 2600 keinerlei
1645 2540 1762 2600 Praxis
1799 2542 1878 2602 mehr
1917 2543 2065 2603 ausgeübt
2099 2543 2191 2603 hatte,
2225 2543 2313 2603 weder
2351 2543 2499 2603 körperlich

1487 2577 1548 2637 noch
1578 2579 1683 2639 seelisch
1717 2579 1802 2639 völlig
1832 2579 1946 2639 erholen
1980 2582 2100 2642 tonnte.
2129 2582 2210 2642 Aber
2239 2582 2272 2642 an
2306 2582 2392 2642 diesen
2426 2581 2507 2641 plötz¬

1480 2617 1565 2677 lichen
1595 2617 1656 2677 Tod
1685 2617 1742 2677 beim
1781 2620 1986 2680 Spaziergang
2016 2619 2097 2679 hatte
2116 2620 2192 2680 wohl
2217 2620 2350 2680 niemand
2379 2620 2508 2680 gedacht.

1513 2656 1589 2716 Doch
1624 2656 1671 2716 wie
1701 2656 1744 2716 dem
1788 2656 1850 2716 auch
1885 2659 1937 2719 sei:
1962 2659 2125 2719 Dichterisch
2155 2659 2270 2719 gesehen
2300 2657 2362 2717 war
2392 2658 2502 2718 Arthur

1487 2695 1640 2755 Schnitzler
1668 2695 1740 2755 schon
1773 2695 1863 2755 lange
1891 2695 1927 2755 ein
1964 2698 2068 2758 Toter,
2091 2698 2204 2758 trotzdem
2250 2697 2277 2757 er
2304 2697 2413 2757 immer
2441 2697 2499 2757 noch

1482 2734 1626 2794 gedruckt,
1655 2734 1780 2794 gelesen,
1818 2736 1990 2796 aufgeführt
2028 2736 2079 2796 und
2122 2737 2243 2797 gefeiert
2281 2735 2397 2795 wurde;
2430 2734 2504 2794 denn

1491 2776 1510 2836 er
1544 2773 1664 2833 gehörte
1703 2773 1779 2833 einer
1813 2773 1928 2833 Epoche
1962 2773 2019 2833 an,
2048 2773 2096 2833 die
2130 2774 2187 2834 mit
2221 2775 2273 2835 der
2307 2773 2417 2833 Wende
2456 2776 2504 2836 des

1499 2809 1661 2869 Beltkrieges
1695 2810 1723 2870 zu
1758 2811 1896 2871 existieren
1935 2811 2083 2871 aufhörte,
2107 2811 2226 2871 nachdem
2275 2811 2308 2871 sie
2337 2814 2408 2874 dank
2438 2812 2499 2872 sub¬

1470 2848 1568 2908 tilster
1591 2850 1815 2910 Selbstanalyse
1839 2850 1884 2910 sich
1913 2850 2015 2910 vorher
2044 2853 2118 2913 schon
2146 2853 2225 2913 mehr
2258 2853 2309 2913 und
2337 2853 2416 2913 mehr
2444 2849 2500 2909 zer¬

1482 2888 1539 2948 setzt
1574 2887 1664 2947 hatte.
1703 2886 1741 2946 Es
1775 2889 1837 2949 war
1871 2889 1914 2949 die
1944 2890 2015 2950 Zeit
2040 2889 2087 2949 des
2121 2891 2433 2951 Impressionismus,
2458 2889 2505 2949 des

1479 2925 1626 2985 flüchtigen
1671 2927 1842 2987 Erfassens,
1872 2928 1925 2988 wie
1960 2930 2014 2990 sie,
2044 2930 2274 2990 materialistisch
2313 2928 2367 2988 und
2407 2929 2499 2989 ratio¬

1479 2964 1614 3024 nalistisch
1652 2964 1768 3024 getönt,
1797 2966 1824 3026 im
1871 2967 2133 3027 Sinnentindruck
2166 2967 2208 3027 die
2246 2966 2315 3026 letzte
2353 2967 2507 3027 Wahrheit

1483 3005 1510 3065 zu
1551 3003 1659 3063 besitzen
1696 3004 1827 3064 wähnte,
1851 3004 1895 3064 die
1928 3005 1995 3065 Zeit
2023 3005 2072 3065 der
2100 3006 2294 3066 wandernden
2336 3006 2394 3066 und
2426 3006 2507 3066 wan¬

1479 3041 1595 3101 delnden
1628 3044 1865 3104 Stimmungen,
1884 3041 1930 3101 bei
1949 3043 2038 3103 denen
2071 3044 2117 3104 der
2141 3044 2266 3104 Wechsel
2290 3044 2336 3104 als
2364 3044 2415 3104 das
2443 3042 2503 3102 ein¬

1479 3083 1523 3143 zig
1553 3080 1631 3140 Feste
1656 3082 1734 3142 galt.
1764 3080 1837 3140 Was
1867 3083 2013 3143 Wunder,
2033 3083 2082 3143 daß
2112 3083 2160 3143 der
2185 3083 2302 3143 Mensch
2327 3083 2415 3143 dieser
2445 3083 2508 3143 Zeit

1479 3119 1521 3179 die
1554 3119 1642 3179 Fülle
1675 3119 1721 3179 des
1759 3119 1809 3179 auf
1838 3119 1884 3179 ihn
1922 3122 2154 3182 einstürmenden
2193 3122 2304 3182 Lebens
2337 3120 2392 3180 wie
2421 3119 2499 3179 einen

1484 3158 1679 3218 Taumelkelch
1721 3160 1833 3220 genoß,
1871 3160 2019 3220 berauscht
2062 3161 2112 3221 von
2159 3159 2206 3219 der
2253 3159 2499 3219 melancholischen

1477 3197 1687 3257 Trunkenheit
1720 3197 1827 3257 ewigen
1869 3197 2004 3257 Gleitens
2047 3199 2103 3259 und
2145 3200 2355 3260 Entgleitens,
2388 3199 2439 3259 daß
2481 3198 2508 3258 er

1482 3239 1528 3299 sich
1561 3236 1696 3296 gleichsam
1743 3236 1766 3296 im
1809 3238 1929 3298 dunilen
1967 3237 2060 3297 Saale
2093 3237 2167 3297 eines
2200 3236 2400 3296 Weltenkinos
2429 3236 2503 3296 sitzen

1477 3277 1594 3337 wähnte
1622 3274 1678 3334 und
1712 3274 1763 3334 den
1796 3277 1956 3337 magischen
1994 3277 2158 3337 Filmstreif
2182 3277 2233 3337 der
2261 3277 2416 3337 Menschen
2454 3274 2505 3334 und

1487 3315 1579 3375 Dinge
1608 3314 1659 3374 wie
1687 3313 1710 3373 im
1753 3316 1892 3376 Traume
1920 3313 1952 3373 an
1986 3314 2032 3374 sich
2060 3316 2293 3376 vorübergleiten
2326 3314 2400 3374 ließ.
2433 3313 2502 3373 Was

1482 3352 1616 3412 Wunder
1645 3352 1711 3412 aber
1741 3352 1822 3412 auch,
1847 3352 1894 3412 daß
1928 3352 1970 3412 ein
2005 3353 2057 3413 nur
2087 3353 2167 3413 leicht
2197 3354 2403 3414 verschleierter
2422 3354 2513 3414 Pessi¬

1484 3391 1631 3451 mismus,
1656 3391 1708 3451 der
1742 3391 1775 3451 um
1824 3391 1866 3451 die
1901 3391 2072 3451 Nichtigkeit
2102 3392 2173 3452 jedes
2212 3391 2393 3451 Erlebnisses
2427 3391 2518 3451 weiß,

1480 3427 1513 3487 um
1556 3430 1603 3490 die
1628 3430 1857 3490 hoffnungslose
1881 3432 2062 3492 Einsamteit
2087 3430 2134 3490 des
2158 3433 2234 3493 Ich,
2254 3430 2306 3490 das
2340 3431 2402 3491 halb
2431 3430 2507 3490 skep¬

1474 3468 1553 3528 tische
1586 3468 1642 3528 und
1675 3468 1735 3528 halb
1768 3468 1909 3528 ironische
1937 3468 2077 3528 Resultat
2101 3468 2203 3528 solcher
2237 3468 2502 3528 Weltanschauung

1479 3507 1586 3567 werden
1629 3506 1745 3566 mußte,
1774 3507 1825 3567 daß
1863 3508 1998 3568 jegliches
2036 3507 2218 3567 idealistische
2252 3507 2364 3567 Ethos,
2393 3506 2444 3566 wie
2477 3506 2509 3566 es

1474 3546 1515 3606 die
1556 3546 1779 3606 revolutionäre
1816 3546 1902 3606 Geste
1939 3546 1984 3606 des
2030 3546 2303 3606 Expressionismus
2350 3546 2490 3606 wiederum

1477 3585 1537 3645 mit
1566 3584 1607 3644 sich
1640 3582 1771 3642 brachte,
1794 3585 1850 3645 von
1883 3585 2055 3645 vornherein
2093 3585 2153 3645 eine
2181 3585 2409 3645 Unmöglichkeit
2438 3582 2511 3642 war.

1526 3623 1642 3683 Arthur
1670 3624 1847 3684 Schnitzlers
1881 3624 2020 3684 gesamtes
2053 3624 2245 3684 dichterisches
2278 3621 2376 3681 Werk,
2399 3623 2450 3683 das
2483 3622 2506 3682 in

1477 3663 1682 3723 dramatischer
1725 3660 1775 3720 wie
1813 3660 1840 3720 in
1888 3662 2107 3722 novellistischer
2145 3662 2280 3722 Hinsicht
2313 3660 2341 3720 in
2388 3660 2504 3720 gleicher

1480 3701 1574 3761 Weise
1605 3701 1746 3761 gewertet
1777 3698 1887 3758 werden
1928 3699 2008 3759 will,
2034 3699 2069 3759 ist
2100 3700 2205 3760 typisch
2241 3699 2290 3759 für
2326 3699 2397 3759 diese
2432 3698 2512 3758 Zeit,

1482 3742 1505 3802 ja
1535 3740 1677 3800 vielleicht
1702 3737 1749 3797 der
1773 3738 1878 3798 Typus
1912 3737 2007 3797 selbst;
2027 3737 2098 3797 denn
2132 3737 2270 3797 während
2299 3737 2403 3797 andere
2428 3736 2504 3796 Per¬

1484 3779 1674 3839 sönlichkeiten
1713 3776 1768 3836 von
1806 3779 1913 3839 Rang,
1942 3777 1993 3837 wie
2026 3776 2077 3836 der
2110 3776 2296 3836 befreundete
2330 3778 2418 3838 Hugo
2451 3776 2502 3836 von

1483 3817 1735 3877 Hofmannsthal,
1755 3818 1810 3878 wie
1836 3817 1972 3877 Stephan
2004 3815 2119 3875 George
2150 3815 2210 3875 und
2241 3815 2331 3875 schließ
2352 3815 2392 3875 ich
2423 3815 2503 3875 sogar

1480 3857 1537 3917 wie
1566 3857 1723 3917 Hermann
1762 3857 1867 3917 Bahr,
1897 3857 1929 3917 um
1983 3857 2026 3917 die
2064 3857 2255 3917 Flüchtigkeit
2285 3854 2332 3914 der
2371 3854 2399 3914 so
2433 3854 2509 3914 ganz

1485 3902 1558 3962 aufs
1593 3899 1741 3959 Flüchtige
1776 3899 1970 3959 eingestellten
2006 3899 2079 3959 Zeit
2107 3898 2221 3958 wußten
2262 3896 2323 3956 und
2357 3895 2397 3955 sie
2431 3893 2505 3953 dem¬

2575 2083 2771 2143 entsprechend
2818 2083 2872 2143 nur
2914 2083 2959 2143 als
3000 2083 3242 2143 Durchgangsste

2575 2122 2647 2182 blieb
2678 2119 2833 2179 Schnitzler
2860 2120 2962 2180 ganz
2989 2121 3133 2181 darin,
3155 2121 3237 2181 durch

2572 2159 2686 2219 eigenes
2716 2158 2811 2218 Wesen
2845 2157 2902 2217 und
2931 2158 3060 2218 dämpfte
3090 2157 3142 2217 das
3171 2159 3242 2219 mach

2578 2196 2767 2256 heimatlichen
2802 2196 2930 2256 Milicus
2966 2196 2995 2256 zu
3030 2196 3080 2256 dem
3130 2199 3224 2259 graziö

2577 2235 2754 2295 kultivierten
2784 2232 2927 2292 Rokokos.
2947 2232 3011 2292 Von
3036 2235 3085 2295 den
3110 2235 3213 2295 srühen

2576 2274 2694 2334 (1893),
2714 2274 2802 2334 denen
2832 2272 2881 2332 der
2906 2273 2994 2333 junge
3024 2274 3248 2334 Hofmannsthe

2572 2311 2611 2371 ten
2651 2310 2705 2370 und
2735 2310 2779 2370 oft
2804 2313 2927 2373 zitierten
2962 2313 3124 2373 Vorspruch
3154 2315 3228 2375 schen

2572 2352 2719 2412 matischen
2755 2352 2971 2412 Spätdichtung
3006 2351 3085 2411 „Der
3115 2351 3203 2411 Gang

2575 2387 2604 2447 ist
2630 2389 2675 2449 der
2701 2388 2766 2448 Weg
2792 2388 2842 2448 gar
2868 2387 2934 2447 lang
2964 2387 3019 2447 und
3046 2387 3111 2447 reich
3142 2388 3232 2448 besät,

2574 2429 2779 2489 vielgestaltig,
2808 2426 2981 2486 durchquert
3014 2426 3046 2486 er
3080 2428 3135 2488 mit
3169 2425 3215 2485 den

2581 2465 2806 2525 Psychoanalyse
2830 2465 2878 2525 die
2902 2465 3075 2525 gewaltigen
3109 2467 3238 2527 Spanni

2576 2504 2650 2564 Eros
2679 2503 2734 2563 und
2763 2503 2846 2563 führt
2870 2504 3010 2564 dennoch,
3034 2504 3066 2564 da
3094 2504 3122 2564 er
3150 2503 3224 2563 bewu

2572 2543 2648 2603 dung
2687 2543 2859 2603 ausweicht,
2888 2541 3012 2601 niemals
3051 2543 3079 2603 zu
3118 2542 3238 2602 wirklich

2574 2582 2676 2642 wieder
2709 2579 2778 2639 wird
2812 2581 2844 2641 da
2877 2579 2965 2639 Ernst
2998 2582 3049 2642 zum
3096 2581 3203 2641 Spiel;

2580 2620 2792 2680 „Paracelsus"
2828 2617 2934 2677 (1893)
2954 2620 3025 2680 wird
3056 2618 3106 2678 zum
3147 2620 3237 2680 Molt

2570 2659 2703 2719 terischen
2743 2656 2920 2716 Schaffens:
2950 2656 3035 2716 „Wir
3069 2658 3170 2718 spielen
3209 2656 3232 2716 in

2579 2698 2608 2758 ist
2634 2699 2734 2759 klug".
2770 2698 2870 2758 Dieses
2901 2695 3002 2755 Spiel,
3028 2698 3078 2758 das
3114 2695 3229 2755 gestaltl

2574 2736 2667 2796 beiden
2705 2734 3013 2794 Monolog=Novellen
3056 2734 3228 2794 „Leutnant

2580 2776 2739 2836 „Fräulein
2776 2771 2859 2831 Else"
2901 2773 3009 2833 (1924)
3041 2772 3102 2832 eine
3139 2772 3237 2832 gerade

2573 2814 2775 2874 beherrschung
2813 2811 2931 2871 verrät,
2964 2811 3029 2871 muß
3072 2811 3199 2871 dennoch

2582 2852 2788 2912 Widerspruchs
2825 2850 2882 2910 von
2919 2850 3006 2910 Stoff
3038 2849 3094 2909 und
3131 2849 3234 2909 Gestal

2578 2891 2723 2951 täuschen,
2744 2889 2804 2949 eine
2825 2889 3036 2949 Erscheinung,
3056 2888 3096 2948 die
3117 2888 3237 2948 übrigen

2573 2930 2678 2990 reichen
2719 2928 2940 2988 novellistischen
2981 2928 3036 2988 und
3071 2925 3237 2985 dramalisch

2574 2968 2649 3028 kehrt
2685 2967 2741 3027 und
2777 2967 2817 3027 die
2853 2965 3101 3025 Bewunderung,
3132 2966 3198 3026 aber

2582 3007 2631 3067 Die
2662 3006 2778 3066 Skepsis
2815 3006 2961 3066 erotischer
2987 3003 3033 3063 An
3054 3003 3210 3063 pielungen

2575 3042 2622 3102 die
2649 3044 2696 3104 sich
2728 3044 2754 3104 in
2792 3041 2871 3101 schier
2903 3041 3162 3101 unerschöpflichen
3195 3040 3242 3100 Va

2582 3083 2631 3143 und
2672 3083 2743 3143 alles
2779 3080 2919 3140 Absolute
2950 3080 3070 3140 auflöst,
3102 3080 3142 3140 die
3177 3080 3197 3140 in

2581 3122 2617 3182 die
2650 3122 2808 3182 „Liebelei"
2846 3119 2945 3179 (1895)
2972 3120 3035 3180 als=
3047 3120 3236 3180 lebengestalt

2579 3161 2728 3221 „Reigen"
2770 3156 2857 3216 (1896
2894 3158 3086 3218 geschrieben,
3117 3159 3210 3219 später

2572 3197 2671 3257 druckt
2701 3197 2760 3257 und
2795 3197 2883 3257 wider
2914 3197 2963 3257 den
3003 3197 3106 3257 Willen
3146 3195 3195 3255 des

2579 3238 2755 3298 skandalösen
2791 3236 2963 3296 Umständen
2994 3236 3044 3296 zur
3070 3236 3241 3296 Aufführur

2581 3276 2676 3336 Sznen
2710 3274 2763 3334 von
2797 3273 2839 3333 der
2869 3272 2965 3332 Dirne
2994 3274 3041 3334 zur
3071 3274 3166 3334 Dirne
3195 3274 3228 3334 sch

2579 3314 2643 3374 gar,
2668 3313 2687 3373 im
2732 3313 2874 3373 „Grünen
2904 3313 3037 3373 Kakadu"
3073 3310 3190 3370 (1898),
3210 3313 3239 3373 d.

2584 3352 2667 3412 Spiel
2696 3352 2752 3412 und
2786 3352 2977 3412 Wirklichkeit
3001 3349 3047 3409 in-
3081 3352 3132 3412 und
3165 3352 3235 3412 gege

2581 3391 2679 3451 endlich
2714 3391 2832 3451 „Traum
2877 3389 2932 3449 und
2957 3389 3114 3449 Schicksal“
3145 3387 3247 3447 (1931,

2577 3430 2711 3490 ausgabe
2745 3430 2791 3490 der
2824 3427 3117 3487 charakteristischsten
3155 3427 3234 3487 Nove

2576 3467 2745 3527 verknüpft,
2774 3467 2811 3527 ist
2844 3468 2947 3528 müde,
2976 3468 3037 3528 doch
3079 3467 3159 3527 nicht
3192 3466 3225 3526 be

2576 3506 2605 3566 do
2641 3504 2714 3564 nicht
2739 3507 2887 3567 sinnhaft.
2918 3504 2981 3564 Und
3012 3505 3065 3565 das
3096 3506 3169 3566 Sein
3204 3507 3238 3567 ist

2579 3543 2626 3603 des
2655 3543 2798 3603 Werdens
2828 3546 2885 3606 „der
2909 3545 3062 3605 Zukunft!

2620 3582 2662 3642 Es
2694 3582 2725 3642 ist
2753 3582 2832 3642 klar,
2854 3584 2906 3644 daß
2939 3582 2986 3642 der
3018 3582 3156 3642 Katholik
3183 3581 3209 3641 zu

2581 3625 2645 3685 Zeit
2680 3623 2862 3683 entwerteten
2907 3621 3025 3681 Werten
3065 3621 3242 3681 Schnitzlers

2580 3663 2766 3723 wesenhaftes
2798 3663 2974 3723 Verhältnis
3010 3663 3075 3723 hat,
3101 3663 3151 3723 daß
3187 3662 3227 3722 er,

2577 3700 2636 3760 und
2671 3701 2705 3761 an
2750 3700 2828 3760 einen
2863 3701 2995 3761 Himmel
3030 3700 3104 3760 über
3139 3700 3182 3760 sich
3217 3698 3232 3758 g

2578 3740 2715 3800 Genügen
2756 3740 2780 3800 in
2820 3740 2878 3800 rein
2914 3740 3041 3800 irdischem
3091 3740 3238 3800 Spieltrie

2578 3779 2740 3839 empfinden
2785 3779 2878 3839 kann.
2918 3779 2991 3839 Beim
3040 3779 3133 3839 Ethos
3178 3777 3227 3837 lieg

2579 3818 2638 3878 Und
2674 3818 2719 3878 die
2751 3819 2831 3879 Zeit,
2856 3818 2901 3878 die
2933 3818 2987 3878 mit
3013 3818 3063 3878 dem
3110 3818 3245 3878 Expressi

2577 3858 2626 3918 den
2657 3857 2774 3917 Dichter
2805 3857 2896 3917 Recht
2922 3857 2993 3917 gab,
3019 3857 3070 3917 hat
3095 3857 3176 3917 einen
3207 3854 3222 3914 T

2579 3899 2724 3959 gelassen,
2754 3899 2833 3959 einen
2878 3899 2994 3959 vielfach
3031 3898 3184 3958 gefeierten
