3392 4320
148 293 233 353 2.

301 301 889 361 Schnitzler's
959 301 1184 361 Death

135 1062 180 1122 Es
210 1064 285 1124 war
320 1063 384 1123 wie
414 1064 471 1124 bei
500 1067 726 1127 Schnitzler.
744 1067 825 1127 Man
861 1067 918 1127 sah
959 1066 1011 1126 die

128 1114 251 1174 zeigen
293 1115 328 1175 zu
365 1115 519 1175 dürfen,
546 1117 782 1177 Traurigkeit
814 1116 865 1176 ins
902 1116 1010 1176 unge¬

121 1163 297 1223 minkt-

352 1163 411 1223 für
448 1164 523 1224 eine
560 1165 873 1225 möglicherweise
909 1165 1015 1225 statt¬

119 1210 187 1270 ne.
214 1212 324 1272 Einer
363 1212 425 1272 der
458 1213 721 1273 Schauspieler
754 1215 870 1275 zeigte
907 1214 1002 1274 einen

148 1261 217 1321 war
253 1260 303 1320 ein
344 1260 470 1320 echter
500 1264 606 1324 Bart,
637 1264 671 1324 er
707 1264 803 1324 hatte
838 1263 909 1323 sich
950 1263 1004 1323 ihn

146 1309 274 1369 wirkte
311 1309 378 1369 wie
409 1311 460 1371 ein
497 1312 683 1372 geklebter
719 1314 822 1374 Bart,
849 1312 910 1372 wie
947 1314 1008 1374 das

134 1360 203 1420 sich
236 1360 349 1420 selber
377 1362 414 1422 zu
441 1361 597 1421 spielen.
619 1363 689 1423 Wie
717 1363 775 1423 bei
792 1363 1018 1423 Schnitzler.

137 1407 303 1467 verlegen
338 1410 402 1470 und
437 1410 608 1470 wissend,
628 1408 789 1468 beiseite.
810 1411 864 1471 Sie
889 1413 1001 1473 waren

116 1458 269 1518 pmödien
307 1458 376 1518 und
413 1458 582 1518 Novellen
620 1460 811 1520 gewöhnt,
833 1463 901 1523 und
939 1461 1012 1521 hier

122 1507 176 1567 och
210 1509 349 1569 einmal
372 1509 577 1569 Schnitzler
600 1508 777 1568 gespielt.

133 1560 268 1620 fehlte.
296 1563 338 1623 Er
366 1560 468 1620 hatte
496 1560 598 1620 nicht
631 1563 765 1623 einmal
793 1565 890 1625 einen
928 1561 1014 1621 Ver¬

129 1608 244 1668 auch?
273 1610 372 1670 „Nur
401 1610 517 1670 Narr,
540 1610 606 1670 nur
634 1610 789 1670 Dichter
812 1613 828 1673 ,
852 1613 956 1673 heißt
984 1608 1017 1668 es

116 1658 446 1718 Bundespräsident
472 1661 559 1721 auch
592 1660 663 1720 nur
690 1661 751 1721 vom
798 1661 1004 1721 Nichtlesen

116 1709 347 1769 Ministern
383 1709 458 1769 war
489 1709 660 1769 niemand
701 1710 933 1770 erschienen,
959 1709 1008 1769 ein

116 1760 348 1820 Sektionsrat
386 1760 613 1820 „vertraten“
656 1760 724 1820 das
767 1760 1014 1820 Unterrichts¬

114 1808 372 1868 ürgermeister
393 1808 455 1868 der
477 1808 585 1868 Stadt
611 1808 704 1868 Wien
736 1811 807 1871 war
829 1811 865 1871 zu
891 1811 1010 1871 Hause

118 1858 283 1918 lötzlich?
316 1855 394 1915 Nur
428 1858 493 1918 daß
533 1858 649 1918 leider
683 1858 770 1918 auch
816 1860 870 1920 die
910 1861 1014 1921 Vize¬

138 1906 258 1966 diesem
309 1906 503 1966 Vormittag
542 1908 735 1968 Wichtiges
769 1909 835 1969 und
869 1909 1012 1969 Unauf¬

120 1957 174 2017 en.
203 1957 263 2017 Ein
297 1957 467 2017 Stadtrat
496 1957 695 2017 allerdings
729 1958 805 2018 war
834 1960 899 2020 da,
928 1960 1010 2020 aber

114 2005 264 2065 Ilmacht
292 2008 524 2068 gekommen,
547 2008 605 2068 aus
639 2008 746 2068 freien
779 2010 984 2070 Stücken-

113 2056 169 2116 ast
186 2055 248 2115 der
271 2055 412 2115 Kunst.
424 2055 463 2115 So
493 2056 600 2116 fehlte
629 2055 691 2115 das
714 2058 884 2118 offizielle
913 2058 1002 2118 Wien

109 2106 224 2166 attung
259 2106 375 2166 dieses
409 2106 597 2166 Dichters,
625 2105 686 2165 der
720 2105 781 2165 für
814 2107 908 2167 Wien
948 2108 1019 2168 seit

112 2157 176 2217 ehr
215 2157 318 2217 getan
356 2157 426 2217 hat
454 2156 507 2216 als
541 2156 611 2216 alle
644 2157 898 2217 Regierungen
942 2159 1007 2219 und

111 2205 249 2265 'arteien
281 2205 729 2265 zusammengenommen.
745 2208 786 2268 So
812 2205 858 2265 ist
879 2208 1013 2268 einmal

108 2252 135 2312 ch
162 2255 368 2315 Schnitzler
396 2255 602 2315 wienerisch
635 2255 704 2315 mit
727 2257 808 2317 „gar
836 2255 895 2315 net
917 2254 1019 2314 igno¬

104 2303 336 2363 s'entsprach
365 2306 591 2366 Schnitzler,
603 2304 665 2364 der
688 2306 841 2366 niemals
864 2306 1017 2366 offiziell

102 2352 170 2412 sein
202 2354 355 2414 wollen.

109 2405 334 2465 Schnitzlers
369 2408 612 2468 Cottagevilla
652 2408 889 2468 gekommen.
929 2408 1007 2468 Vier

140 2455 308 2515 schwarz
335 2455 663 2515 ausgeschlagenen
695 2458 870 2518 Holzsarg
902 2456 1012 2516 folgte

98 2503 130 2563 ad
168 2503 238 2563 sein
271 2506 389 2566 Sohn.
417 2506 476 2566 Als
504 2506 584 2566 man
617 2505 677 2565 ihn
710 2507 795 2567 sah,
818 2509 904 2569 jung
937 2508 1007 2568 und

98 2551 132 2611 em
183 2554 253 2614 erst
279 2554 344 2614 zum
390 2556 641 2616 Bewußtsein,
661 2553 726 2613 wie
757 2557 867 2617 wenig
903 2558 1008 2618 junge

97 2604 131 2664 d
166 2604 218 2664 als
247 2605 310 2665 der
340 2605 478 2665 Kantor
508 2605 565 2665 das
595 2605 704 2665 letzte
734 2606 855 2666 Gebet
879 2606 1005 2666 sprach

98 2652 193 2712 der
214 2653 319 2713 Halle
346 2653 759 2713 zusammendrängten,
775 2653 812 2713 da
839 2655 1002 2715 erschrak

124 2701 190 2761 und
227 2703 387 2763 Frauen,
413 2705 464 2765 die
496 2704 537 2764 um
578 2703 790 2763 Schnitzler
816 2706 1017 2766 trauerten,

82 2751 109 2811 m
153 2754 211 2814 von
244 2754 298 2814 ihm
342 2754 521 2814 Abschied
548 2754 586 2814 zu
613 2754 792 2814 nehmen,
809 2755 922 2815 waren
955 2756 1019 2816 alt.

92 2810 118 2870 ,
141 2808 207 2868 wie
235 2808 268 2868 es
296 2811 500 2871 Schnitzler
528 2808 748 2868 gewünscht
771 2811 892 2871 hatte,
915 2811 1002 2871 dann

94 2858 240 2918 kalten
273 2858 522 2918 Herbstsonne
549 2858 608 2918 vor
630 2858 689 2918 dem
734 2858 868 2918 offenen
901 2860 1020 2920 Grab,

95 2906 144 2966 en,
167 2908 221 2968 die
255 2906 543 2966 Schriftsteller,
566 2907 621 2967 die
654 2909 931 2969 Schauspieler,
959 2908 1014 2968 die

108 2957 168 3017 den
202 2959 306 3019 Sarg,
330 2957 390 3017 der
413 2959 517 3019 schon
551 2957 579 3017 in
613 2957 673 3017 der
696 2957 789 3017 Erde
818 2960 940 3020 ruhte.
957 2957 1012 3017 Sie

147 3007 222 3067 war
252 3006 524 3066 gespenstisch.
560 3005 605 3065 Es
641 3006 716 3066 war
747 3007 796 3067 ein
837 3009 907 3069 Zug
943 3008 1003 3068 von

131 3055 218 3115 noch
250 3055 383 3115 einmal
405 3055 765 3115 vorbeiparadierte.
782 3058 843 3118 Die
869 3058 1008 3118 Frauen

91 3103 125 3163 hr
151 3106 257 3166 schön
293 3103 474 3163 gewesen,
495 3106 570 3166 man
606 3106 661 3166 sah
697 3106 732 3166 es
758 3109 843 3169 noch
874 3107 1020 3167 immer,

93 3154 153 3214 Leit
176 3157 236 3217 der
259 3154 391 3214 „süßen
420 3154 557 3214 Mädel“
586 3153 602 3213 —
647 3154 696 3214 sie
719 3156 840 3216 hatten
868 3157 1006 3217 Tränen

112 3205 158 3265 sie
189 3205 230 3265 um
272 3205 370 3265 ihren
401 3205 555 3265 Dichter
582 3202 664 3262 oder
695 3205 731 3265 um
778 3205 845 3265 sich
876 3205 1015 3265 selber?

100 3252 240 3312 einmal
266 3254 416 3314 Anatols
447 3251 602 3311 gewesen
633 3252 648 3312 —
699 3255 794 3315 jetzt
814 3255 930 3315 waren
965 3255 1010 3315 sie

119 3302 198 3362 ihre
230 3303 411 3363 gelbliche
443 3303 549 3363 Haut
576 3305 756 3365 erinnerte
794 3305 831 3365 an
868 3305 926 3365 die
959 3302 1016 3362 des

93 3351 119 3411 er
147 3352 206 3412 und
239 3354 315 3414 ihre
337 3351 412 3411 Zeit
434 3351 499 3411 mit
521 3354 575 3414 ihm
619 3353 667 3413 ins
695 3354 786 3414 Grab
819 3355 1019 3415 gesunken.

1403 300 1534 360 box
1613 305 1844 365 43/16

1369 1068 1440 1128 Mit
1467 1067 1668 1127 einemmal
1694 1066 1807 1126 schrie
1844 1064 1931 1124 über
1963 1064 2024 1124 den
2067 1064 2283 1124 Menschen,
2310 1064 2361 1124 die
2397 1062 2428 1122 so
2464 1061 2593 1121 seltsam
2646 1058 2707 1118 das

1301 1117 1496 1177 Gewesene
1533 1116 1729 1176 spiegelten
1771 1116 1838 1176 und
1880 1115 1936 1175 die
1973 1115 2065 1175 Erde
2102 1114 2163 1174 auf
2200 1114 2298 1174 einen
2334 1114 2422 1174 Sarg
2463 1112 2623 1172 warfen,
2649 1109 2700 1169 ein

1305 1167 1515 1227 Käuzchen,
1543 1166 1629 1226 hell,
1652 1166 1971 1226 durchdringend,
1993 1163 2117 1223 mitten
2156 1165 2193 1225 am
2242 1163 2334 1223 Tag.
2356 1162 2443 1222 War
2470 1160 2507 1220 es
2535 1160 2599 1220 auf
2627 1159 2691 1219 dem

1310 1215 1480 1275 Friedhof
1511 1213 1576 1273 aus
1612 1211 1707 1271 einem
1757 1213 1958 1273 steinernen
1999 1213 2165 1273 Versteck
2205 1209 2426 1269 gescheucht
2457 1208 2597 1268 worden
2638 1207 2733 1267 und.

1306 1264 1367 1324 flog
1404 1266 1470 1326 nun
1501 1261 1661 1321 tagblind
1697 1264 1753 1324 hin
1786 1263 1852 1323 und
1883 1262 1965 1322 her?
1991 1260 2089 1320 Oder
2121 1260 2192 1320 war
2218 1261 2254 1321 es
2281 1260 2512 1320 gekommen,
2533 1257 2569 1317 um
2616 1256 2702 1316 auch

1308 1313 1508 1373 seinerseits
1534 1313 1590 1373 von
1617 1312 1678 1372 dem
1719 1312 1863 1372 Dichter
1889 1310 1945 1370 des
1966 1312 2130 1372 Sterbens
2157 1309 2326 1369 Abschied
2357 1309 2387 1369 zu
2414 1308 2588 1368 nehmen?
2609 1304 2706 1364 Oder

1303 1364 1373 1424 rief
1401 1363 1438 1423 es
1471 1362 1530 1422 den
1568 1363 1833 1423 Gezeichneten
1871 1363 1973 1423 unten
2018 1360 2163 1420 Verfall
2191 1360 2255 1420 und
2293 1357 2618 1417 Vergänglichkeit
2645 1353 2710 1413 zu?

1373 1423 1416 1483 Es
1439 1418 1593 1478 flatterte
1621 1421 1742 1481 lange,
1766 1419 1826 1479 das
1848 1419 2064 1479 Käuzchen,
2081 1418 2169 1478 über
2192 1413 2412 1473 Schnitzlers
2435 1413 2551 1473 Grab.
2574 1413 2612 1473 Es
2640 1411 2711 1471 war

1304 1473 1384 1533 noch
1415 1471 1450 1531 zu
1476 1469 1601 1529 sehen,
1617 1469 1667 1529 als
1688 1470 1753 1530 alle
1779 1470 1834 1530 die
1855 1470 2047 1530 Menschen
2078 1467 2254 1527 gegangen
2285 1464 2396 1524 waren
2432 1464 2492 1524 und
2523 1464 2573 1524 die
2598 1463 2709 1523 Autos

1315 1521 1378 1581 und
1415 1519 1467 1579 die
1500 1515 1726 1575 Elektrische
1759 1518 1932 1578 bestiegen
1970 1518 2111 1578 hatten,
2139 1517 2175 1577 um
2223 1513 2360 1573 wieder
2387 1511 2418 1571 in
2450 1512 2507 1572 die
2535 1512 2645 1572 Stadt
2672 1512 2708 1572 zu

1305 1572 1457 1632 fahren,
1477 1570 1515 1630 um
1561 1569 1648 1629 neue
1678 1568 1870 1628 Schminke
1900 1568 2140 1628 aufzulegen,
2160 1564 2248 1624 neue
2273 1563 2454 1623 Literatur
2484 1562 2518 1622 zu
2553 1560 2719 1620 machen,

1312 1620 1396 1680 neue
1433 1616 1601 1676 Morituri
1628 1615 1664 1675 zu
1702 1616 1907 1676 begrüßen.
1929 1615 2007 1675 Nur
2034 1615 2097 1675 das
2129 1613 2319 1673 Käuzchen
2357 1612 2445 1672 blieb
2488 1610 2551 1670 und
2588 1609 2719 1669 schrie.

1312 1669 1403 1729 Über
1431 1667 1489 1727 dem
1539 1666 1629 1726 Grab
1662 1666 1759 1726 eines
1781 1666 1969 1726 Dichters.
1986 1664 2082 1724 Über
2110 1664 2168 1724 dem
2212 1661 2308 1721 Grab
2341 1661 2432 1721 einer
2460 1660 2567 1720 Stadt
2589 1657 2599 1717 —
2654 1653 2712 1713 der

1301 1721 1417 1781 alten,
1439 1718 1640 1778 barocken,
1662 1715 2007 1775 völkergemischten
2045 1712 2279 1772 Kaiserstadt
2306 1711 2422 1771 Wien.

2081 1846 2331 1906 ZWISCHEN
2373 1846 2705 1906 BOURGEOISIE

1311 1849 1481 1909 LUDWIG
1522 1846 1721 1906 MARCUSE

2154 1897 2238 1957 UND
2284 1897 2622 1957 PROLETARIAT

1605 1972 1674 2032 Aus
1710 1971 1765 2031 dem
1821 1970 1906 2030 Buch
1952 1970 2122 2030 „Heinrich
2169 1967 2289 2027 Heine.
2320 1966 2375 2026 Ein
2421 1966 2516 2026 Leben
2562 1964 2717 2024 zwischen

1547 2017 1666 2077 gestern
1714 2015 1776 2075 und
1820 2016 1991 2076 morgen“,
2026 2014 2082 2074 das
2121 2014 2255 2074 Anfang
2298 2011 2484 2071 November
2523 2010 2551 2070 im
2605 2009 2719 2069 Verlag

1543 2063 1642 2123 Ernst
1668 2061 1828 2121 Rowohlt
1854 2060 2039 2120 erscheint.

1360 2209 1446 2269 Was
1474 2208 1619 2268 trennte
1652 2208 1765 2268 Heine
1803 2209 1862 2269 von
1901 2208 1965 2268 den
1998 2208 2203 2268 Radikalen
2241 2205 2333 2265 trotz
2366 2204 2425 2264 der
2458 2202 2717 2262 gemeinsamen

1316 2261 1450 2321 Front?
1479 2258 1564 2318 War
1599 2258 1632 2318 er
1661 2258 1767 2318 nicht
1791 2256 2056 2316 Revolutionär
2091 2255 2152 2315 wie
2187 2254 2322 2314 Börne?
2351 2252 2526 2312 Kämpfte
2560 2249 2593 2309 er
2622 2249 2729 2309 nicht

1315 2309 1381 2369 wie
1413 2309 1464 2369 die
1500 2309 1536 2369 um
1588 2309 1701 2369 Börne
1732 2308 1835 2368 gegen
1872 2306 1928 2366 die
1960 2305 2145 2365 jesuitisch
2171 2303 2181 2363 -
2197 2303 2465 2363 aristokratisch
2491 2300 2501 2360 -
2517 2300 2723 2360 bourgeoise

1315 2360 1450 2420 Front?
1472 2358 1536 2418 Bei
1553 2360 1666 2420 Heine
1694 2359 1806 2419 zeigte
1829 2357 1899 2417 sich
1926 2356 1991 2416 zum
2029 2354 2229 2414 erstenmal
2251 2352 2310 2412 das
2332 2351 2499 2411 Paradox
2527 2348 2580 2408 des
2602 2349 2726 2409 politi¬

1312 2411 1417 2471 schen
1449 2408 1634 2468 Dichters,
1656 2408 1714 2468 der
1741 2408 1819 2468 eben
1852 2408 1936 2468 doch
1969 2405 2068 2465 nicht
2090 2405 2100 2465 —
2154 2402 2217 2462 wie
2244 2402 2317 2462 man
2345 2401 2444 2461 lange
2477 2398 2645 2458 geglaubt
2667 2396 2730 2456 hat

1380 2458 1433 2518 ein
1466 2458 1682 2518 dichtender
1704 2455 1882 2515 Politiker
1904 2455 1968 2515 ist.
1985 2455 2028 2515 Es
2056 2454 2147 2514 kann
2180 2451 2277 2511 nicht
2305 2450 2401 2510 mehr
2429 2449 2618 2509 geleugnet
2640 2443 2725 2503 wer-

1321 2507 1409 2567 den:
1431 2507 1491 2567 der
1514 2506 1785 2566 Künstler-Typ
1818 2506 1862 2566 ist
1885 2504 1983 2564 nicht
2006 2504 2094 2564 dazu
2122 2500 2293 2560 berufen,
2310 2498 2365 2558 die
2393 2497 2486 2557 Welt
2509 2497 2541 2557 zu
2570 2494 2729 2554 ändern;

1321 2557 1357 2617 er
1390 2557 1473 2617 wird
1511 2557 1642 2617 immer
1675 2555 1727 2615 die
1764 2554 1980 2614 bestehende
2024 2551 2112 2611 Welt
2145 2551 2329 2611 verklären
2367 2546 2450 2606 oder
2482 2546 2546 2606 aus
2578 2545 2640 2605 der
2667 2543 2730 2603 be-

1316 2608 1509 2668 stehenden
1543 2605 1637 2665 Welt
1659 2605 1709 2665 ins
1737 2605 1903 2665 Märchen
1931 2603 2052 2663 fliehen
2086 2600 2169 2660 oder
2192 2601 2263 2661 eine
2292 2598 2513 2658 vergangene
2542 2593 2635 2653 Welt
2652 2591 2729 2651 ver-

1316 2655 1519 2715 herrlichen
1553 2655 1635 2715 oder
1664 2652 1740 2712 eine
1769 2655 1984 2715 kommende
2018 2652 2111 2712 Welt
2134 2647 2411 2707 phantasieren.
2433 2645 2565 2705 Heines
2588 2643 2714 2703 Politik

1321 2706 1396 2766 war
1424 2707 1704 2767 Enthusiasmus
1732 2704 1834 2764 gegen
1873 2702 1926 2762 die
1954 2700 2267 2760 Vergangenheit,
2284 2695 2559 2755 Enthusiasmus
2586 2693 2645 2753 für
2673 2691 2726 2751 die

1316 2754 1486 2814 Zukunft
1515 2754 1525 2814 —
1581 2755 1636 2815 nie
1665 2754 1886 2814 nüchterner
1920 2752 2057 2812 Kampf
2085 2751 2112 2811 in
2152 2748 2213 2808 der
2241 2746 2479 2806 Gegenwart.
2502 2744 2545 2804 Er
2573 2742 2733 2802 schrieb.

1324 2805 1371 2865 ein
1408 2805 1535 2865 echter
1567 2804 1757 2864 Künstler,
1784 2804 1883 2864 mehr
1915 2802 1978 2862 aus
2011 2801 2068 2861 dem
2121 2796 2412 2856 revolutionären
2449 2793 2576 2853 Affekt
2603 2792 2655 2852 als
2687 2789 2723 2849 zu

1324 2855 1421 2915 einem
1475 2852 1766 2912 revolutionären
1806 2852 1897 2912 Ziel.
1924 2848 1972 2908 Er
2005 2849 2081 2909 war
2114 2848 2161 2908 ein
2200 2843 2513 2903 Mit-Fühlender,
2541 2840 2643 2900 nicht
2676 2838 2724 2898 ein

1322 2904 1651 2964 Mit-Handelnder
1680 2903 1709 2963 in
1738 2903 1824 2963 Reih
1860 2903 1923 2963 und
1958 2900 2085 2960 Glied.
2103 2897 2149 2957 Er
2178 2897 2253 2957 ging
2288 2894 2345 2954 vor
2375 2894 2432 2954 aus
2462 2892 2640 2952 aktueller
2664 2887 2732 2947 Er-

1321 2954 1452 3014 regung
1495 2953 1601 3013 gegen
1644 2952 1696 3012 die
1734 2951 2030 3011 Unterdrücker,
2057 2948 2120 3008 aus
2152 2945 2337 3005 aktuellem
2385 2942 2522 3002 Mitleid
2565 2940 2633 3000 mit
2660 2939 2723 2999 den

1328 3002 1646 3062 Unterdrückten.
1669 3002 1711 3062 Er
1744 3002 1820 3062 war
1847 3001 1965 3061 nicht,
1987 2999 2052 3059 wie
2080 2996 2138 3056 der
2172 2993 2268 3053 echte
2302 2992 2500 3052 Kämpfer,
2523 2990 2587 3050 mit
2615 2990 2711 3050 jedem

1328 3054 1468 3114 Schritt
1490 3052 1603 3112 sicher
1636 3050 1663 3110 in
1696 3052 1792 3112 einer
1820 3051 1949 3111 Front.
1966 3048 2014 3108 Er
2042 3047 2231 3107 kämpfte,
2253 3041 2333 3101 weil
2355 3043 2387 3103 es
2415 3040 2544 3100 gerade
2572 3038 2733 3098 schlecht

1323 3104 1387 3164 mit
1410 3104 1490 3164 „der
1513 3101 1627 3161 Sache
1654 3100 1713 3160 des
1736 3100 1996 3160 Liberalismus
2041 3097 2171 3157 stand.
2188 3095 2230 3155 Er
2253 3093 2312 3153 zog
2340 3091 2405 3151 sich
2438 3088 2590 3148 zurück,
2607 3088 2725 3148 sobald

1327 3151 1378 3211 die
1407 3154 1643 3214 Sensationen
1678 3151 1908 3211 nachließen.
1932 3149 1976 3209 Er
2005 3146 2079 3206 war
2102 3144 2282 3204 Kämpfer
2311 3141 2367 3201 von
2401 3139 2485 3199 Fall
2503 3139 2542 3199 zu
2571 3138 2666 3198 Fall.
2689 3135 2728 3195 Er

1330 3202 1484 3262 erklärte
1518 3203 1589 3263 sich
1628 3202 1711 3262 nach
1750 3201 1810 3261 dem
1860 3198 1975 3258 Edikt
2004 3196 2109 3256 gegen
2148 3193 2208 3253 das
2247 3191 2357 3251 Junge
2391 3187 2633 3247 Deutschland
2673 3184 2733 3244 für

1327 3251 1418 3311 diese
1451 3252 1629 3312 Richtung
1662 3251 1672 3311 —
1727 3251 1792 3311 mit
1819 3249 1878 3309 der
1906 3247 1943 3307 er
1971 3246 2024 3306 nie
2052 3242 2333 3302 sympathisiert
2361 3237 2473 3297 hatte.
2496 3238 2571 3298 Nun
2604 3237 2733 3297 grade!

1328 3300 1375 3360 Er
1402 3303 1538 3363 agierte
1570 3300 1691 3360 nicht,
1713 3298 1749 3358 er
1776 3297 1949 3357 reagierte
1981 3296 2065 3356 nur.
2092 3293 2133 3353 Er
2166 3291 2260 3351 hatte
2292 3288 2418 3348 keinen
2455 3285 2560 3345 festen
2598 3285 2734 3345 Stand¬

1329 3355 1455 3415 punkt
1483 3353 1493 3413 —
1549 3351 1582 3411 er
1616 3351 1687 3411 war
1720 3351 1769 3411 ein
1803 3348 1990 3408 Spielball
2013 3345 2074 3405 der
2107 3342 2328 3402 Ereignisse.
2350 3339 2394 3399 Er
2428 3336 2637 3396 antwortete
2670 3333 2736 3393 mit

2659 3482 2741 3542 1709
