3392 4320
1453 276 1584 336 box
1654 276 1886 336 43/25

171 288 288 348 12.
349 291 950 351 Schuitzler's
1011 282 1247 342 Deatl

164 912 891 972 OSSISCHEN
987 901 1552 961 ZEITUNG

165 1007 292 1067 DBER
334 1007 411 1067 1931

168 1233 239 1293 land
268 1231 397 1291 erzählt

703 1238 840 1298 Die
891 1237 1287 1297 Beisetzung

184 1282 276 1342 einer
311 1279 393 1339 ganz

472 1328 640 1388 Eigene
673 1324 894 1384 Meldung
921 1319 999 1379 der
1026 1315 1315 1375 Vossischen
1348 1310 1548 1370 Zeitung

150 1330 215 1390 Phl
242 1327 399 1387 gewohnt

161 1378 179 1438 n
213 1375 389 1435 Londoner

1074 1384 1240 1444 WIEN,
1263 1383 1320 1443 23.
1343 1378 1538 1438 OKTOBER

166 1418 389 1478 pulatorischen

499 1450 557 1510 Die
588 1452 836 1512 Beisetzung
884 1443 1066 1503 Schnitzlare
1102 1441 1173 1501 fand
1209 1441 1243 1501 in
1285 1438 1415 1498 denkbar
1452 1435 1598 1495 schlichter

162 1469 199 1529 sen
243 1464 387 1524 Wänden

439 1499 529 1559 Weise
559 1500 635 1560 statt,
654 1496 683 1556 so
712 1493 769 1553 wie
794 1491 827 1551 er
856 1491 884 1551 es
914 1489 1076 1549 gewünscht
1101 1485 1196 1545 hatte.
1235 1484 1273 1544 Im
1317 1482 1532 1542 Trauerhaus,
1551 1477 1594 1537 wo

167 1512 200 1572 sig
239 1512 295 1572 der
329 1509 395 1569 Pa¬

438 1542 485 1602 der
511 1542 592 1602 Sarg
618 1541 643 1601 im
687 1536 936 1596 Arbeitszimmer
966 1533 1061 1593 stand,
1083 1530 1211 1590 verhüllt
1237 1527 1293 1587 mit
1315 1525 1396 1585 einem
1435 1523 1589 1583 schwarzen

171 1560 334 1620 Eindruck
361 1559 392 1619 zu

444 1587 512 1647 Tuch
542 1587 593 1647 und
619 1583 786 1643 geschmückt
812 1580 871 1640 nur
898 1578 953 1638 mit
975 1577 1103 1637 wenigen
1133 1571 1279 1631 Blumen,
1300 1569 1429 1629 gesellten
1459 1566 1501 1626 sich
1532 1566 1578 1626 zum

170 1607 297 1667 dagegen
329 1605 400 1665 ein¬

447 1631 522 1691 Sohn
553 1628 680 1688 Heinrich
707 1625 866 1685 Schnitzler
893 1621 946 1681 und
977 1619 1025 1679 zur
1052 1617 1180 1677 Familie
1207 1615 1255 1675 des
1282 1611 1418 1671 Bruders
1445 1607 1599 1667 Professor

166 1657 209 1717 ut
236 1654 397 1714 einander

446 1673 550 1733 Julius
579 1670 736 1730 Schnitzler
765 1666 841 1726 Karl
870 1664 1056 1724 Schönherr,
1075 1664 1175 1724 Franz
1199 1657 1328 1717 Werfel,
1352 1655 1476 1715 Richard
1505 1649 1595 1709 Beer¬

172 1706 182 1766 r
209 1703 308 1763 liebt,
340 1703 392 1763 den

447 1715 588 1775 Hofmann
621 1712 675 1772 und
708 1712 789 1772 Felix
817 1707 945 1767 Salten.

481 1757 541 1817 Der
570 1756 648 1816 Sarg
682 1753 779 1813 langte
813 1750 878 1810 kurz
906 1750 971 1810 nach
1004 1749 1031 1809 12
1065 1746 1125 1806 Uhr
1154 1745 1275 1805 mittags
1308 1742 1363 1802 auf
1387 1740 1438 1800 dem
1481 1736 1606 1796 israeli¬

170 1751 324 1811 bemüter,
351 1748 402 1808 die

442 1800 540 1860 tischen
575 1799 638 1859 Teil
669 1797 716 1857 des
750 1794 1024 1854 Zentralfriedhofs
1055 1790 1110 1850 an,
1145 1789 1187 1849 wo
1231 1786 1320 1846 neben
1367 1781 1603 1841 Generalinten¬

165 1801 207 1861 d,
235 1799 315 1859 nicht
348 1795 407 1855 ab¬

446 1843 549 1903 danten
583 1840 797 1900 Schneiderhan
836 1837 896 1897 sehr
926 1834 1015 1894 große
1046 1831 1256 1891 Delegationen
1290 1826 1337 1886 des
1372 1825 1611 1885 Burgtheaters,

166 1844 232 1904 poch
263 1844 325 1904 mit
351 1842 407 1902 ge¬

447 1887 494 1947 des
520 1887 661 1947 Theaters
687 1884 712 1944 in
747 1882 794 1942 der
820 1880 1008 1940 Josephstadt
1035 1876 1090 1936 und
1116 1874 1163 1934 des
1193 1872 1343 1932 Deutschen
1378 1869 1601 1929 Volkstheaters

166 1893 297 1953 sündigt
337 1891 410 1951 hat,

443 1931 580 1991 harrten.
623 1927 717 1987 Stark
752 1926 898 1986 vertreten
937 1922 1001 1982 war
1032 1919 1078 1979 die
1109 1914 1409 1974 Schriftstellerwelt,
1440 1911 1495 1971 und
1535 1911 1599 1971 auch

171 1941 397 2001 ücksichtigung

451 1974 521 2034 viele
551 1971 750 2031 Bewunderer
780 1967 955 2027 Schnitzlers
985 1963 1155 2023 umstanden
1189 1959 1243 2019 das
1273 1957 1376 2017 Grab,
1398 1955 1422 2015 in
1456 1954 1510 2014 das
1540 1954 1602 2014 nach

170 1990 249 2050 elten
309 1987 398 2047 einen

452 2018 528 2078 einem
570 2017 664 2077 kurzen
702 2011 801 2071 Gebet
829 2011 947 2071 Arthur
975 2009 1151 2069 Schnitzlers
1184 2002 1328 2062 sterbliche
1361 1999 1447 2059 Hülle
1479 1996 1610 2056 versenkt

449 2061 567 2121 wurde.
608 2057 664 2117 Die
691 2055 863 2115 Regierung
899 2053 978 2113 hatte
1009 2052 1061 2112 nur
1093 2049 1190 2109 einige
1221 2045 1344 2105 Beamte
1371 2042 1525 2102 entsandt,
1552 2039 1600 2099 von

451 2105 498 2165 den
528 2102 776 2162 Gesandtschaften
807 2097 849 2157 sah
879 2097 939 2157 man
969 2094 1162 2154 niemanden.
1201 2090 1260 2150 Für
1287 2086 1333 2146 die
1355 2085 1517 2145 Gemeinde
1544 2083 1607 2143 war

184 2107 247 2167 zum
296 2100 397 2160 letzten

452 2148 485 2208 an
513 2146 606 2206 Stelle
630 2144 676 2204 des
709 2142 872 2202 erkrankten
905 2139 1156 2199 Bürgermeisters
1185 2135 1263 2195 Seitz
1287 2130 1431 2190 Stadtrat
1460 2127 1608 2187 Professor

165 2151 199 2211 ne
230 2147 413 2207 Silvester¬

452 2190 581 2250 Tandler
608 2187 791 2247 gekommen.

165 2196 193 2256 s
235 2196 408 2256 Professor

489 2242 549 2302 Mit
582 2242 689 2302 einigen
727 2239 885 2299 Schaufeln
918 2236 992 2296 Erde
1021 2234 1090 2294 ohne
1124 2230 1240 2290 Reden,
1264 2228 1287 2288 im
1334 2225 1473 2285 wahrsten
1507 2224 1609 2284 Sinne

161 2243 410 2303 Konfessionelle

453 2289 541 2349 sang=
572 2287 624 2347 und
660 2283 813 2343 klanglos,
840 2282 923 2342 schied
959 2279 1038 2339 einer
1069 2278 1117 2338 der
1152 2272 1363 2332 berühmtesten
1403 2269 1614 2329 Wiener...

170 2293 403 2353 medizinischen

493 2338 533 2398 In
565 2335 655 2395 seinem
696 2330 863 2390 Testament
891 2328 940 2388 hat
963 2325 1122 2385 Schnitzler
1150 2322 1240 2382 seinen
1272 2320 1353 2380 Sohn
1380 2318 1516 2378 Heinrich
1543 2315 1593 2375 zum

199 2339 318 2399 erfüllt
346 2336 400 2396 von

460 2378 628 2438 Verwalter
660 2377 708 2437 des
743 2372 942 2432 literarischen
979 2369 1146 2429 Nachlassos
1182 2365 1346 2425 bestimmt.
1395 2360 1447 2420 Als
1488 2360 1611 2420 Berater

177 2389 201 2449 en
245 2387 414 2447 Pessimis¬

463 2421 530 2481 wird
558 2420 602 2480 ihm
639 2418 743 2478 dabei,
762 2417 811 2477 dem
849 2415 966 2475 Wunsch
994 2414 1043 2474 des
1071 2411 1143 2471 toten
1171 2409 1307 2469 Dichters
1334 2405 1466 2465 folgend,
1485 2402 1606 2462 Richard

181 2437 289 2497 genug
317 2432 414 2492 große

463 2463 802 2523 Beer=Hofmann
863 2461 919 2521 zur
966 2457 1049 2517 Seite
1096 2452 1208 2512 stehen.
1264 2449 1343 2509 Eine
1390 2446 1608 2506 oberflächliche

172 2485 255 2545 enige
315 2483 417 2543 große

463 2507 599 2567 Sichtung
631 2505 714 2565 ergab
746 2503 807 2563 eine
834 2500 1002 2560 ungeheure
1029 2500 1148 2560 Anzahl
1175 2495 1223 2555 von
1254 2491 1528 2551 Aufzeichnungen.
1572 2486 1611 2546 Es

461 2551 563 2611 fanden
614 2549 660 2609 sich
712 2544 1047 2604 Novellenfragmente,
1090 2541 1117 2601 so
1164 2539 1229 2599 eine
1281 2534 1461 2594 halbfertige
1513 2531 1610 2591 „Der

460 2595 750 2655 Sekundant“,
768 2590 831 2650 auch
862 2587 943 2647 Teile
969 2586 1046 2646 eines
1072 2584 1178 2644 großen
1209 2581 1345 2641 Romans
1371 2578 1426 2638 und
1456 2577 1516 2637 eine
1542 2574 1614 2634 aus¬

178 2603 281 2663 enen
309 2601 405 2661 vach.

463 2639 603 2699 gedehnte
624 2634 809 2694 Sammlung
861 2634 915 2694 von
966 2629 1182 2689 Aphorismen.

2147 643 2867 703 OBSERVER

2232 694 2258 754 I.
2272 697 2387 757 österr.
2396 700 2547 760 behördl.
2561 703 2858 763 konzessioniertes

2178 739 2413 799 Unternehmen
2441 741 2489 801 für
2516 744 2903 804 Zeitungs-Ausschnitte

2232 795 2385 855 WIEN,
2406 799 2458 859 I.,
2479 804 2767 864 WOLLZEILE
2815 807 2854 867 11

2332 852 2551 912 TELEPHON
2583 855 2759 915 R-23-0-43

2133 989 2350 1049 Ausschnitt
2379 992 2462 1052 aus:

2604 1191 2686 1251 23.
2715 1187 2835 1247 UKT.
2855 1182 2955 1242 1931

2131 1212 2239 1272 vom:

2223 1330 2414 1390 Artur
2472 1330 2821 1390 Schnitzler.

2289 1400 2366 1460 Das
2396 1399 2769 1459 Leichenbegängnis.

2041 1466 2153 1526 Schon
2185 1466 2228 1526 um
2267 1467 2303 1527 11
2329 1466 2404 1526 Uhr
2423 1467 2548 1527 fanden
2580 1465 2629 1525 sich
2655 1464 2717 1524 vor
2743 1464 2798 1524 dem
2836 1460 3111 1520 Trauerhause,

1945 1518 2298 1578 Sternwariestraße
2337 1515 2397 1575 71,
2426 1515 2602 1575 ungefahr
2641 1512 2701 1572 200
2746 1511 2801 1571 bis
2829 1510 2884 1570 300
2917 1507 3093 1567 Personen

1937 1564 2010 1624 ein.
2033 1567 2100 1627 Die
2129 1565 2384 1625 Angehorigen
2431 1561 2748 1621 Schnitzlers
2794 1557 2947 1617 begaben
2982 1556 3032 1616 sich
3067 1554 3095 1614 in

1944 1613 1971 1673 in
2000 1613 2051 1673 die
2074 1613 2198 1673 Villa,
2210 1613 2260 1673 wo
2289 1613 2316 1673 im
2357 1611 2493 1671 zweiten
2527 1609 2628 1669 Stock
2680 1609 2707 1669 im
2754 1606 3025 1666 Schlafzimmer
3048 1601 3104 1661 des

1941 1664 2127 1724 Dichters,
2145 1662 2201 1722 der
2218 1661 2285 1721 aus
2309 1661 2410 1721 rohem
2450 1661 2540 1721 Holz
2558 1657 2750 1717 gefertigte
2773 1655 2868 1715 Sarg
2891 1651 3111 1711 aufgebahrt

1941 1711 2037 1771 war.
2060 1710 2113 1770 Um
2157 1710 2216 1770 den
2254 1709 2351 1769 Sarg
2384 1710 2480 1770 lagen
2519 1706 2632 1766 einige
2665 1706 2821 1766 Kränze,
2843 1705 2869 1765 so
2903 1703 2951 1763 ein
2989 1700 3107 1760 Kranz

1943 1755 1996 1815 des
2021 1757 2292 1817 Burgtheaters
2317 1758 2383 1818 mit
2408 1756 2461 1816 der
2486 1754 2709 1814 Widmung:
2734 1753 2830 1813 „Das
2861 1749 3108 1809 Burgtheater

1944 1805 2056 1865 seinem
2102 1806 2232 1866 großen
2266 1805 2406 1865 Dichter
2442 1802 2526 1862 1895
2560 1802 2610 1862 bis
2645 1802 2752 1862 1931.
2792 1797 2870 1857 Der
2900 1798 3001 1858 Sarg
3036 1793 3108 1853 war

1937 1853 2020 1913 noch
2059 1855 2225 1915 geoffnet
2264 1854 2327 1914 und
2373 1852 2494 1912 wurde
2534 1851 2604 1911 erst
2630 1849 2706 1909 kurz
2739 1848 2802 1908 vor
2835 1846 2911 1906 ½12
2944 1845 3020 1905 Uhr
3053 1841 3110 1901 ge¬

1945 1903 2128 1963 schlossen.

2035 1951 2084 2011 In
2141 1946 2203 2006 der
2255 1944 2348 2004 Villa
2386 1945 2498 2005 hatten
2537 1945 2587 2005 sich
2619 1942 2850 2002 eingefunden
2888 1941 2937 2001 die
2964 1936 3107 1996 Dichter

1941 1996 2157 2056 Werfel,
2175 1995 2639 2055 Beer=Hofmann,
2658 1993 2881 2053 Salten,
2918 1989 2995 2049 Dr.
3020 1986 3116 2046 Karl

1946 2044 2260 2104 Schönherr,
2280 2043 2398 2103 ferner
2424 2040 2562 2100 Hofrat
2588 2040 2694 2100 Hugo
2726 2037 2958 2097 Thimig,
2978 2034 3115 2094 Hofrat

1943 2088 2074 2148 Albert
2100 2091 2261 2151 Heine
2311 2088 2376 2148 vom
2425 2088 2697 2148 Burgtheater,
2739 2083 2878 2143 Hofrat
2927 2080 3113 2140 Frank¬

1939 2137 2137 2197 furter,
2155 2139 2291 2199 Hofrat
2308 2136 2387 2196 Dr.
2399 2139 2602 2199 Thenen
2638 2135 2699 2195 von
2734 2133 2791 2193 der
2814 2130 3119 2190 Aerztekammer,

1946 2185 2111 2245 Direktor
2148 2184 2530 2244 Feldhammer,
2568 2183 2888 2243 Klaviervirtuose
2920 2179 3110 2239 Professor

1940 2237 2285 2297 Weingarten
2317 2234 2386 2294 und
2413 2234 2545 2294 andre.

2041 2283 2088 2343 Um
2137 2283 2220 2343 ½12
2251 2282 2322 2342 Uhr
2353 2281 2472 2341 wurde
2503 2281 2556 2341 der
2587 2279 2688 2339 Sarg
2719 2279 2748 2339 in
2785 2276 2844 2336 das
2875 2276 3102 2336 Leichenauto

1941 2328 2001 2388 der
2029 2331 2228 2391 Gemeinde
2256 2330 2355 2390 Wien
2388 2330 2570 2390 gehoben.
2610 2330 2686 2390 Der
2715 2327 2924 2387 Trauerzug
2958 2324 3112 2384 bewegte

1943 2378 1994 2438 sich
2030 2380 2092 2440 nun
2134 2381 2191 2441 zum
2243 2378 2578 2438 Zentralfriedhof.
2596 2375 2647 2435 In
2682 2377 2746 2437 der
2769 2372 3109 2432 Zeremonienhalle

1944 2428 2051 2488 sprach
2088 2427 2322 2487 Overkantor
2353 2426 2552 2486 Fischer
2589 2423 2636 2483 die
2673 2423 2834 2483 rituellen
2878 2420 3028 2480 Gebete.
3053 2420 3106 2480 An

1941 2477 1997 2537 dem
2049 2478 2110 2538 von
2150 2476 2212 2536 der
2247 2473 2574 2533 Kultusgemeinde
2603 2470 2834 2530 gewidmeten
2875 2468 3112 2528 Ehrengrabe

1941 2529 2021 2589 sang
2057 2527 2160 2587 erster
2196 2525 2339 2585 Kantor
2369 2524 2507 2584 Groß
2549 2524 2600 2584 die
2629 2523 2953 2583 Trauergesänge.

2034 2575 2113 2635 Auf
2151 2575 2212 2635 dem
2262 2572 2452 2632 Friedhofe
2484 2571 2600 2631 hatten
2638 2570 2692 2630 sich
2724 2569 2834 2629 unter
2860 2569 2995 2629 andern
3039 2565 3118 2625 ein¬

1937 2624 2146 2684 gefunden:
2177 2621 2236 2681 für
2267 2620 2326 2680 das
2357 2617 2819 2677 Unterrichtsministerium
2862 2612 3114 2672 Ministerial¬

1936 2667 1999 2727 rat
2028 2666 2258 2726 Wisoko,
2294 2666 2356 2726 für
2403 2664 2460 2724 die
2513 2664 2881 2724 Generalintendanz
2928 2659 3117 2719 General¬

1940 2715 2140 2775 intendant
2170 2711 2552 2771 Schneiderhan
2594 2709 2664 2769 und
2700 2709 2835 2769 Hofrat
2865 2706 3123 2766 Karpath,

1937 2760 2001 2820 vom
2049 2760 2302 2820 Burgtheater
2332 2759 2520 2819 zahlreiche
2550 2757 2791 2817 Mitglieder,
2815 2754 2985 2814 darunter
3015 2752 3109 2812 Frau

1938 2808 2251 2868 Bleibtreu,
2276 2805 2373 2865 Frau
2412 2802 2724 2862 Pünkösdy,
2774 2799 2903 2859 Raoul
2934 2799 3124 2859 Aslan,

1938 2852 2069 2912 Maria
2100 2852 2309 2912 Mayer,
2335 2848 2623 2908 Devrient,
2665 2846 2960 2906 Reinhold,
3003 2843 3116 2903 Rei¬

2496 2895 2560 2955 vom
2661 2891 2903 2951 Josefstädter
2958 2888 3116 2948 Theater

1935 2900 2096 2960 mers,
2155 2900 2431 2960 Pranger;

1941 2945 2110 3005 Direktor
2136 2944 2242 3004 Emil
2267 2944 2456 3004 Geyer,
2501 2945 2695 3005 Regisseur
2752 2938 2858 2998 Paul
2903 2936 3128 2996 Kalbeck,

1945 2993 2076 3053 Gustav
2113 2993 2359 3053 Waldau,
2384 2990 2762 3050 Neugebauer;
2799 2987 2918 3047 ferner
2955 2984 3003 3044 die
3039 2983 3117 3043 ehe¬

1941 3041 2090 3101 maligen
2132 3038 2587 3098 Burgtheaterdirektoren
2629 3035 2859 3095 Paulsen
2900 3032 2969 3092 und
3005 3028 3119 3088 Her¬

1932 3089 2112 3149 terich,
2173 3086 2437 3146 Herausgeber
2511 3082 2794 3142 Chefredakteur
2867 3078 2945 3138 Dr.
3006 3076 3120 3136 Ernst

1936 3138 2202 3198 Benedikt
2274 3135 2352 3195 und
2430 3132 2657 3192 Gemahlin,
2723 3124 3112 3184 Magistratsdirektor

1942 3187 2020 3247 Dr.
2041 3188 2225 3248 Hartl,
2247 3186 2325 3246 Dr.
2353 3184 2471 3244 Franz
2505 3184 2664 3244 Horch,
2684 3183 2763 3243 Dr.
2784 3175 3121 3235 Preminger,

1941 3235 2036 3295 Frau
2075 3235 2209 3295 Hofrat
2235 3234 2381 3294 Oser,
2401 3231 2592 3291 Professor
2618 3229 2905 3289 Marburg,
2925 3223 3115 3283 Professor

1944 3283 2377 3343 Hammerschlag,
2397 3282 2503 3342 Paul
2531 3282 2910 3342 Weingarten,
2931 3273 3116 3333 Professor

1944 3337 2140 3397 Hupka,
2186 3334 2242 3394 die
2282 3330 2543 3390 Schriftsteller
2595 3327 2849 3387 Silvara,
2888 3323 3123 3383 Scheyer,

1946 3386 2049 3446 Emil
2077 3384 2242 3444 Lucka,
2270 3382 2353 3442 Dr.
2375 3383 2485 3443 Hugo
2527 3378 2740 3438 Glaser,
2775 3375 2878 3435 Felix
2921 3372 3127 3432 Braun,

1946 3435 2085 3495 Robert
2137 3432 2429 3492 Neumann,
2468 3427 2551 3487 Dr.
2597 3423 2704 3483 Paul
2750 3422 3125 3482 Wertheimer,

1946 3482 2060 3542 Grete
2088 3484 2121 3544 v.
2142 3479 2466 3539 Urbanitzky,
2487 3476 2588 3536 Alice
2609 3472 2906 3532 Schmutzer,
2928 3467 3122 3527 Auern¬

1946 3533 2159 3593 heimer,
2220 3532 2271 3592 H.
2324 3529 2375 3589 E.
2435 3524 2629 3584 Jakob,
2690 3521 2806 3581 Oskar
2872 3517 3125 3577 Maurus,

1952 3584 2216 3644 Fontana,
2255 3576 2462 3636 Sonka,
2520 3574 2585 3634 der
2643 3570 2869 3630 Komponist
2917 3565 3115 3625 Professor

1944 3629 2169 3689 Welles.

2044 3674 2116 3734 Die
2138 3669 2342 3729 Gemeinde
2364 3664 2465 3724 Wien
2494 3664 2574 3724 war
2597 3664 2705 3724 durch
2728 3661 2908 3721 Stadtrat
2931 3659 3119 3719 Professor

1950 3722 2022 3782 Dr.
2042 3721 2280 3781 Tandler
2323 3715 2531 3775 vertreten,
2574 3712 2623 3772 die
2654 3710 2855 3770 Concordia
2887 3708 2984 3768 durch
3015 3704 3106 3764 ihren

1952 3768 2189 3828 Präsidenten
2222 3762 2471 3822 Lipschütz
2516 3761 2584 3821 und
2629 3759 2947 3819 Vizepräsidenten
2979 3753 3116 3813 Doktor

1952 3819 2277 3879 Reichmann.
2296 3812 2373 3872 Das
2398 3811 2500 3871 Grab
2525 3808 2579 3868 des
2603 3808 2772 3868 Dichters
2797 3806 2832 3866 ist
2857 3805 2965 3865 genau
2996 3803 3122 3863 gegen¬

1957 3868 2042 3928 über
2067 3867 2121 3927 der
2145 3861 2499 3921 Zeremonienhalle.
2515 3859 2562 3919 Um
2602 3857 2664 3917 ¼1
2696 3856 2767 3916 Uhr
2791 3856 2861 3916 war
2885 3856 2931 3916 die
2956 3854 3120 3914 Trauer¬

1951 3917 2037 3977 feier
2072 3912 2232 3972 beendet.
