3344 4256
269 94 488 154 Geburkstag,
513 94 559 154 der
592 94 622 154 am
662 93 716 153 10.
741 92 811 152 Deat
843 91 968 151 geferert
993 91 1111 151 worden
1159 90 1213 150 ech
1324 87 1425 147 daen
1497 87 1512 147 m
1599 87 1653 147 ven
1693 86 1740 146 en
1843 88 1873 148 n

262 137 366 197 wäre,
384 136 506 196 radikal
529 136 692 196 entzogen.
715 136 809 196 Einem
855 136 986 196 einzigen
1018 135 1113 195 neuen
1154 133 1253 193 ersten
1285 132 1434 192 Novellen
1471 130 1638 190 entwickelt
1666 130 1815 190 worden,
1856 130 1887 190 er
1915 130 1950 190 ist
1978 130 2005 190 in

1158 174 1256 234 seinem
1322 172 1556 232 meisterhaften
1585 171 1810 231 Periodenbau
1867 171 1914 231 bis
1947 171 1998 231 zum

258 179 435 239 Besucher,
475 180 529 240 dem
598 180 682 240 Tod,
727 177 781 237 hat
811 177 839 237 er
869 177 919 237 die
949 177 1047 237 streng
1077 177 1125 237 ge¬

1154 219 1337 279 allerletzten
1371 216 1477 276 Werke
1511 217 1732 277 unverändert
1757 216 1935 276 geblieben.

260 222 436 282 schlossenen
473 222 556 282 Tore
588 222 640 282 der
671 222 754 282 Villa
791 221 817 281 in
848 219 1010 279 Döbling,
1036 219 1124 279 durch

260 264 304 324 die
334 265 413 325 über
443 267 511 327 zehn
552 267 660 327 Jahre
685 265 759 325 lang
814 264 878 324 kein
913 264 1124 324 ungeladener

263 306 335 366 Gast
356 306 533 366 gekommen
570 309 616 369 ist,
637 307 788 367 geöffnet,
809 308 840 368 er
867 306 954 366 dessen
991 306 1126 366 Lebens¬

254 349 338 409 werk
362 350 479 410 immer
503 350 531 410 in
565 350 616 410 der
645 350 828 410 Erzählung
857 348 908 408 von
942 347 1031 407 Liebe
1064 347 1120 407 und

1296 371 1389 431 Die
1431 371 1881 431 Todesnachricht.

264 392 393 452 Sterben
428 395 620 455 geschwankt
645 394 712 454 hat,
737 395 770 455 ist
795 393 905 453 gestern
939 392 1007 452 nach
1041 392 1127 452 einer

1236 435 1297 495 Dr.
1318 437 1425 497 Artur
1452 437 1626 497 Schnitzler
1652 434 1739 494 hatte
1765 434 1790 494 in
1827 434 1878 494 den
1909 433 2006 493 letzten

263 437 530 497 Gehirnblutung
588 437 641 497 den
684 436 957 496 schmerzlosesten,
1010 434 1110 494 darum

1165 479 1284 539 Jahren
1337 479 1414 539 über
1463 479 1673 539 verschiedene
1707 476 1928 536 Beschwerden
1971 478 2019 538 ge¬

267 479 410 539 schönsten
447 479 544 539 letzten
586 479 657 539 Weg
689 480 863 540 gegangen,
890 479 941 539 den
977 476 1007 536 er
1039 476 1126 536 selbst

266 524 342 584 sooft
366 524 395 584 in
429 524 576 584 Novellen
615 522 671 582 und
701 521 863 581 Dramen,
902 521 953 581 den
1011 519 1039 579 er
1088 519 1116 579 in
1160 522 1259 582 klagt,
1298 521 1364 581 war
1398 521 1469 581 aber
1513 521 1656 581 niemals
1700 521 1794 581 krank
1824 521 1852 581 im
1905 520 2019 580 eigent¬

2131 553 2179 613 Am
2232 553 2477 613 Krankenlager
2516 551 2621 611 weilte
2660 552 2718 612 sein
2762 553 2891 613 Bruder

261 564 357 624 seinen
421 565 681 625 Meisterwerken
739 565 908 625 geträumt
962 562 1020 622 und
1083 562 1125 622 ge¬

1154 565 1249 625 lichen
1322 565 1451 625 Sinne.
1509 565 1614 625 Noch
1682 565 1734 625 am
1816 566 2008 626 vorigen

1150 610 1397 670 Sonntag,
1433 607 1469 667 am
1521 607 1577 667 18.
1603 608 1654 668 d.,
1691 608 1788 668 sprach
1835 606 1886 666 ihn
1928 605 2015 665 einer
2047 598 2170 658 Hofrat
2196 600 2262 660 Dr.
2284 598 2407 658 Julius
2438 595 2685 655 Schnitzler
2737 598 2793 658 und
2851 598 2896 658 die

262 610 413 670 schrieben
448 610 520 670 hat.

1159 650 1266 710 unsrer
1303 650 1514 710 Mitarbeiter
1561 649 1586 709 im
1638 651 1928 711 Akademietheater
1969 647 2015 707 bei
2042 641 2176 701 übrigen
2212 642 2237 702 in
2269 641 2356 701 Wien
2393 640 2557 700 weilenden
2594 640 2810 700 Angehörigen
2842 640 2893 700 des

353 678 399 738 Im
446 679 662 739 Mittelpunkt
684 677 729 737 des
761 676 926 736 Ruhmes,
947 676 1029 736 durch
1061 675 1127 735 vier

1157 694 1206 754 der
1237 694 1442 754 Aufführung
1478 696 1533 756 von
1568 695 1749 755 „Leutnant
1779 694 1954 754 Komma“,
1980 692 2005 752 zu
2046 685 2216 745 Dichters.
2267 685 2332 745 Die
2367 684 2603 744 amtsärztliche
2639 682 2884 742 Leichenbeschau

270 723 466 783 Jahrzehnte
519 722 590 782 lang
643 721 886 781 Repräsentant
933 721 984 781 des
1037 718 1129 778 öster¬

2046 729 2146 789 wurde
2179 730 2298 790 gestern
2340 728 2455 788 abends
2492 727 2768 787 vorgenommen.
2796 725 2897 785 Ueber

1153 735 1202 795 der
1233 735 1401 795 Schnitzler
1431 738 1584 798 gegangen
1620 738 1704 798 war,
1724 738 1853 798 obwohl
1878 736 1907 796 er
1938 735 2016 795 sonst

264 765 434 825 reichischen
481 763 816 823 Schriftstellertums,
848 762 873 822 in
920 762 971 822 der
1008 764 1121 824 ganzen

2050 773 2099 833 die
2154 771 2478 831 Leichenfeier
2533 770 2601 830 sind
2661 769 2729 829 noch
2813 768 2897 828 keine

1158 780 1208 840 das
1245 780 1394 840 Theater,
1422 780 1477 840 vor
1514 780 1586 840 allem
1642 780 1673 840 am
1724 780 1897 840 Sonntag,
1925 777 2020 837 mied.

261 807 351 867 Welt
397 807 457 867 mit
503 807 593 867 Wien
650 806 781 866 zugleich
832 805 978 865 genannt
1004 803 1013 863 —
1074 802 1124 862 das

2051 816 2283 876 Dispositionen
2319 813 2496 873 getroffen.
2517 813 2582 873 Der
2613 813 2699 873 Sohn
2735 813 2901 873 Heinrich,

1161 822 1203 882 Er
1233 822 1294 882 war
1323 822 1347 882 in
1381 822 1567 882 Begleitung
1601 822 1687 882 einer
1716 822 1817 882 Dame
1846 822 1908 882 und
1937 819 2018 879 hatte

265 849 387 909 Wien
420 849 702 909 Schnitzlers
756 849 841 909 sagte
895 848 964 908 man

2051 856 2103 916 der
2128 858 2175 918 als
2204 858 2425 918 Schauspieler
2454 857 2477 917 in
2512 856 2622 916 Berlin
2651 855 2718 915 lebt
2752 855 2814 915 und
2848 855 2900 915 vor

1154 864 1206 924 die
1250 865 1422 925 vordersten
1475 865 1575 925 beiden
1629 864 1777 924 Eckplätze
1821 864 1873 924 der
1922 861 2012 921 ersten

261 894 351 954 einer
377 893 432 953 der
458 893 573 953 ersten,
599 894 644 954 die
670 892 715 952 sich
751 891 831 951 nicht
857 891 988 951 gescheut
1019 891 1134 951 haben,

1164 909 1278 969 Reihe,
1299 909 1348 969 die
1379 909 1409 969 er
1439 909 1590 969 während
1621 909 1675 969 der
1701 909 1901 969 Vorstellung
1937 905 2017 965 nicht
2053 903 2158 963 kurzer
2188 903 2263 963 Zeit
2309 901 2339 961 in
2395 900 2484 960 Wien
2540 900 2610 960 eine
2656 900 2896 960 Inszenierung

264 933 310 993 die
341 937 454 997 Poesie
486 936 599 996 unsrer
631 935 728 995 Stadt
760 935 976 995 einzuflechten
1018 935 1043 995 in
1080 933 1126 993 ihr

2051 947 2169 1007 leitete,
2195 944 2298 1004 dürfte
2329 944 2355 1004 im
2402 944 2499 1004 Laufe
2531 944 2582 1004 des
2613 944 2752 1004 heutigen
2794 944 2891 1004 Tages

1153 952 1297 1012 verließ.
1334 951 1380 1011 In
1417 950 1467 1010 der
1505 951 1607 1011 Pause
1649 950 1804 1010 besuchten
1857 950 1902 1010 ihn
1950 949 2021 1009 dort

256 980 370 1040 Werk,
415 980 567 1040 weigerte
622 977 654 1037 er
709 977 779 1037 sich,
829 977 1030 1037 mißtrauisch
1069 977 1128 1037 und

2053 989 2082 1049 in
2119 989 2205 1049 Wien
2246 988 2439 1048 eintreffen.

1701 995 1999 1055 Generalintendan

1164 995 1420 1055 Bürgermeister

1512 994 1614 1054 Seitz,

266 1022 502 1082 menschenscheu
563 1022 749 1082 geworden,
814 1022 863 1082 er,
928 1022 982 1082 der
1031 1022 1129 1082 große

1160 1038 1393 1098 Schneiderhan
1445 1037 1505 1097 und
1548 1037 1599 1097 der
1646 1037 1888 1097 Chefredakteur
1936 1036 2019 1096 einer

260 1067 551 1127 Menschenkenner
611 1066 669 1126 und
725 1064 936 1124 Seelenarzt,
981 1067 1010 1127 in
1070 1063 1133 1123 Be¬

2074 1073 2393 1133 Lebenslauf
2428 1073 2517 1133 und
2566 1072 2871 1132 Ehrungen.

1166 1082 1291 1142 Wiener
1332 1082 1492 1142 Zeitung.
1533 1082 1578 1142 Zu
1630 1081 1745 1141 unserm
1806 1082 2017 1142 Mitarbeiter

264 1110 412 1170 rührung
439 1109 465 1169 zu
498 1109 595 1169 treten
622 1109 686 1169 mit
700 1109 810 1169 jenen,
830 1109 875 1169 die
895 1108 940 1168 er,
960 1107 1018 1167 wie
1038 1106 1070 1166 er
1090 1109 1122 1169 in
1163 1124 1299 1184 äußerte
1326 1124 1377 1184 sich
1410 1124 1514 1184 später
1540 1123 1650 1183 Artur
1677 1125 1865 1185 Schnitzler,
1905 1123 1950 1183 als
1983 1123 2015 1183 er

2286 1136 2453 1196 siebzigsten
2523 1134 2724 1194 Geburtstag
2794 1135 2898 1195 Artur

2135 1138 2208 1198 Zum

268 1153 368 1213 seinem
419 1153 727 1213 Aphorismenwerk
763 1151 863 1211 „Buch
899 1150 954 1210 der
984 1149 1130 1209 Sprüche

1166 1168 1205 1228 sich
1246 1168 1331 1228 selbst
1372 1166 1402 1226 in
1438 1166 1488 1226 der
1524 1168 1710 1228 Garderobe
1751 1168 1852 1228 seinen
1893 1168 2023 1228 Mantel

2046 1180 2232 1240 Schnitzlers
2282 1179 2365 1239 hatte
2409 1178 2453 1238 ein
2488 1177 2733 1237 Freundeskreis
2773 1177 2900 1237 Wiener

261 1195 328 1255 und
354 1195 541 1255 Gedenken“
572 1195 779 1255 geschrieben,
807 1195 884 1255 nicht
910 1195 1040 1255 gehaßt,
1061 1192 1133 1252 aber

1166 1213 1264 1273 holte,
1290 1210 1590 1270 folgendermaßen:

2051 1222 2262 1282 Bibliophilen
2293 1222 2322 1282 im
2363 1221 2630 1281 Einverständnis
2661 1219 2716 1279 mit
2746 1220 2791 1280 ihm
2837 1219 2897 1279 und

264 1241 338 1301 allzu
373 1240 433 1300 gut
453 1238 636 1298 verstanden
671 1240 740 1300 hat.
761 1237 805 1297 Es
835 1238 949 1298 mochte
974 1238 1004 1298 zu
1034 1237 1137 1297 seiner

1251 1273 1629 1333 „Augenblicklich
1663 1273 1843 1333 arbeite
1866 1274 1911 1334 ich
1940 1270 2018 1330 gar
2053 1264 2114 1324 mit
2154 1265 2255 1325 seiner
2290 1264 2374 1324 Hilfe
2419 1261 2486 1321 eine
2532 1261 2904 1321 Bibliographie

1002 1279 1135 1339 schwere

776 1282 936 1342 manches

271 1282 603 1342 Zurückgezogenheit

2064 1306 2202 1366 einer
2234 1306 2492 1366 sämtlichen
2529 1304 2677 1364 Werke
2705 1304 2910 1364 vorbereitet.

265 1326 423 1386 familiäre
450 1326 666 1386 Mißgeschick,
683 1326 735 1386 das
767 1326 809 1386 ihn
847 1326 888 1386 bis
915 1325 941 1385 in
974 1324 1021 1384 die
1043 1322 1127 1382 letzte
1159 1316 1323 1376 nichts,
1345 1314 1560 1374 erwarte,
1582 1317 1671 1377 was
1699 1317 1788 1377 man
1821 1316 1931 1376 über
1958 1312 2021 1372 die

1173 1359 1333 1419 „Flucht
1369 1360 1408 1420 in
1455 1359 1524 1419 die
1565 1360 1852 1420 Finsternis'
1883 1359 2014 1419 sagen
2050 1350 2095 1410 Es
2124 1350 2251 1410 handelt
2275 1350 2320 1410 sich
2350 1347 2435 1407 dabei
2459 1348 2539 1408 nicht
2564 1347 2620 1407 nur
2644 1347 2684 1407 um
2725 1347 2816 1407 alles,
2834 1345 2897 1405 was

259 1373 339 1433 Zeit
361 1370 514 1430 verfolgte
541 1370 552 1430 —
611 1370 674 1430 eine
702 1371 829 1431 Tochter
857 1368 1063 1428 Schmitzlers,
1085 1368 1133 1428 die

2052 1392 2076 1452 in
2112 1392 2157 1452 der
2183 1392 2459 1452 Gesamtausgabe
2490 1389 2535 1449 bei
2556 1388 2601 1448 S.
2621 1386 2737 1446 Fischer
2763 1389 2787 1449 in
2823 1389 2898 1449 neun

1159 1404 1274 1464 wird
1320 1401 1405 1461 und
1451 1401 1521 1461 bin
1573 1404 1693 1464 schon
1739 1404 1839 1464 jetzt
1885 1402 2026 1462 müde,

267 1416 301 1476 an
336 1416 419 1476 einen
444 1414 655 1474 italienischen
685 1415 817 1475 Offizier
842 1413 1033 1473 verheiratet
1053 1410 1136 1470 war,

2052 1434 2175 1494 Bänden
2215 1435 2382 1495 erschienen
2418 1434 2466 1494 ist,
2496 1431 2629 1491 sondern
2664 1431 2733 1491 auch
2773 1431 2812 1491 um
2862 1431 2905 1491 die

1160 1446 1392 1506 anläßlich
1465 1446 1542 1506 des
1610 1449 1881 1509 siebzigsten
1949 1442 2026 1502 Ge¬

272 1457 321 1517 hat
352 1458 407 1518 vor
428 1459 544 1519 einigen
569 1458 695 1518 Jahren
731 1455 756 1515 in
787 1455 923 1515 Venedig
954 1455 1003 1515 ihr
1034 1455 1124 1515 Leben

2053 1479 2280 1539 Hinzufügung
2332 1476 2409 1536 aller
2456 1476 2584 1536 nachher
2637 1476 2900 1536 veröffentlichten

1163 1491 1468 1551 burtstages,
1483 1490 1561 1550 von
1591 1490 1665 1550 dem
1704 1491 1797 1551 man
1827 1491 1911 1551 mir
1931 1488 1999 1548 vie

275 1500 432 1560 freiwillig
462 1500 595 1560 geendet
620 1497 634 1557 —
689 1500 880 1560 Legetragen
921 1497 1033 1557 haben,
1058 1497 1126 1557 auch

2056 1517 2171 1577 Werke.
2211 1520 2315 1580 Darin
2349 1518 2448 1578 findet
2471 1517 2514 1577 sich
2543 1517 2608 1577 auch
2637 1517 2680 1577 die
2709 1517 2902 1577 Anführung

270 1544 321 1604 der
351 1541 529 1601 schwächere
558 1541 668 1601 Erfolg
697 1541 795 1601 seiner
824 1543 917 1603 letzten
969 1541 1136 1601 Dramen.
1165 1538 1211 1598 zu
1247 1532 1344 1592 viel
1374 1532 1569 1592 spricht.“

2209 1562 2262 1622 der
2342 1560 2654 1620 ungezahlten
2739 1559 2908 1619 Ueber¬

1257 1583 1379 1643 Allseits
1404 1583 1459 1643 fiel
1484 1583 1539 1643 das
1564 1586 1705 1646 überaus
1730 1586 1914 1646 ungünstige
1939 1573 2129 1633 Aus¬aner

269 1587 333 1647 und
361 1589 501 1649 ethischen
534 1587 755 1647 Erzählungen
789 1586 842 1646 hat
864 1586 912 1646 ihn
946 1586 1124 1646 verstimmt

2057 1607 2305 1667 setzungen,
2326 1605 2419 1665 unter
2446 1602 2492 1662 den
2524 1604 2679 1664 Sprachen
2710 1601 2814 1661 findet
2840 1601 2907 1661 man

1164 1631 1251 1691 sehen
1287 1628 1338 1688 des
1370 1628 1513 1688 Dichters
1560 1630 1632 1690 auf,
1668 1628 1719 1688 der
1761 1631 1848 1691 blaß,
1885 1628 1946 1688 mit
1977 1629 2023 1689 ge¬

2667 1646 2915 1706 Portugiesisch,

2056 1649 2347 1709 Bulgarisch,
2437 1649 2584 1709 Lettisch,

359 1653 407 1713 So
440 1654 676 1714 grundlegend,
704 1653 730 1713 so
763 1652 962 1712 bezeichnend
995 1652 1048 1712 für
1087 1652 1129 1712 die

1164 1673 1288 1733 quälten
1332 1673 1466 1733 Furchen
1505 1673 1531 1733 im
1580 1674 1715 1734 Gesicht,
1753 1674 1866 1734 dasaß.
1899 1672 2007 1732 Nichts

2061 1691 2322 1751 Japanisch.

273 1700 607 1760 Gesellschaftsmoral
630 1697 714 1757 gegen
749 1697 833 1757 Ende
857 1697 907 1757 des
936 1697 986 1757 19.
1010 1697 1071 1757 und
1100 1697 1128 1757 zu

1165 1714 1386 1774 destoweniger
1449 1714 1536 1774 hätte
1584 1714 1656 1774 man
1714 1714 1796 1774 nicht
1859 1714 2022 1774 vermuten

2134 1739 2201 1799 Die
2270 1738 2368 1798 ersten
2436 1738 2671 1798 medizinischen
2740 1738 2900 1798 Schriften

272 1744 393 1804 Beginn
431 1741 483 1801 des
536 1742 594 1802 20.
615 1738 863 1798 Jahrhunderts
917 1741 995 1801 seine
1028 1738 1133 1798 Werke

1169 1759 1304 1819 können,
1325 1759 1380 1819 daß
1411 1759 1476 1819 drei
1502 1760 1587 1820 Tage
1618 1761 1718 1821 später
1745 1759 1789 1819 die
1820 1759 2021 1819 Kulturwelt

2050 1783 2254 1843 Schnitzlers,
2277 1783 2330 1843 der
2358 1783 2395 1843 am
2439 1783 2498 1843 15.
2520 1783 2595 1843 Mai
2623 1780 2698 1840 1862
2731 1780 2779 1840 als
2807 1781 2898 1841 Sohn

272 1786 396 1846 waren,
423 1784 448 1844 so
479 1783 542 1843 fein
578 1785 624 1845 die
657 1783 1015 1843 Seelenstimmungen,
1042 1783 1134 1843 dieses

1169 1802 1213 1862 die
1239 1802 1420 1862 Dichtkunst
1446 1801 1511 1861 und
1537 1802 1728 1862 Oesterreich
1759 1804 1845 1864 einen
1881 1803 2016 1863 unersetz

2053 1825 2137 1885 eines
2164 1826 2291 1886 Wiener
2318 1825 2571 1885 Laryngologen,
2588 1823 2746 1883 Professor
2773 1824 2899 1884 Johann

272 1831 545 1891 Ungesprochene,
566 1829 710 1889 Lautlose
731 1828 792 1888 aus
839 1828 870 1888 em
912 1828 1014 1888 weiten
1051 1828 1128 1888 Land

1164 1849 1261 1909 baren
1293 1849 1426 1909 Verlust
1453 1846 1591 1906 beklagen
1633 1849 1782 1909 würden.

2052 1870 2242 1930 Schnitzler,
2259 1870 2387 1930 geboren
2419 1869 2527 1929 wurde
2554 1867 2610 1927 und
2636 1867 2724 1927 selbst
2745 1867 2905 1927 jahrelang

272 1875 317 1935 der
348 1876 453 1936 Seele,
474 1873 529 1933 von
560 1873 611 1933 den
642 1871 799 1931 einsamen
830 1873 961 1933 Wegen,
982 1870 1027 1930 die
1053 1870 1133 1930 jeder

2045 1911 2102 1971 als
2154 1911 2404 1971 Sekundärarzt
2456 1910 2487 1970 im
2560 1908 2815 1968 Krankenhaus,
2868 1908 2914 1968 als

273 1919 396 1979 Mensch
430 1917 522 1977 gehen
560 1917 651 1977 muß,
679 1916 733 1976 aus
766 1914 820 1974 den
853 1914 1129 1974 Zwischenspielen

1404 1918 1465 1978 Die
1493 1923 1587 1983 letzten
1616 1923 1788 1983 Stunden.

2051 1953 2197 2013 Assistent
2224 1953 2279 2013 der
2312 1953 2485 2013 Poliklinik
2518 1952 2577 2012 und
2615 1950 2794 2010 praktischer
2827 1950 2907 2010 Arzt

272 1964 356 2024 jeder
378 1962 463 2022 Ehe,
479 1961 505 2021 so
532 1961 595 2021 sehr
617 1962 696 2022 sagte
723 1959 792 2019 man
819 1961 866 2021 ihm
909 1959 1025 2019 später,
1042 1957 1131 2017 wenn

1252 1977 1378 2037 Gestern
1419 1978 1595 2038 vormittag
1657 1980 1844 2040 unternahm
1916 1977 2021 2037 Artur

2051 1998 2172 2058 wirkte,
2194 1995 2257 2055 sind
2289 1995 2489 2055 verzeichnet.
2532 1994 2627 2054 Diese
2659 1995 2901 2055 Bibliographie

277 2006 345 2066 man
377 2006 403 2066 es
435 2006 482 2066 ihm
525 2004 593 2064 auch
625 2001 846 2061 rücksichtsvoll
867 2004 961 2064 sagte,
983 2004 1030 2064 daß
1062 2001 1114 2061 vom

1168 2022 1339 2082 Schnitzler
1389 2022 1477 2082 einen
1531 2025 1757 2085 Spaziergang
1806 2022 1865 2082 von
1919 2022 2021 2082 seiner

2051 2039 2159 2099 bringt
2187 2040 2241 2100 zum
2285 2040 2425 2100 Beispiel
2453 2040 2518 2100 auch
2551 2037 2909 2097 amerikanische

272 2050 372 2110 letzten
398 2050 619 2110 dramatischen
650 2048 878 2108 Meisterwerk,
893 2046 938 2106 der
964 2046 1135 2106 „Komödie

1169 2070 1349 2130 Döblinger
1381 2067 1464 2127 Villa
1495 2067 1525 2127 in
1558 2067 1609 2127 der
1640 2067 1956 2127 Sternwartestraße
1988 2068 2023 2128 71

2055 2082 2369 2142 Schulbücher,
2432 2080 2477 2140 die
2525 2081 2648 2141 Szenen
2727 2082 2788 2142 aus
2840 2079 2891 2139 dem

277 2093 326 2153 der
352 2093 503 2153 Worte“,
524 2092 584 2152 vom
630 2092 726 2152 letzten
757 2090 888 2150 epischen
924 2091 1140 2151 Meisterwerl

1172 2111 1250 2171 aus.
1300 2111 1343 2171 Um
1412 2109 1446 2169 11
1482 2110 1550 2170 Uhr
1584 2111 1633 2171 kam
1682 2111 1711 2171 er
1747 2113 1810 2173 heim
1859 2111 1923 2171 und
1957 2108 2025 2168 eine

2055 2123 2190 2183 „Weiten
2246 2122 2352 2182 Land“
2398 2120 2463 2180 mit
2504 2120 2594 2180 einer
2636 2120 2776 2180 Karte
2827 2120 2902 2180 von

272 2138 485 2198 „Casanovas
517 2136 740 2196 Heimfahrt",
768 2135 799 2195 an
831 2135 863 2195 er
917 2135 1002 2195 nicht
1050 2135 1140 2195 mehr

1167 2155 1407 2215 Viertelstunde
1434 2156 1538 2216 später
1565 2156 1635 2216 fand
1669 2156 1720 2216 die
1748 2156 1929 2216 Sekretärin
1963 2156 2014 2216 den
2048 2166 2191 2226 Tirol
2218 2168 2374 2228 enthalten
2401 2165 2413 2225 —
2466 2165 2524 2225 mit
2544 2165 2589 2225 ein
2616 2165 2739 2225 Beweis
2766 2165 2818 2225 für
2845 2163 2915 2223 das,

273 2186 366 2246 einer
388 2186 442 2246 von
476 2186 585 2246 unsrer
613 2183 684 2243 Zeit
706 2183 755 2243 sei.

1168 2201 1296 2261 Mann,
1316 2201 1370 2261 der
1395 2198 1533 2258 niemals
1568 2200 1647 2260 ohne
1672 2199 1789 2259 Arbeit
1815 2201 1869 2261 sein
1904 2199 2016 2259 konnte

2055 2211 2118 2271 was
2156 2210 2347 2270 Schnitzler,
2374 2208 2416 2268 ein
2454 2207 2571 2267 Herild
2609 2207 2837 2267 Oesterreichs,
2864 2207 2917 2267 für

1171 2245 1199 2305 in
1238 2243 1339 2303 seinem
1387 2245 1728 2305 bücherumstandenen
1767 2243 2026 2303 Diktierzimmer

363 2252 449 2312 Aber
487 2252 730 2312 unverlöschlich
780 2249 839 2309 und
872 2249 1131 2309 unnachahmlich

2054 2252 2108 2312 das
2143 2252 2355 2312 Verständnis
2400 2252 2439 2312 um
2489 2251 2553 2311 uns
2592 2250 2681 2310 getan
2721 2249 2774 2309 hat
2805 2246 2814 2306 —
2874 2247 2913 2307 sie

1166 2289 1440 2349 bewußtlos
1477 2288 1550 2348 auf.
1576 2288 1658 2348 Man
1701 2287 1825 2347 brachte
1856 2287 2027 2347 Schnitzler

2055 2296 2167 2356 bringt
2209 2296 2280 2356 eine
2317 2295 2342 2355 in
2384 2293 2430 2353 die
2466 2293 2626 2353 Hunderte
2662 2291 2795 2351 gehende
2832 2290 2914 2350 Auf¬

279 2291 338 2351 sind
374 2296 419 2356 die
445 2296 545 2356 Taten
581 2294 631 2354 des
662 2293 797 2353 Anatol,
823 2294 873 2354 des
904 2293 1125 2353 „Medardus"

1174 2335 1274 2395 sofort
1298 2332 1327 2392 zu
1363 2330 1457 2390 Bett,
1481 2332 1545 2392 doch
1581 2332 1634 2392 hat
1664 2332 1699 2392 er
1729 2332 1782 2392 das
1812 2331 2018 2391 Bewußtsein
2054 2336 2195 2396 zählung
2237 2338 2313 2398 aller
2349 2336 2520 2396 Novellen,
2550 2335 2667 2395 großen
2704 2335 2762 2395 und
2798 2332 2909 2392 kleinen

278 2340 327 2400 des
378 2338 565 2398 „Professer
610 2336 836 2396 Bernhardi“,
870 2335 968 2395 dieses
1013 2337 1129 2397 großen

1173 2377 1257 2437 nicht
1284 2376 1368 2436 mehr
1400 2376 1542 2436 erlangt,
1563 2377 1600 2437 ist
1627 2377 1673 2437 sich
1711 2377 1811 2437 seines
1843 2373 2017 2433 Zustandes
2054 2379 2180 2439 Werke,
2218 2380 2301 2440 ihrer
2340 2380 2513 2440 Auflagen,
2550 2377 2808 2437 Uebersetzungen
2851 2375 2908 2435 und

271 2383 542 2443 Aerztedramas.
583 2380 740 2440 Niemand
766 2380 879 2440 konnte
904 2379 963 2439 und
988 2380 1062 2440 kann
1092 2379 1135 2439 sich

1177 2420 1236 2480 also
1267 2419 1367 2479 keinen
1403 2419 1589 2479 Augenblick
1621 2421 1746 2481 bewußt
1777 2419 1958 2479 geworden.
1983 2417 2028 2477 Er

2059 2425 2250 2485 Ausgaben.
2271 2424 2373 2484 Neben
2408 2424 2555 2484 zahllosen
2590 2421 2707 2481 andren
2737 2419 2909 2479 Ehrungen

270 2427 325 2487 der
356 2427 606 2487 Erschütterung
663 2424 728 2484 beim
781 2424 866 2484 Lesen
924 2422 979 2482 der
1010 2422 1142 2482 Novelle

1175 2465 1229 2525 hat
1262 2464 1321 2524 also
1360 2464 1446 2524 nicht
1495 2464 1619 2524 gelitten
1685 2464 1815 2524 gehabt,
1865 2464 1918 2524 als
1973 2464 2010 2524 um

2062 2467 2098 2527 ist
2120 2467 2225 2527 Artur
2247 2467 2416 2527 Schnitzler
2443 2466 2596 2526 anläßlich
2628 2464 2675 2524 der
2702 2466 2919 2526 Siebzigjahr¬

279 2471 368 2531 „Die
390 2467 628 2527 Hirtenflöte",
644 2467 738 2527 dieses
765 2467 907 2527 zurtesten
940 2467 1050 2527 Spiels
1077 2466 1135 2526 von

2062 2509 2133 2569 feier
2165 2511 2216 2571 der
2248 2506 2552 2566 „Concordia“
2599 2509 2630 2569 zu
2667 2507 2754 2567 deren
2790 2504 2914 2564 Ehren¬

1184 2510 1235 2570 ¼7
1271 2508 1332 2568 Uhr
1364 2508 1476 2568 abends
1508 2509 1872 2569 Atemlahmung
1909 2509 2006 2569 eintra

277 2513 369 2573 Liebe
396 2514 457 2574 und
484 2511 633 2571 Untreue
654 2511 835 2571 entziehen,
872 2508 944 2568 oder
970 2509 1021 2569 des
1048 2508 1140 2568 groß¬

2050 2553 2202 2613 mitglied
2231 2553 2372 2613 ernannt
2396 2553 2542 2613 worden.

494 2557 701 2617 „Sterben",
760 2556 818 2616 das
914 2556 972 2616 von
1073 2553 1132 2613 der
1175 2554 1238 2614 und
1260 2553 1286 2613 in
1308 2553 1398 2613 deren
1430 2553 1557 2613 Gefolge
1579 2555 1631 2615 der
1653 2556 1732 2616 Tod.

282 2559 420 2619 artigen

2249 2665 2398 2725 Artur
2440 2666 2739 2726 Schnitzler,

2049 3911 2101 3971 der
2128 3912 2365 3972 österreichische
2386 3912 2530 3972 Dichter,
2551 3911 2583 3971 ist
2604 3908 2709 3968 gestern
2742 3902 2920 3962 gestorben.
