3436 4384
609 222 839 282 Unternehmen
865 224 914 284 für
939 228 1311 288 Zeitungs-Ausschnitte

661 285 799 345 WIEN,
819 288 862 348 I.,
888 288 1154 348 WOLLZEILE
1199 291 1236 351 11

728 338 944 398 TELEPHON
985 342 1165 402 R-23-0-43

534 464 761 524 Ausschnitt
786 470 851 530 aus

676 534 770 594 Mr.

530 685 662 745 vom:

848 703 868 763 2
902 703 922 763 2
956 703 1084 763 0KT.

410 1012 1058 1072 Schnitzler
1131 1008 1430 1068 wäre
1520 1010 1781 1070 auch
1889 1005 2027 1065 ein
2120 999 2540 1059 großer
2630 985 2891 1045 Arzt

1635 1185 1730 1245 Zu
1774 1181 1976 1241 seinem
2063 1174 2352 1234 Todestag
2406 1171 2469 1231 am
2545 1167 2640 1227 21.
2674 1160 2929 1220 Oktober

394 1184 987 1244 deworden

2149 1306 2389 1366 medizinischen
2432 1299 2576 1359 Königen
2625 1293 2805 1353 (Frerichs,
2836 1288 3010 1348 Virchow,

417 1324 526 1384 Wenn
567 1324 618 1384 die
665 1321 809 1381 deutsche
861 1317 1202 1377 Literaturgeschichte
1249 1315 1317 1375 wie
1352 1317 1381 1377 er
1410 1315 1653 1375 beabsichtigte,
1676 1315 1728 1375 die
1757 1312 1982 1372 hypnotischen
2017 1306 2103 1366 Ver¬

2143 1353 2349 1413 Fresenius,
2376 1350 2481 1410 Strü:
2503 1348 2577 1408 pel,
2598 1342 2778 1402 Waldcyer
2810 1339 2873 1399 und
2906 1336 3011 1396 merk¬

1252 1366 1337 1426 suche
1368 1363 1427 1423 und
1464 1363 1514 1423 die
1540 1360 1757 1420 altbewährte
1782 1360 1954 1420 Therapie
1980 1357 2105 1417 meines

334 1375 478 1435 ziemlich
518 1371 667 1431 künstlich
701 1369 751 1429 die
785 1368 890 1428 These
918 1369 1118 1429 konstruiert
1152 1366 1207 1426 hat

2150 1399 2426 1459 würdigerweise
2448 1393 2614 1453 Friedrich
2642 1390 2674 1450 v.
2697 1388 2907 1448 Bodenstedt)
2930 1384 3006 1444 vor¬

1252 1413 1378 1473 Vaters
1411 1411 1473 1471 mit
1495 1411 1552 1471 der
1580 1411 1632 1471 von
1669 1408 1716 1468 ihm
1764 1409 1790 1469 so
1822 1408 2107 1468 verständnisvoll

341 1421 507 1481 „Schiller
538 1419 594 1479 als
626 1417 750 1477 Arzt“,
792 1417 822 1477 so
860 1415 994 1475 braucht
1047 1414 1118 1474 man
1160 1414 1196 1474 be

2150 1453 2255 1513 tragen
2294 1449 2321 1509 zu
2361 1447 2477 1507 hören.
2500 1444 2549 1504 Er
2577 1441 2676 1501 sprach
2710 1438 2904 1498 entschieden
2938 1435 3004 1495 bes¬

1249 1460 1552 1520 aufgenommenen
1594 1458 1790 1518 Freudschen
1837 1456 2104 1516 Psychoanalyse

337 1469 468 1529 Arthur
502 1468 688 1528 Schnitzler
727 1465 813 1525 keine
852 1464 1039 1524 Künstelei,
1073 1465 1110 1525 um
1171 1464 1198 1524 zu

2148 1500 2215 1560 ser,
2238 1499 2288 1559 als
2323 1497 2361 1557 ich
2390 1497 2440 1557 ihn
2481 1492 2588 1552 später
2617 1489 2667 1549 als
2696 1487 2825 1547 Dichter
2854 1486 2994 1546 vorlesen

1252 1517 1287 1577 zu
1319 1509 1524 1569 vermählen,
1546 1509 1571 1569 so
1597 1506 1684 1566 wäre
1711 1506 1756 1566 ein
1783 1506 1880 1566 neuer
1907 1506 2014 1566 Glanz
2041 1503 2097 1563 von

343 1518 476 1578 fühlen,
499 1518 554 1578 daß
594 1518 621 1578 in
656 1515 744 1575 jedem
795 1513 895 1573 seiner
929 1512 1034 1572 Werke
1068 1512 1118 1572 der
1152 1512 1213 1572 tief

2147 1550 2259 1610 hörte,
2288 1545 2502 1605 rauschender
2531 1538 2666 1598 Beifall
2700 1536 2807 1596 lohnte
2836 1533 2908 1593 ihn,
2937 1533 2999 1593 und

1252 1560 1311 1620 der
1339 1557 1523 1617 Poliklinik
1551 1555 1811 1615 ausgegangen.
1833 1554 2012 1614 Schnitzler
2045 1551 2093 1611 kam

350 1567 528 1627 schürfende
561 1568 626 1628 und
665 1563 968 1623 verständnisvolle
1001 1560 1212 1620 Nervenarzt

2147 1597 2200 1657 die
2238 1593 2460 1653 Zelebritäten
2504 1587 2645 1647 machten
2689 1584 2742 1644 dem
2792 1581 3013 1641 hochbeglück¬

1254 1609 1317 1669 auf
1350 1608 1398 1668 die
1431 1605 1711 1665 karyngologische
1760 1604 1943 1664 Abteilung
2001 1600 2104 1660 seines

349 1618 483 1678 spricht.

2149 1649 2196 1709 ten
2234 1645 2339 1705 Vater
2366 1643 2424 1703 das
2456 1638 2705 1698 Kompliment,
2742 1633 2800 1693 daß
2833 1629 3007 1689 Schnitzler

1248 1683 1592 1743 Vaters=Direktors,
1610 1683 1682 1743 was
1719 1683 1767 1743 ihn
1828 1682 1936 1742 geistig
1991 1678 2099 1738 wenig

2154 1698 2268 1758 junior
2315 1692 2510 1752 entschieden
2568 1688 2636 1748 noch
2666 1685 2734 1745 viel
2781 1683 2872 1743 mehr
2896 1679 2999 1739 leisten

428 1700 498 1760 Zur
528 1698 677 1758 Medizin
714 1695 770 1755 kam
815 1693 849 1753 er
879 1692 942 1752 wie
979 1691 1114 1751 Schiller
1150 1689 1199 1749 ge¬

1245 1736 1460 1796 befriedigte,
1483 1731 1622 1791 obwohl
1650 1730 1698 1790 die
1731 1730 1909 1790 Abteilung
1947 1728 1979 1788 zu
2012 1725 2081 1785 eine

2154 1745 2265 1805 werde
2292 1741 2344 1801 als
2377 1738 2429 1798 der
2456 1737 2577 1797 Vater.

334 1748 524 1808 zwungen;
546 1746 576 1806 es
607 1745 680 1805 war
706 1743 767 1803 wie
794 1739 1118 1799 selbstverständlich,
1140 1738 1196 1798 daß

1250 1784 1584 1844 Schönheitsgalerie
1613 1779 1703 1839 jener
1761 1778 1879 1838 jungen
1942 1775 2100 1835 Mädchen

2252 1792 2369 1852 Leider
2392 1789 2516 1849 erlebte
2540 1784 2598 1844 der
2621 1784 2724 1844 Vater
2754 1781 2813 1841 nur
2843 1778 2886 1838 die
2917 1778 3005 1838 ersten

342 1796 399 1856 der
431 1794 659 1854 bildhübsche,
686 1793 854 1853 elegante,
902 1787 1098 1847 musikalisch
1141 1786 1198 1846 und

1250 1835 1379 1895 wurde,
1401 1832 1455 1892 die
1482 1829 1590 1889 wegen
1623 1828 1676 1888 des
1726 1826 1920 1886 Assistenten
1980 1823 2103 1883 herbei¬

2164 1843 2371 1903 schüchternen
2407 1838 2539 1898 Erfolge
2568 1834 2672 1894 seines
2702 1831 2828 1891 Sohnes
2863 1828 2920 1888 auf
2944 1826 3019 1886 lite¬

335 1846 520 1906 literarisch
553 1841 775 1901 hochbegabte
808 1838 903 1898 Sohn
941 1838 1030 1898 eines
1063 1835 1190 1895 Vaters

1253 1883 1402 1943 strömten
1430 1880 1490 1940 und
1518 1880 1601 1940 schon
1634 1878 1728 1938 „füß“
1762 1874 1888 1934 waren,
1905 1874 2043 1934 obwohl
2071 1874 2104 1934 sie

2170 1892 2318 1952 rarischem
2365 1886 2503 1946 Gebiet,
2527 1885 2590 1945 und
2620 1882 2682 1942 wir
2712 1880 2839 1940 mußten
2880 1877 2925 1937 ihn
2960 1873 3023 1933 im¬

340 1896 399 1956 der
426 1895 480 1955 den
518 1892 697 1952 Hochadel,
741 1890 795 1950 die
822 1890 1028 1950 Hochfinanz
1056 1886 1120 1946 und
1153 1883 1206 1943 die

1248 1931 1310 1991 erst
1339 1931 1446 1991 einige
1481 1928 1589 1988 Jahre
1624 1927 1731 1987 später
1761 1925 1817 1985 für
1852 1925 1971 1985 immer
2006 1920 2108 1980 dieses

2168 1943 2236 2003 mer
2263 1940 2326 2000 mit
2348 1939 2400 1999 den
2438 1935 2559 1995 Namen
2591 1930 2723 1990 Robert
2745 1927 2929 1987 Volkmann
2962 1925 3019 1985 und

335 1945 443 2005 Kunst
471 1944 502 2004 zu
546 1941 649 2001 seinen
687 1939 866 1999 Patienten
904 1938 1028 1998 zählte,
1072 1933 1207 1993 einmal

1247 1978 1425 2038 Epitheton
1498 1977 1591 2037 durch
1642 1975 1697 2035 den
1754 1972 1886 2032 Dichter
1954 1969 2098 2029 erhalten

2160 1991 2341 2051 Hoffmann
2376 1983 2687 2043 (Struwwelpeter)
2704 1978 2834 2038 trösten,
2857 1976 2908 2036 die
2925 1976 3021 2036 große

337 1993 439 2053 dessen
483 1991 613 2051 Praxis
652 1987 874 2047 übernehmen
940 1987 1070 2047 mußte,
1120 1981 1206 2041 nicht

1253 2029 1385 2089 sollten.
1413 2022 1424 2082 —
1480 2022 1535 2082 Da
1569 2023 1729 2083 erkrankte
1763 2020 1956 2080 Kronprinz
1990 2018 2106 2078 Fried¬

2166 2040 2282 2100 Aerzte
2306 2038 2367 2098 und
2395 2034 2529 2094 zugleich
2557 2030 2685 2090 Dichter
2708 2026 2836 2086 waren.
2859 2026 2898 2086 In
2927 2023 3020 2083 Wien

339 2041 488 2101 minder,
515 2041 571 2101 daß
607 2039 638 2099 er
670 2038 721 2098 die
753 2038 809 2098 vom
856 2035 1052 2095 Großvater
1078 2030 1207 2090 Doktor

1251 2077 1331 2137 rich.
1355 2077 1418 2137 und
1454 2074 1511 2134 sein
1546 2074 1645 2134 Arzt,
1686 2071 1743 2131 der
1773 2071 1928 2131 englische
1976 2067 2108 2127 Luryn¬

2165 2089 2316 2149 hinderte
2349 2086 2425 2146 aber
2452 2082 2511 2142 das
2545 2080 2728 2140 Vorurteil
2772 2076 2864 2136 gegen
2925 2074 3016 2134 einen

343 2089 569 2149 Markbreiter
603 2089 731 2149 ererbte
787 2086 948 2146 „Wiener
982 2082 1209 2142 medizinische

1253 2128 1374 2188 gologe
1403 2123 1602 2183 Mackenzie,
1625 2122 1719 2182 rückte
1747 2121 1769 2181 in
1803 2119 1858 2179 den
1897 2116 2119 2176 Mittelpunkt

2170 2137 2371 2197 Dichterarzt
2395 2134 2452 2194 sein
2482 2130 2690 2190 Aufkommen
2726 2127 2777 2187 als
2801 2125 2898 2185 Arzt.
2916 2122 3025 2182 Selbst

343 2140 479 2200 Presse“
536 2137 678 2197 (Verlag
718 2137 825 2197 Urban
888 2133 950 2193 und
985 2131 1205 2191 Schwarzen¬

1256 2175 1310 2235 des
1344 2172 1553 2232 allgemeinen
1587 2168 1797 2228 Interesses.
1841 2167 1907 2227 Der
1941 2163 2106 2223 weltkluge

2170 2188 2240 2248 eine
2265 2186 2293 2246 so
2318 2181 2483 2241 geistvolle
2514 2180 2596 2240 Frau
2632 2178 2691 2238 wie
2715 2176 2845 2236 Fürstin
2876 2169 3022 2229 Pauline

342 2190 460 2250 berg),
483 2188 536 2248 die
564 2187 649 2247 seine
682 2184 790 2244 beiden
828 2184 941 2244 Eltern
974 2182 1000 2242 in
1055 2181 1184 2241 gemein

1254 2222 1361 2282 Vater
1390 2221 1565 2281 Schnitzler
1594 2218 1713 2278 schickte
1742 2216 1843 2276 seinen
1878 2214 1974 2274 Sohn
2009 2212 2116 2272 sofort

2170 2235 2371 2295 Metternich
2401 2232 2551 2292 weigerte
2580 2227 2644 2287 sich,
2668 2226 2794 2286 Arthur
2818 2223 2869 2283 als
2893 2219 3032 2279 Vertre¬

350 2239 457 2299 samer
487 2237 610 2297 Arbeit
634 2236 662 2296 so
696 2235 769 2295 sehr
799 2234 826 2294 in
861 2233 911 2293 die
941 2232 1030 2292 Höhe
1065 2229 1212 2289 gebracht

1258 2279 1289 2339 zu
1326 2271 1504 2331 Mackenzie
1537 2268 1605 2328 nach
1637 2265 1795 2325 London.
1838 2264 1885 2324 Es
1922 2262 1990 2322 war
2023 2260 2106 2320 eines

2173 2286 2224 2346 ter
2253 2284 2356 2344 seines
2386 2280 2512 2340 Vaters
2547 2279 2575 2339 zu
2611 2275 2807 2335 empfangen
2842 2271 2905 2331 und
2934 2271 3026 2331 sagte

343 2289 481 2349 hatten,
509 2286 641 2346 einmal
692 2283 929 2343 weiterführen
985 2280 1095 2340 sollte.
1146 2277 1212 2337 Die

1259 2320 1313 2380 der
1347 2319 1601 2379 unglücklichsten
1641 2316 1751 2376 halben
1790 2314 1900 2374 Jahre
1934 2310 1961 2370 im
2012 2308 2111 2368 Leben

2177 2334 2257 2394 ihm,
2287 2333 2378 2393 wenn
2414 2329 2454 2389 sie
2489 2328 2558 2388 eine
2587 2325 2725 2385 Bluette
2761 2324 2812 2384 für
2841 2322 2916 2382 ihre
2946 2319 3031 2379 Soi¬

348 2337 469 2397 großen
510 2334 648 2394 Meister
695 2334 752 2394 der
788 2332 902 2392 dritten
961 2328 1203 2388 medizinischen

1260 2370 1390 2430 Arthur
1413 2367 1634 2427 Schnitzlers.
1652 2364 1697 2424 Es
1732 2364 1771 2424 ist
1795 2361 2033 2421 merkwürdig,
2057 2361 2113 2421 daf

2176 2385 2244 2445 reen
2278 2381 2430 2441 brauche,
2453 2375 2554 2435 werde
2583 2374 2622 2434 sie
2651 2373 2701 2433 ihn
2736 2372 2848 2432 holen.
2872 2370 2944 2430 Nur
2979 2367 3023 2427 die

348 2385 474 2445 Schule
502 2384 640 2444 konnten
679 2381 734 2441 den
790 2381 966 2441 Jüngling
1022 2378 1110 2438 nicht
1161 2377 1215 2437 ge¬

1259 2417 1374 2477 weder
1408 2415 1457 2475 der
1485 2416 1640 2476 mächtige
1674 2411 1834 2471 Eindruck
1862 2409 1917 2469 der
1951 2408 2122 2468 Weltstadt

2174 2431 2329 2491 hochgebi
2366 2428 2432 2488 ete,
2457 2425 2546 2485 selbst
2577 2423 2739 2483 dichtende
2794 2421 2907 2481 Chefin
2968 2417 3022 2477 des

348 2435 482 2495 nügend
516 2435 645 2495 packen,
667 2432 769 2492 dessen
803 2430 883 2490 Sinn
921 2429 991 2489 doch
1024 2426 1104 2486 schon
1143 2423 1212 2483 nach

1262 2468 1333 2528 noch
1373 2467 1427 2527 die
1461 2462 1727 2522 problematische
1766 2459 1882 2519 Natur
1916 2456 2115 2516 Mackenzies

2181 2480 2481 2540 Modewerthauses
2518 2474 2643 2534 Spitzer
2698 2471 2782 2531 blieb
2825 2469 2872 2529 ihm
2921 2466 3034 2526 jahre¬

350 2484 403 2544 dem
445 2483 546 2543 Leben
576 2482 640 2542 und
671 2483 754 2543 nicht
772 2483 801 2543 in
837 2480 891 2540 den
921 2480 1069 2540 Hörsaai
1093 2474 1205 2534 strebte

1257 2518 1377 2578 irgend
1413 2514 1499 2574 einen
1534 2510 1754 2570 Niederschlag
1790 2510 1818 2570 in
1853 2507 1951 2567 seinen
1986 2504 2113 2564 Werker

2175 2531 2252 2591 lang
2285 2529 2337 2589 als
2371 2525 2546 2585 Patientin
2586 2523 2651 2583 treu
2684 2520 2748 2580 und
2776 2520 2834 2580 ließ
2867 2520 2925 2580 von
2965 2519 3016 2579 ihm

352 2567 434 2627 Der
460 2564 560 2624 Herr
595 2561 788 2621 Alliltent
814 2560 888 2620 und
922 2558 1023 2618 leine
1065 2558 1207 2618 „lüßen

1263 2565 1429 2625 gefunden
1460 2561 1530 2621 hat.

2180 2582 2252 2642 auch
2273 2580 2339 2640 ihre
2367 2576 2566 2636 Midinettes
2594 2573 2793 2633 behandeln.

1344 2612 1411 2672 Die
1436 2610 1590 2670 Lehrzeit
1615 2607 1652 2667 an
1689 2605 1738 2665 der
1770 2604 1955 2664 Poliklinik
1986 2600 2121 2660 spiegelt

703 2616 854 2676 Mädel

2180 2659 2259 2719 Als
2280 2656 2399 2716 Vater
2431 2653 2501 2713 und
2533 2652 2622 2712 Arzt
2643 2650 2682 2710 am
2734 2646 2945 2706 Totenbeft
2966 2644 3025 2704 der

1257 2665 1422 2725 hingegen
1464 2659 1658 2719 bekanntlich
1694 2655 1752 2715 das
1789 2654 1983 2714 Schauspiel
2013 2651 2118 2711 „Pro¬

435 2688 488 2748 Da
527 2686 553 2746 es
592 2686 640 2746 bei
668 2683 776 2743 seiner
803 2683 1069 2743 Wesensanlage
1097 2679 1215 2739 natür¬

1260 2713 1360 2773 fessor
1392 2707 1593 2767 Bernhard“
1631 2704 1773 2764 wieder,
1800 2703 1826 2763 in
1869 2701 2001 2761 welchem
2055 2698 2117 2758 sein

2522 2707 2684 2767 Tochfer

350 2738 409 2798 lich
442 2735 534 2795 war,
562 2734 621 2794 daß
654 2731 789 2791 Arthur
817 2731 1001 2791 Schnitzler
1034 2728 1082 2788 als
1121 2728 1202 2788 ferti

1257 2760 1479 2820 idealisierter
1507 2756 1631 2816 Vater,
1654 2753 1702 2813 die
1730 2749 2120 2809 Abteilungsvorstände

2267 2770 2558 2830 Tragischerweise
2587 2764 2622 2824 ist
2652 2761 2822 2821 Schnitzler
2851 2758 2900 2818 als
2929 2756 3035 2816 Vater

359 2788 412 2848 ger
445 2785 574 2845 Doktor
613 2782 666 2842 sich
710 2782 775 2842 nur
813 2780 872 2840 zur
911 2777 1197 2837 Nervenheilkund

1653 2803 1762 2863 Hebra
1799 2802 1861 2862 und
1899 2800 1982 2860 mein
2019 2797 2123 2857 Vater

1269 2809 1403 2869 Monti,
1431 2806 1598 2866 Grünfeld

2187 2820 2254 2880 und
2285 2819 2370 2879 Arzt
2395 2816 2450 2876 zum
2500 2810 2683 2870 Totenbett
2733 2809 2836 2869 seiner
2886 2806 3032 2866 einzigen

356 2834 559 2894 hingezogen
598 2832 707 2892 fühlte
758 2829 823 2889 und
879 2826 933 2886 ihm
1000 2826 1055 2886 die
1105 2824 1220 2884 Klinil

1263 2856 1403 2916 deutlich
1436 2853 1614 2913 erkennbar
1647 2853 1727 2913 sind.
1755 2851 1825 2911 Das
1863 2848 2009 2908 Problem
2058 2846 2117 2906 und

2181 2868 2324 2928 Tochter
2350 2865 2518 2925 geflogen,
2544 2862 2606 2922 die,
2626 2859 2756 2919 nachdem
2801 2859 2838 2919 sie
2863 2854 3038 2914 freiwillig

358 2882 521 2942 Meynert
548 2880 611 2940 aus
643 2878 749 2938 vielen
787 2877 945 2937 Gründen
983 2874 1067 2934 nicht
1094 2875 1125 2935 zu
1163 2870 1210 2930 Ge

1266 2904 1449 2964 Ereignis,
1472 2903 1602 2963 welches
1635 2901 1688 2961 d:m
1733 2901 1835 2961 Stück
1857 2895 2134 2955 zugrundeliegt,

2188 2919 2251 2979 aus
2286 2916 2337 2976 dem
2384 2913 2481 2973 Leben
2516 2910 2648 2970 scheiden
2683 2907 2809 2967 wollte,
2850 2907 2895 2967 sich
2948 2902 3033 2962 dann

356 2929 428 2989 bote
456 2931 572 2991 stand,
596 2929 634 2989 ist
657 2927 690 2987 es
724 2926 751 2986 im
796 2925 968 2985 Interesse
1003 2922 1052 2982 der
1086 2922 1225 2982 Wissen¬

1266 2958 1309 3018 ist
1331 2955 1482 3015 erfunden
1537 2952 1596 3012 und
1634 2951 1704 3011 sand
1737 2949 1931 3009 keinesfalls
1964 2946 2018 3006 den
2051 2943 2126 3003 Bei¬

2188 2967 2287 3027 unter
2310 2964 2554 3024 wahnsinnigen
2583 2959 2765 3019 Schmerzen
2794 2955 2899 3015 rasend
2922 2954 2954 3014 an
2983 2952 3043 3012 das

360 2979 459 3039 schaft
481 2979 553 3039 sehr
581 2978 608 3038 zu
643 2976 831 3036 bedauern,
853 2974 908 3034 daß
943 2973 975 3033 er
1004 2973 1053 3033 sich
1087 2973 1147 3033 auf
1170 2970 1225 3030 der

1268 3009 1331 3069 fall
1359 3005 1480 3065 meines
1512 3002 1655 3062 Vaters,
1704 2999 1756 3059 der
1783 2997 1809 3057 im
1858 2997 1952 3057 Leben
1990 2996 2053 3056 und
2080 2994 2111 3054 im

2192 3015 2295 3075 Leben
2336 3012 2543 3072 klammerte.
2590 3009 2652 3069 Als
2688 3007 2727 3067 ich
2763 3005 2936 3065 Schnitzler
2988 3000 3039 3060 ein

355 3028 672 3088 Nervenabteilung
734 3024 864 3084 meines
905 3021 1031 3081 Vaters
1092 3021 1122 3081 so
1163 3017 1228 3077 un¬

1269 3055 1373 3115 Stück
1391 3047 1756 3107 Abteingsvorstand
1785 3046 1984 3106 Schnitzlers
2012 3044 2100 3104 war.

2196 3065 2288 3125 Jahr
2311 3062 2415 3122 später
2444 3060 2501 3120 auf
2525 3059 2576 3119 der
2600 3056 2750 3116 Freyung
2780 3054 2900 3114 sprach,
2918 3051 2987 3111 war
3017 3050 3045 3110 es

361 3077 501 3137 glücklich
534 3075 641 3135 fühlen
680 3074 804 3134 mußte.
848 3071 928 3131 Man
961 3068 1036 3128 kann
1064 3069 1117 3129 sich
1172 3067 1225 3127 der

2192 3113 2258 3173 mir
2286 3113 2368 3173 klar,
2396 3110 2484 3170 einen
2518 3107 2699 3167 sterbenden
2738 3104 2798 3164 und
2827 3101 3036 3161 gebrochenen

364 3125 506 3185 Einsicht
538 3125 622 3185 nicht
649 3122 882 3182 verschließen,
903 3120 961 3180 daß
1004 3118 1019 3178 —
1073 3116 1162 3176 wäre
1189 3113 1220 3173 es

1315 3131 1514 3191 Referent
1551 3131 1622 3191 auf
1651 3128 1722 3188 der
1758 3127 2086 3187 Naturforlcher¬

2189 3162 2299 3222 Mann
2329 3161 2386 3221 vor
2405 3158 2468 3218 mir
2492 3158 2520 3218 zu
2544 3156 2666 3216 haben.
2684 3154 2730 3214 Er
2754 3151 2893 3211 erzählte
2917 3151 2975 3211 mir
2999 3149 3045 3209 die

363 3176 482 3236 anders
517 3173 699 3233 gekommen
733 3171 742 3231 —
801 3170 848 3230 die
878 3168 1031 3228 moderne
1060 3164 1228 3224 Literatur

1622 3188 1773 3248 tagung

2192 3212 2434 3272 medizinischen
2487 3206 2671 3266 Vorgänge
2724 3203 2793 3263 beim
2858 3200 2950 3260 Tode
2997 3197 3054 3257 der

361 3226 396 3286 um
447 3224 537 3284 eines
578 3221 654 3281 oder
710 3218 877 3278 mehrerer
928 3215 1105 3275 Lustspiele
1161 3212 1221 3272 und

1352 3256 1425 3316 Von
1454 3253 1589 3313 London
1623 3253 1673 3313 kam
1719 3250 1899 3310 Scnitzler
1928 3249 1984 3309 zur
2013 3247 2119 3307 Natur

2195 3259 2330 3319 Tochter
2360 3259 2418 3319 und
2442 3256 2542 3316 sagte,
2560 3253 2595 3313 da
2619 3253 2701 3313 habe
2726 3253 2754 3313 er
2778 3252 2813 3312 am
2849 3250 2972 3310 meisten
3002 3248 3054 3308 ge¬

370 3272 513 3332 Dramen
572 3268 685 3328 ärmer
739 3265 941 3325 geworden,
991 3264 1069 3324 aber
1119 3262 1226 3322 vielen

1278 3304 1663 3364 forscherversammlung
1697 3301 1768 3361 nach
1801 3298 2027 3358 Wiesbaden.
2071 3295 2126 3355 Ich

2197 3310 2306 3370 sehen,
2333 3307 2393 3367 wie
2418 3307 2449 3367 er
2481 3305 2560 3365 nicht
2586 3305 2640 3365 zum
2684 3304 2764 3364 Arzt
2789 3301 2930 3361 getaugt
2956 3296 3060 3356 hätte,

361 3322 503 3382 Kranken
539 3319 691 3379 geholfen
733 3316 865 3376 worden
901 3313 1013 3373 wäre.
1034 3312 1135 3372 Wenn
1176 3310 1222 3370 ein

1275 3356 1357 3416 habe
1391 3355 1440 3415 die
1469 3352 1651 3412 historische
1679 3349 1916 3409 Erinnerung,
1961 3346 2016 3406 ihn
2055 3346 2132 3406 über

2196 3358 2288 3418 einem
2329 3356 2457 3416 Beruf,
2498 3352 2544 3412 wo
2573 3353 2631 3413 das
2667 3349 2927 3409 Helfen=Wollen
2986 3346 3049 3406 und

369 3373 398 3433 so
429 3370 584 3430 genialer
635 3367 700 3427 und
756 3364 932 3424 moderner
983 3361 1113 3421 Mensch
1164 3358 1229 3418 wie

1272 3406 1321 3466 ein
1361 3405 1664 3465 laryngologisches
1698 3400 1819 3460 Thema
1875 3400 1901 3460 in
1941 3398 2029 3458 einer
2057 3394 2123 3454 Sek

2201 3406 2475 3466 Helfen=Können
2534 3402 2559 3462 in
2618 3403 2649 3463 so
2694 3401 2816 3461 krassem
2874 3397 3059 3457 Gegensatz

368 3421 548 3481 Schnitzler
580 3417 638 3477 das
676 3415 775 3475 reiche
830 3413 999 3473 Material
1052 3412 1104 3472 der
1158 3406 1232 3466 Ab¬

2200 3457 2353 3517 stünden,
2390 3455 2543 3515 wogegen
2599 3450 2795 3510 literarische
2845 3445 3053 3505 Mißerfolge

1276 3457 1367 3517 tion,
1403 3457 1495 3517 deren
1530 3453 1773 3513 Schriftführer
1803 3451 1837 3511 er
1860 3451 1935 3511 auch
1964 3451 2057 3511 war,
2080 3445 2137 3505 vor

365 3468 495 3528 teilung
530 3469 586 3529 zur
615 3466 813 3526 Verfügung
864 3466 995 3526 gehabt
1018 3460 1125 3520 hätte,
1165 3460 1238 3520 um,

2193 3504 2397 3564 niemandem
2441 3503 2494 3563 zum
2538 3499 2678 3559 Schaden
2716 3495 2866 3555 gereichen
2905 3495 2953 3555 als
2986 3492 3033 3552 dem

2202 3553 2313 3613 Autor
2337 3552 2443 3612 selbst.
2461 3550 2508 3610 Er
2538 3550 2684 3610 verschloß
2714 3547 2767 3607 sich
2791 3546 2861 3606 auch
2891 3543 2973 3603 nicht
3003 3543 3055 3603 der

2196 3603 2422 3663 Erkenntnis,
2469 3600 2526 3660 daß
2562 3600 2608 3660 die
2638 3596 2858 3656 Atmosphäre
2888 3594 2945 3654 der
2998 3591 3055 3651 Le¬

2198 3651 2518 3711 bensverleugnung
2556 3648 2621 3708 und
2655 3643 2969 3703 Uebersensibilität
2997 3639 3056 3699 aus

2201 3701 2303 3761 seinen
2332 3698 2467 3758 Werken
2496 3698 2552 3758 von
2587 3694 2740 3754 frühester
2769 3692 2893 3752 Jugend
2927 3689 2983 3749 auf
3006 3689 3057 3749 die

2203 3749 2335 3809 Tochter
2359 3748 2516 3808 geströmt
2535 3745 2577 3805 sei
2601 3743 2667 3803 und
2692 3743 2745 3803 ihr
2770 3740 2867 3800 Leben
2898 3740 3054 3800 vorzeitig

2198 3798 2258 3858 und
2291 3796 2608 3856 unbedachterweise
2636 3791 2811 3851 vernichtet
2839 3789 2937 3849 habe.

2284 3848 2360 3908 Der
2390 3845 2520 3905 Dichter
2550 3843 2679 3903 Arthur
2709 3839 2886 3899 Schnitzler
2916 3839 2992 3899 ruht
3029 3836 3051 3896 in

2204 3896 2292 3956 einem
2338 3895 2560 3955 Ehrengrabe
2611 3893 2666 3953 des
2718 3887 3046 3947 Zentralfriedhofes

2207 3946 2269 4006 sein
2298 3944 2530 4004 medizinisches
2560 3940 2683 4000 Talent
2707 3937 2763 3997 und
2792 3936 2871 3996 seine
2894 3934 3064 3994 medizini¬

2207 3999 2263 4059 sche
2292 3994 2479 4054 Begabung
2514 3990 2621 4050 waren
2679 3988 2757 4048 aber
2809 3985 3064 4045 wahrscheinlich

2208 4045 2288 4105 groß
2324 4045 2444 4105 genug,
2468 4042 2525 4102 daß
2561 4039 2612 4099 ihm
2659 4037 2670 4097 —
2729 4036 2815 4096 wäre
2844 4033 2873 4093 er
2908 4036 2988 4096 Arzt
3018 4033 3063 4093 ge¬

2217 4090 2342 4150 blieben
2370 4091 2389 4151 —
2443 4089 2576 4149 dieselbe
2603 4087 2735 4147 Ehrung
2769 4085 2868 4145 zuteil
2896 4084 3061 4144 geworden

2212 4140 2326 4200 wäre.

2489 4185 2747 4245 Clothilde
2773 4182 3030 4242 Benedikt.
