3392 4320
172 336 245 396 2.

1408 324 1540 384 box
1618 324 1844 384 43/15

326 334 900 394 Schnitzler's
968 331 1197 391 Deatl

988 1828 1092 1888 der
1175 1825 1363 1885 Neue
1448 1825 1598 1885 Wer

1026 1926 1105 1986 46
1197 1930 1611 1990 Novenber
1693 1922 1803 1982 193

940 1993 1007 2053 Nr.
1025 1993 1058 2053 22

1754 2008 1866 2068 DER
1926 2010 2038 2070 NE!

1015 2127 1094 2187 Zu
1159 2131 1628 2191 Schnitzlers
1685 2137 1915 2197 Tode.

1002 2184 1064 2244 Wir
1094 2186 1195 2246 haben
1233 2187 1258 2247 in
1300 2190 1434 2250 unseren
1477 2193 1719 2253 Ausführungen
1758 2196 1913 2256 anläßlich
1951 2196 2005 2256 des

937 2225 1035 2285 Todes
1071 2227 1189 2287 Arthur
1225 2231 1418 2291 Schnitzlers
1450 2234 1584 2294 unserem
1636 2237 1797 2297 Bedauern
1833 2237 1998 2297 Ausdruck

942 2267 1099 2327 gegeben,
1115 2270 1171 2330 daß
1200 2270 1268 2330 kein
1297 2273 1466 2333 deutsches
1495 2276 1628 2336 T'heater
1653 2276 1753 2336 dieses
1778 2279 1923 2339 Dichters
1947 2282 1999 2342 bei

936 2309 1041 2369 diesem
1082 2312 1178 2372 Anlaß
1208 2312 1345 2372 sichtbar
1374 2316 1545 2376 gedachte.
1565 2315 1630 2375 Wir
1655 2319 1776 2379 mûssen
1805 2320 1874 2380 dies
1902 2321 2003 2381 rekti-

939 2351 1085 2411 fivieren.
1105 2354 1207 2414 Neben
1232 2356 1286 2416 das
1311 2359 1528 2419 Burgthenter
1548 2360 1591 2420 ist
1607 2360 1662 2420 das
1690 2362 1868 2422 Dresdener
1892 2363 2010 2423 Stants-

942 2396 1062 2456 thenter
1083 2396 1114 2456 zu
1143 2398 1272 2458 stellen,
1301 2400 1357 2460 das
1381 2402 1441 2462 sich
1470 2402 1603 2462 beeilte,
1624 2402 1692 2462 eine
1720 2405 1934 2465 Gedenkfeier
1963 2405 1990 2465 zu

938 2436 1166 2496 veranstalten,
1192 2440 1270 2500 ûber
1296 2440 1345 2500 die
1375 2443 1478 2503 Julius
1508 2444 1687 2504 Ferdinand
1721 2448 1853 2508 Wollf
1879 2446 1903 2506 in
1933 2446 1991 2506 den

937 2479 1135 2539 „Dresdener
1168 2482 1326 2542 Neuesten
1368 2485 1595 2545 Nachrichten“
1636 2488 1794 2548 schreibt:
1827 2489 2001 2549 „Schöner,

941 2524 1098 2584 würdiger
1126 2526 1204 2586 kann
1232 2524 1299 2584 man
1331 2527 1420 2587 einen
1448 2527 1527 2587 toten
1563 2527 1688 2587 Dichter
1716 2530 1798 2590 nieht
1822 2530 1936 2590 ebren,
1956 2533 1999 2593 als

933 2566 968 2626 es
1000 2566 1031 2626 an
1067 2566 1177 2626 diesem
1224 2569 1535 2629 Novembermorgen
1587 2570 1657 2630 hier
1697 2572 1850 2632 geschah.
1898 2574 1996 2634 Keine

937 2608 1049 2668 falsche
1078 2610 1272 2670 Aktualitât,
1288 2611 1364 2671 aber
1393 2611 1413 2671 in
1446 2614 1523 2674 allem
1563 2611 1611 2671 die
1636 2612 1830 2672 Cegeuwart
1850 2615 1999 2675 unbeirr-

933 2649 1027 2709 baren
1062 2649 1328 2709 schnitzlerschen
1363 2651 1429 2711 Cei
1441 2652 1507 2712 tes.
1551 2652 1648 2712 Keine
1684 2655 1902 2715 sentimentale
1938 2654 1996 2714 Be-

928 2691 1113 2751 tulichkeit,
1134 2692 1211 2752 aber
1240 2691 1320 2751 ûber
1349 2692 1426 2752 allem
1471 2696 1539 2756 jene
1572 2697 1835 2757 melancholische
1868 2699 1997 2759 Grund-

934 2733 1119 2793 stimmung,
1146 2734 1203 2794 aus
1230 2733 1287 2793 der
1319 2735 1367 2795 die
1402 2738 1526 2798 gûlige,
1553 2737 1765 2797 verzeihende
1796 2742 1990 2802 Erkenntuis

928 2775 956 2835 in
985 2778 1041 2838 der
1066 2775 1155 2835 Secle
1180 2775 1285 2835 dieses
1314 2778 1460 2838 Dichters
1489 2778 1728 2838 aufgewachsen
1761 2783 1801 2843 ist
1818 2784 1830 2844 .
1851 2784 1862 2844 .
1879 2786 1891 2846 .

996 2835 1083 2895 Diese
1116 2835 1249 2895 Haltung
1287 2836 1341 2896 des
1375 2838 1557 2898 Dresdener
1587 2840 1833 2900 Staatstheaters
1862 2841 1904 2901 ist
1933 2843 1991 2903 nur

930 2876 1145 2936 folgerichtig,
1170 2879 1246 2939 denn
1279 2878 1311 2938 es
1344 2877 1409 2937 war
1438 2879 1548 2939 immer
1581 2880 1645 2940 sein
1679 2882 1861 2942 Verdienst,
1886 2885 1991 2945 starke

930 2919 1138 2979 dichterische
1171 2918 1271 2978 Werte
1297 2921 1371 2981 auch
1401 2922 1480 2982 ûber
1509 2921 1563 2981 den
1597 2923 1655 2983 Tag
1689 2924 1797 2984 hinaus
1827 2925 1855 2985 zu
1889 2926 1993 2986 erhal-

929 2960 976 3020 ten
1008 2962 1062 3022 und
1095 2963 1125 3023 zu
1153 2961 1299 3021 pflegen,
1319 2963 1373 3023 wie
1401 2965 1460 3025 sich
1492 2966 1558 3026 dies
1582 2966 1656 3026 auch
1684 2968 1712 3028 in
1736 2969 1841 3029 seinem
1885 2968 1999 3028 klassi-

925 3004 1018 3064 schen
1048 3006 1204 3066 Spielplan
1234 3005 1428 3065 ausdrückt.

1850 3012 1890 3072 E.
1914 3014 1954 3074 L.
