3392 4320
235 255 353 315 12.
414 268 848 328 Schnitzle

964 276 1002 336 s
1070 270 1300 330 Death

415 1071 1126 1131 DOBSERVER

502 1136 528 1196 1.
541 1136 662 1196 österr.
672 1136 823 1196 behördl.
837 1135 1135 1195 konzessioniertes

458 1179 692 1239 Unternehmen
723 1176 767 1236 für
798 1178 1183 1238 Zeitungs-Ausschnitte

506 1234 655 1294 WIEN,
682 1240 734 1300 I.,
761 1237 1042 1297 WOLLZEILE
1088 1240 1133 1300 11

607 1288 826 1348 TELEPHON
863 1288 1034 1348 R-23-0-43

408 1430 629 1490 Ausschnitt
656 1431 745 1491 aus:

589 1546 1020 1606 GEESIARNPNRUNSIY
1048 1523 1302 1583 XARIONTE

1155 1621 1254 1681 1931

903 1642 1113 1702 22.061

514 1778 732 1838 Arthur
769 1784 1085 1844 Schnitzler

414 1843 482 1903 Wie
517 1845 578 1905 aus
620 1849 736 1909 Wien
778 1855 929 1915 gemeldet
964 1858 1066 1918 wird,
1095 1861 1135 1921 ist
1163 1866 1334 1926 Arthur

331 1889 566 1949 Schnitzler
587 1893 621 1953 am
657 1896 797 1956 gestrigen
828 1900 983 1960 Mittwoch
1008 1905 1103 1965 abend
1129 1906 1163 1966 um
1199 1909 1249 1969 ¼7
1275 1910 1334 1970 Uhr

330 1929 414 1989 einem
456 1937 675 1997 Schlaganfall
694 1942 834 2002 erlegen.
857 1945 899 2005 Im
937 1950 1128 2010 kommenden
1161 1954 1235 2014 Mai
1254 1957 1337 2017 wäre

328 1975 353 2035 er
379 1978 409 2038 70
436 1980 543 2040 Jahre
564 1982 610 2042 alt
631 1985 816 2045 geworden.

407 2040 522 2100 Arthur
543 2048 730 2108 Schnitzler,
746 2050 831 2110 Sohn
862 2053 943 2113 eines
973 2060 1175 2120 bedeutenden
1206 2064 1332 2124 Wiener

325 2084 433 2144 Arztes
468 2090 526 2150 und
556 2094 954 2154 Universitätsprofessors,
979 2101 1013 2161 ist
1034 2103 1131 2163 selber
1161 2106 1333 2166 ursprüng¬

326 2128 377 2188 lich
410 2131 485 2191 Arzt
518 2136 666 2196 gewesen,
695 2141 755 2201 und
788 2140 835 2200 oft
863 2142 919 2202 hat
947 2144 1012 2204 man
1050 2147 1115 2207 auch
1153 2149 1175 2209 in
1218 2153 1311 2213 seinem

322 2175 519 2235 dichterischen
558 2180 644 2240 Werk
674 2184 722 2244 den
761 2184 833 2244 kühl
857 2190 1026 2250 prüfenden
1065 2193 1122 2253 und
1156 2199 1324 2259 messenden

323 2217 402 2277 Blick
432 2221 481 2281 des
521 2224 728 2284 Physiologen
769 2231 911 2291 erkennen
947 2234 1074 2294 wollen.
1119 2240 1233 2300 Direkt
1273 2241 1331 2301 mit

322 2266 603 2326 Gewissensfragen
638 2271 687 2331 des
717 2273 880 2333 ärztlichen
910 2280 1048 2340 Berufes
1078 2282 1132 2342 hat
1157 2282 1186 2342 er
1217 2282 1260 2342 sich
1296 2286 1320 2346 in

316 2306 365 2366 dem
420 2308 488 2368 1912
529 2314 735 2374 erschienenen
780 2321 967 2381 Schauspiel
1002 2327 1184 2387 „Professor
1219 2329 1327 2389 Bern¬

319 2351 428 2411 hardi“
453 2359 788 2419 auseinandergesetzt,
808 2364 860 2424 das
889 2366 913 2426 in
942 2368 1038 2428 seiner
1062 2372 1215 2432 lebhaften
1244 2372 1330 2432 Zeit¬

317 2398 527 2458 problematik
551 2400 579 2460 zu
613 2404 661 2464 den
695 2411 943 2471 meistgespielten
977 2413 1101 2473 Stücken
1135 2418 1321 2478 Schnitzlers

318 2440 456 2500 gehörte.
490 2443 571 2503 Aber
601 2445 701 2505 seinen
735 2453 936 2513 dichterischen
975 2456 1061 2516 Ruhm
1109 2461 1219 2521 machte
1248 2461 1329 2521 nicht

316 2482 409 2542 dieser
433 2488 535 2548 zuletzt
555 2490 620 2550 doch
644 2491 737 2551 etwas
766 2497 1018 2557 unentschiedene
1042 2503 1177 2563 Ausflug
1206 2506 1229 2566 in
1258 2507 1323 2567 eine

313 2528 370 2588 mit
418 2533 585 2593 gelassener
623 2536 743 2596 Ironie
782 2542 972 2602 überzogene
1007 2548 1188 2608 Aktualität
1231 2550 1322 2610 öster¬

314 2575 477 2635 reichischer
502 2579 636 2639 Politik,
656 2582 750 2642 seinen
780 2588 982 2648 dichterischen
1012 2591 1101 2651 Ruhm
1141 2593 1254 2653 machte
1275 2596 1323 2656 die

313 2617 440 2677 Wiener
461 2622 539 2682 Note
564 2624 663 2684 seiner
683 2629 875 2689 eigentlichen
905 2634 1225 2694 Gesellschaftsstücke.
1250 2638 1323 2698 Hier

310 2662 391 2722 war,
421 2663 478 2723 von
522 2667 680 2727 „Anatol“
719 2668 767 2728 bis
811 2676 868 2736 zum
922 2676 1056 2736 „Weiten
1100 2681 1225 2741 Land",
1259 2682 1311 2742 von

313 2707 482 2767 „Liebelei"
509 2708 560 2768 bis
586 2713 643 2773 zum
684 2715 869 2775 „Einsamen
901 2720 988 2780 Weg"
1020 2723 1081 2783 eine
1107 2724 1313 2784 Atmosphäre

309 2753 626 2813 heraufbeschworen,
670 2757 717 2817 die
756 2759 784 2819 im
838 2765 1063 2825 Dämmerlicht
1112 2772 1212 2832 feiner
1251 2772 1308 2832 und

309 2796 439 2856 intimer
468 2800 626 2860 erotischer
659 2805 817 2865 Konflikte
855 2808 929 2868 oder
967 2809 995 2869 in
1042 2811 1093 2871 der
1135 2814 1307 2874 herzhaften

300 2841 684 2901 Komödienentfesselung
718 2846 770 2906 des
804 2850 957 2910 erotischen
997 2858 1308 2918 Gesellschaftsspiels

305 2885 434 2945 wirklich
458 2887 525 2947 eine
545 2888 645 2948 Stadt
664 2891 722 2951 und
746 2893 813 2953 ihre
837 2896 986 2956 Menschen
1015 2899 1062 2959 als
1087 2902 1245 2962 Ausdruck
1265 2903 1312 2963 der

305 2927 417 2987 Epoche
447 2933 575 2993 prägte.
609 2935 688 2995 Eine
718 2939 914 2999 genußfrohe
944 2944 1061 3004 Stadt,
1081 2945 1223 3005 umhüllt
1248 2949 1302 3009 von

304 2972 377 3032 allem
422 2976 549 3036 Zauber
590 2981 766 3041 überreifer
806 2984 864 3044 und
910 2986 988 3046 schon
1028 2989 1150 3049 langsam
1200 2993 1312 3053 hinab¬

300 3018 458 3078 sinkender
492 3022 627 3082 Kultur,
652 3023 661 3083 —
722 3025 777 3085 und
816 3031 998 3091 Menschen,
1027 3032 1073 3092 die
1102 3035 1228 3095 sowohl
1257 3037 1308 3097 den

299 3060 404 3120 Genuß
439 3064 496 3124 wie
531 3066 627 3126 diesen
666 3069 743 3129 Reiz
772 3073 858 3133 eines
893 3075 1003 3135 leisen,
1029 3079 1303 3139 unaufhaltsamen

301 3105 398 3165 Hinab
431 3107 491 3167 mit
520 3110 571 3170 der
599 3115 725 3175 gleichen
758 3118 921 3178 ironischen
959 3121 1163 3181 Bewußtheit
1192 3126 1308 3186 auszu¬

293 3151 377 3211 kosten
430 3155 632 3215 verstanden.
675 3160 736 3220 Die
784 3162 1001 3222 Problematik
1044 3167 1142 3227 dieser
1185 3172 1307 3232 sorglos

298 3196 427 3256 reichen,
442 3199 499 3259 mit
519 3201 590 3261 allem
625 3204 879 3264 psychologischen
904 3210 1052 3270 Komfort
1067 3214 1302 3274 ausgestatteten

299 3241 490 3301 Gesellschaft
516 3245 587 3305 war
617 3249 693 3309 nicht
724 3250 835 3310 immer
866 3252 931 3312 sehr
957 3255 1027 3315 tief.
1058 3255 1118 3315 Die
1149 3261 1305 3321 Konflikte

297 3284 377 3344 lagen
407 3288 516 3348 immer
540 3290 578 3350 ein
607 3294 721 3354 bißchen
745 3294 778 3354 an
808 3296 855 3356 der
870 3299 1046 3359 Oberfläche
1070 3300 1151 3360 jenes
1175 3305 1299 3365 Wiener

293 3331 502 3391 Geplauschs,
517 3335 568 3395 das
592 3336 726 3396 weniger
750 3338 815 3398 eine
834 3342 968 3402 Haltung
992 3345 1033 3405 als
1062 3347 1141 3407 einen
1169 3351 1304 3411 Mangel

287 3375 320 3435 an
345 3376 484 3436 Haltung
509 3380 686 3440 ausdrückte
711 3383 768 3443 und
793 3384 883 3444 dessen
913 3390 1138 3450 Kraftlosigkeit
1158 3393 1215 3453 erst
1231 3394 1302 3454 lite¬

292 3420 397 3480 rarisch
426 3421 478 3481 zur
497 3426 698 3486 allgemeinen
727 3429 942 3489 Ratlosigkeit,
957 3433 1009 3493 zur
1034 3438 1291 3498 melancholischen

294 3467 566 3527 Rätselhaftigkeit
585 3470 633 3530 des
662 3473 795 3533 Daseins
824 3476 1015 3536 umstilisiert
1035 3479 1149 3539 werden
1183 3482 1302 3542 mußte.

292 3506 367 3566 Aber
387 3510 457 3570 eben
483 3515 629 3575 dadurch,
645 3518 695 3578 daß
720 3521 886 3581 Schnitzler
902 3523 947 3583 sich
973 3526 997 3586 zu
1028 3525 1073 3585 der
1094 3527 1300 3587 Gesellschaft,

289 3555 331 3615 die
354 3558 380 3618 er
403 3561 571 3621 gestaltete,
588 3564 668 3624 nicht
685 3566 799 3626 kritisch
822 3571 1027 3631 distanzierte,
1044 3575 1109 3635 eben
1142 3577 1228 3637 indem
1267 3579 1293 3639 er

1525 273 1648 333 box
1727 276 1913 336 42/7

1391 1757 1526 1817 gleichsam
1567 1757 1617 1817 von
1648 1762 1739 1822 innen
1764 1763 1814 1823 her
1835 1764 1901 1824 ihre
1922 1766 2169 1826 Physiognomie
2190 1771 2305 1831 erfaßte
2331 1771 2386 1831 und

1392 1802 1512 1862 sormte,
1546 1804 1655 1864 wurde
1694 1805 1756 1865 sein
1790 1808 1881 1868 Werk
1919 1811 1972 1871 zum
2030 1812 2144 1872 echten,
2178 1815 2384 1875 ungetrübten

1393 1846 1523 1906 Spiegel
1544 1847 1588 1907 der
1609 1849 1689 1909 Zeit.
1715 1852 1800 1912 Nicht
1821 1852 1875 1912 nur
1896 1853 1941 1913 die
1962 1855 2092 1915 Figuren
2123 1858 2213 1918 seiner
2239 1860 2394 1920 Dramen¬

1386 1887 1474 1947 welt:
1495 1891 1667 1951 Schnitzler
1698 1894 1791 1954 selber
1821 1897 1889 1957 war
1920 1900 2152 1960 Repräsentant
2177 1901 2260 1961 jenes
2295 1903 2384 1963 Wien

1392 1933 1441 1993 der
1461 1936 1627 1996 neunziger
1648 1939 1750 1999 Jahre
1775 1941 1829 2001 und
1859 1941 1908 2001 der
1933 1945 2281 2005 Jahrhundertwende.
2306 1945 2384 2005 Sein

1387 1978 1507 2038 nobler,
1542 1981 1700 2041 graziöser
1739 1983 1801 2043 und
1845 1986 1945 2046 kluger
1990 1990 2191 2050 literarischer
2230 1993 2394 2053 Ausdruck

1383 2022 1510 2082 täuschte
1545 2024 1624 2084 nicht
1654 2025 1786 2085 darüber
1821 2031 1958 2091 hinweg,
1993 2031 2022 2091 ja
2062 2033 2174 2093 machte
2214 2034 2273 2094 erst
2313 2039 2390 2099 recht

1378 2067 1526 2127 deutlich,
1546 2067 1600 2127 mit
1625 2069 1684 2129 wie
1709 2071 1807 2131 wenig
1837 2076 2000 2136 wirklicher
2030 2079 2291 2139 Lebenssubstanz
2321 2081 2384 2141 eine

1386 2112 1573 2172 Generation
1606 2114 1750 2174 auskam,
1774 2118 1853 2178 deren
1891 2120 2091 2180 Wirklichkeit
2115 2122 2161 2182 die
2190 2126 2385 2186 Ornamente

1385 2154 1498 2214 waren.
1529 2156 1612 2216 Eine
1637 2158 1706 2218 stets
1736 2163 1919 2223 angeregte,
1939 2165 2002 2225 doch
2038 2166 2067 2226 zu
2102 2166 2190 2226 nichts
2225 2169 2387 2229 verpflich¬

1385 2199 1485 2259 tende,
1500 2200 1528 2260 im
1567 2200 1657 2260 baren
1691 2204 1791 2264 Nichts
1820 2208 2044 2268 spekulierende
2074 2212 2380 2272 „Nachdenklichkeit"

1381 2242 1504 2302 verhalf
1529 2244 1583 2304 dem
1628 2247 1725 2307 Spiel
1755 2249 1785 2309 zu
1825 2251 1922 2311 seinen
1957 2252 2080 2312 tieferen
2120 2255 2282 2315 Aspekten.
2317 2258 2380 2318 Der

1378 2286 1450 2346 Reiz
1474 2290 1570 2350 dieser
1599 2293 1848 2353 schwankenden,
1873 2297 1916 2357 sich
1950 2296 2021 2356 aus-
2051 2296 2108 2356 und
2137 2303 2372 2363 angleichenden

1377 2331 1708 2391 Daseinsphilosophie
1728 2338 1762 2398 ist
1778 2339 1836 2399 uns
1862 2339 1946 2399 heute
1966 2339 2079 2399 bereits
2099 2340 2123 2400 in
2149 2343 2193 2403 die
2208 2345 2375 2405 historische

1376 2375 1496 2435 Distanz
1511 2378 1655 2438 entrückt.
1665 2381 1823 2441 Kräftiger
1838 2384 1891 2444 und
1910 2387 2150 2447 unmittelbarer
2165 2389 2256 2449 rührt
2271 2393 2295 2453 es
2315 2393 2372 2453 uns

1374 2420 1432 2480 an,
1448 2420 1486 2480 wo
1511 2420 1540 2480 es
1565 2420 1589 2480 in
1619 2423 1780 2483 Wahrheit
1801 2427 1834 2487 um
1869 2428 1962 2488 nichts
1992 2429 2069 2489 mehr
2094 2431 2138 2491 als
2163 2431 2197 2491 um
2232 2437 2363 2497 „Spiel“

1373 2461 1417 2521 als
1448 2462 1483 2522 um
1529 2465 1574 2525 die
1600 2467 1741 2527 farbigen
1772 2472 1904 2532 Kulissen
1940 2472 2020 2532 einer
2051 2474 2080 2534 an
2116 2474 2233 2534 leichten
2269 2481 2369 2541 Fäden

1375 2509 1527 2569 bewegten
1561 2510 1777 2570 Puppenwelt
1802 2518 1884 2578 geht.
1914 2519 1963 2579 Zu
1998 2520 2100 2580 denken
2140 2520 2213 2580 etwa
2243 2522 2276 2582 an
2316 2524 2365 2584 den

1369 2551 1493 2611 virtuos
1556 2556 1748 2616 gesteigerten
1801 2560 2055 2620 Theaterzauber
2113 2565 2166 2625 des
2219 2566 2367 2626 „Grünen

1376 2596 1529 2656 Kakadu",
1563 2598 1595 2658 zu
1647 2601 1754 2661 denken
1807 2605 1871 2665 auch
1919 2605 1955 2665 an
2003 2608 2059 2668 den
2106 2611 2367 2671 vielverlästerten

1370 2640 1542 2700 „Reigen“,
1576 2641 1628 2701 der
1667 2642 1715 2702 die
1754 2647 1849 2707 ewige
1888 2649 2026 2709 erotische
2066 2654 2286 2714 Problematik
2320 2655 2372 2715 der

1374 2685 1613 2745 Schnitzlerwelt
1643 2687 1699 2747 nun
1734 2691 1863 2751 wirklich
1892 2693 1945 2753 bei
1969 2694 2021 2754 der
2051 2698 2175 2758 Wurzel
2200 2700 2281 2760 packt
2310 2703 2367 2763 und

1370 2730 1414 2790 als
1444 2732 1591 2792 zynisches
1621 2734 1887 2794 Lebenskarussell
1907 2739 2147 2799 vorüberdreht.

1445 2778 1540 2838 Neben
1570 2778 1622 2838 den
1656 2784 1790 2844 Dramen
1824 2787 1895 2847 steht
1920 2788 1962 2848 ein
1996 2789 2101 2849 reiches
2131 2793 2360 2853 erzählerisches

1369 2822 1467 2882 Werk,
1482 2823 1536 2883 dos
1561 2825 1585 2885 in
1615 2826 1664 2886 der
1689 2828 1816 2888 knappen
1846 2832 2097 2892 psychologischen
2127 2837 2244 2897 Skizze,
2264 2840 2288 2900 in
2319 2838 2367 2898 der

1365 2865 1439 2925 intim
1496 2868 1688 2928 gedämpften
1740 2873 1871 2933 Novelle
1914 2874 1960 2934 sich
2007 2879 2256 2939 eigentümlicher
2303 2882 2363 2942 und

1368 2912 1521 2972 fesselnder
1550 2915 1723 2975 ausprägte
1751 2917 1798 2977 als
1826 2918 1854 2978 in
1887 2920 1938 2980 den
1971 2921 2083 2981 großen
2116 2925 2298 2985 Romanen,
2322 2930 2368 2990 die

1365 2954 1417 3014 alle
1437 2956 1480 3016 ein
1504 2957 1618 3017 bißchen
1648 2959 1671 3019 zu
1701 2960 1805 3020 schwer
1825 2963 1858 3023 an
1883 2964 1964 3024 ihrem
2003 2967 2228 3027 Seelenballast
2248 2972 2367 3032 tragen,

1364 2999 1406 3059 die
1431 3001 1483 3061 alle
1502 3002 1550 3062 sich
1574 3002 1664 3062 etwas
1694 3005 1813 3065 mühsam
1857 3009 1937 3069 durch
1962 3008 2004 3068 die
2029 3011 2139 3071 Unter=
2158 3014 2210 3074 und
2240 3016 2363 3076 Hinter¬

1359 3044 1477 3104 gründe
1502 3045 1555 3105 der
1576 3048 1826 3108 pfychologischen
1861 3052 2067 3112 Verwicklung
2097 3058 2366 3118 dahinschleppen.

1362 3085 1443 3145 Aber
1472 3088 1533 3148 noch
1568 3091 1634 3151 1924
1663 3093 1749 3153 hatte
1773 3094 1825 3154 der
1855 3097 2002 3157 Erzähler
2027 3099 2194 3159 Schnitzler
2223 3103 2284 3163 mit
2309 3106 2356 3166 der

1360 3132 1575 3192 meisterhaften
1615 3138 1734 3198 Studie
1763 3142 1931 3202 „Fräulein
1970 3142 2055 3202 Else"
2090 3147 2171 3207 einen
2210 3151 2353 3211 geradezu

1362 3178 1588 3238 sensationellen
1619 3180 1744 3240 Erfolg,
1765 3184 1856 3244 dessen
1886 3189 1931 3249 sich
1957 3190 2133 3250 inzwischen
2159 3193 2184 3253 ja
2214 3196 2280 3256 auch
2311 3196 2360 3256 der

1358 3224 1422 3284 Film
1460 3226 1648 3286 bemächtigt
1665 3227 1734 3287 hat.

1431 3273 1497 3333 Das
1534 3276 1709 3336 kommende
1741 3279 1823 3339 Jahr
1860 3281 1926 3341 1932
1958 3285 2040 3345 sollte
2083 3286 2165 3346 nicht
2201 3288 2263 3348 nur
2305 3290 2345 3350 ein

1360 3315 1487 3375 Goethe=
1508 3316 1566 3376 und
1596 3319 1733 3379 Gerhart
1753 3327 2077 3387 Hauptmann=Jahr,
2102 3330 2131 3390 es
2166 3331 2249 3391 sollte
2283 3333 2352 3393 auch

1359 3358 1397 3418 ein
1426 3363 1701 3423 Schnitzler=Jahr
1726 3370 1865 3430 werden.
1904 3374 1976 3434 Nun
2010 3374 2087 3434 wird
2116 3376 2164 3436 die
2188 3378 2275 3438 Welt
2300 3378 2352 3438 den

1354 3406 1517 3466 siebzigsten
1551 3410 1748 3470 Geburtstag
1782 3416 1964 3476 Schnitzlers
1998 3418 2075 3478 nicht
2104 3419 2190 3479 mehr
2220 3421 2344 3481 begehen

1350 3450 1484 3510 können.
1522 3451 1564 3511 Um
1607 3453 1634 3513 so
1663 3455 1784 3515 nötiger
1813 3456 1849 3516 ist
1873 3457 1919 3517 es,
1943 3459 1985 3519 sich
2018 3461 2102 3521 heute
2130 3463 2158 3523 zu
2191 3464 2359 3524 erinnern,

1355 3491 1453 3551 wolche
1481 3493 1566 3553 Fülle
1594 3493 1650 3553 von
1688 3498 1772 3558 Zeit=
1796 3502 1856 3562 und
1885 3504 2143 3564 Lebensaspekten
2177 3506 2204 3566 im
2252 3509 2354 3569 Werke

1351 3536 1529 3596 Schnitzlers
1574 3541 1776 3601 aufbewahrt
1816 3547 1929 3607 bleibt.
1979 3549 2058 3609 Eine
2103 3554 2354 3614 abgeschlossene,

1355 3582 1417 3642 eine
1453 3587 1619 3647 historische
1649 3590 1781 3650 Epoche.
1828 3596 1914 3656 Aber
1949 3596 2000 3656 ihr
2036 3598 2105 3658 Bild
2146 3601 2186 3661 ist
2215 3602 2243 3662 in
2290 3603 2347 3663 der

2447 1778 2591 1838 spezifisch
2622 1781 2834 1841 Wienerischen
2870 1781 3020 1841 Färbung
3052 1781 3103 1841 von
3140 1784 3232 1844 keinem
3279 1784 3356 1844 deutl

2450 1822 2570 1882 geprägt
2593 1822 2713 1882 worden
2742 1822 2785 1882 als
2813 1822 2862 1882 von
2890 1825 3011 1885 Arthur
3034 1825 3215 1885 Schnitzler.
3276 1825 3347 1885 p.r¬
