3436 4320
280 354 355 414 2.
413 363 1006 423 Schnitzler's
1075 363 1312 423 Death

1533 363 1657 423 box
1724 366 1907 426 42/9

1994 210 2078 270 Form
2129 211 2199 271 nach
2237 216 2386 276 reizvolle
2419 219 2661 279 Variationen.
2708 225 2783 285 Wie
2816 225 2890 285 denn
2932 228 3118 288 überhaupt

1991 252 2179 312 Schnitzlers
2214 258 2430 318 Formkunst,
2455 259 2508 319 die
2542 261 2624 321 seine
2663 266 2870 326 Prosawerke
2905 272 3121 332 auszeichnet,

1993 291 2041 351 ihm
2084 294 2151 354 auch
2180 297 2237 357 auf
2262 298 2314 358 dem
2358 301 2496 361 Theater
2521 303 2588 363 treu
2622 305 2723 365 blieb.
2738 308 2785 368 Es
2809 311 2881 371 gibt
2905 312 2962 372 kein
2997 314 3121 374 Schau¬

2000 336 2071 396 spiel
2101 339 2153 399 von
2187 341 2273 401 ihm,
2293 342 2321 402 in
2355 342 2403 402 dem
2451 345 2499 405 sich
2528 348 2609 408 nicht
2634 351 2912 411 wirkungsvolle,
2932 357 3118 417 dramatisch

1997 379 2091 439 höchst
2111 383 2253 443 bewegte
2279 381 2401 441 Szenen
2437 388 2575 448 fänden,
2595 391 2654 451 aus
2684 392 2733 452 dem
2778 395 2826 455 sich
2857 397 2935 457 nicht
2960 398 3117 458 Dutzende

1996 422 2134 482 schöner,
2164 424 2292 484 kluger,
2322 427 2441 487 kostbar
2480 433 2695 493 gerundeter,
2725 437 2988 497 gedankentiefer
3022 440 3117 500 Sätze

1997 467 2142 527 sammeln
2178 467 2299 527 ließen.
2320 470 2425 530 Ihrer
2451 473 2531 533 Idee
2563 475 2633 535 nach
2664 477 2734 537 aber
2765 480 2876 540 kreisen
2907 482 2946 542 sie
2972 482 3032 542 fast
3058 483 3118 543 alle

1988 509 2027 569 um
2082 510 2135 570 den
2181 512 2313 572 gleichen
2353 515 2595 575 Mittelpunkt.
2640 520 2683 580 Es
2733 521 2866 581 scheint,
2906 526 2965 586 daß
3020 527 3118 587 dieser

1993 552 2116 612 Dichter
2148 554 2205 614 gar
2236 556 2313 616 nicht
2340 555 2397 615 den
2433 559 2573 619 Ehrgeiz
2599 563 2712 623 besaß,
2734 563 2780 623 sich
2817 565 2847 625 an
2884 568 2998 628 großen
3035 571 3122 631 Pro¬

1987 593 2135 653 blemen,
2160 595 2217 655 wie
2252 595 2289 655 sie
2324 601 2507 661 gemeinhin
2546 603 2603 663 den
2642 607 2853 667 Dramatiker
2888 610 3056 670 bewegen,
3085 613 3113 673 zu

1989 637 2170 697 versuchen.
2191 639 2287 699 Wenn
2323 640 2393 700 man
2424 641 2509 701 will,
2525 645 2596 705 mag
2627 644 2697 704 man
2728 646 2758 706 ja
2789 647 2839 707 den
2870 649 3036 709 Konflikt,
3052 649 3107 709 den

1991 679 2026 739 er
2063 679 2093 739 im
2151 681 2336 741 „Professor
2368 685 2553 745 Bernardi“
2601 688 2744 748 zwischen
2792 691 2843 751 der
2879 694 3111 754 seelsorglichen

1999 721 2112 781 Pflicht
2144 724 2231 784 eines
2268 726 2428 786 Priesters
2475 729 2537 789 und
2574 730 2630 790 der
2662 731 2827 791 ärztlichen
2864 734 2987 794 Pflicht
3024 739 3112 799 eines

1994 765 2200 825 Mediziners
2235 769 2467 829 konstruierte,
2493 770 2542 830 als
2578 775 2719 835 Problem
2770 777 2870 837 gelten
2906 778 3022 838 lassen,
3047 781 3112 841 doch

1994 807 2144 867 erscheint
2170 807 2199 867 es
2235 810 2295 870 mit
2320 813 2395 873 allzu
2431 813 2616 873 einseitiger
2647 819 2883 879 Parteinahme
2914 820 3024 880 gelöst.
3049 822 3114 882 Der

1994 850 2107 910 größte
2152 851 2269 911 Wurf,
2310 855 2339 915 zu
2383 855 2437 915 dem
2492 855 2520 915 er
2555 859 2732 919 ausholte,
2772 863 2841 923 war
2891 864 2979 924 „Der
3014 866 3117 926 junge

1997 894 2223 954 Medardus“,
2244 897 2295 957 dem
2342 898 2409 958 auch
2440 897 2475 957 am
2517 903 2743 963 Burgtheater
2775 905 2826 965 der
2857 905 2970 965 größte
2997 907 3109 967 Erfolg

1995 934 2051 994 von
2088 937 2133 997 all
2155 939 2205 999 den
2243 939 2361 999 vielen,
2387 942 2459 1002 dort
2486 945 2655 1005 gespielten
2687 948 2945 1008 Schnitzlerschen
2976 951 3110 1011 Stücken

1992 979 2162 1039 beschieden
2198 981 2283 1041 war.
2309 983 2369 1043 Ein
2400 987 2656 1047 Szenengefüge
2687 988 2741 1048 von
2783 990 2963 1050 erstaunlich
2999 993 3114 1053 bunter

1994 1020 2060 1080 und
2092 1021 2204 1081 reicher
2236 1025 2565 1085 Mannigfaltigkeit,
2587 1031 2720 1091 zugleich
2752 1032 2798 1092 ein
2829 1034 3019 1094 historisches
3051 1036 3117 1096 Ge¬

1996 1064 2100 1124 mälde
2125 1064 2177 1124 von
2211 1065 2325 1125 breitem
2369 1068 2507 1128 Aufriß.
2526 1071 2593 1131 Das
2622 1073 2712 1133 Wien
2741 1075 2799 1135 von
2828 1074 2923 1134 1809,
2942 1077 3104 1137 Napoleon

1991 1105 2024 1165 in
2058 1109 2301 1169 Schönbrunn,
2335 1112 2627 1172 Kanonendonner
2656 1118 2718 1178 auf
2747 1118 2799 1178 den
2833 1119 3000 1179 Basteien.
3034 1122 3115 1182 Hier

1995 1151 2145 1211 bewährt
2168 1153 2210 1213 sich
2238 1154 2307 1214 auch
2335 1156 2523 1216 Schnitzlers
2557 1160 2789 1220 Meisterschaft
2811 1163 2837 1223 in
2871 1163 2918 1223 der
2946 1166 3102 1226 szenischen

2001 1197 2178 1257 Führung,
2206 1198 2237 1258 im
2281 1199 2465 1259 dramatisch
2498 1204 2654 1264 bewegten
2687 1207 2832 1267 Dialog.
2871 1207 2956 1267 Aber
2995 1210 3043 1270 die
3076 1208 3108 1268 in

1999 1301 2094 1361 diesen
2131 1303 2329 1363 imposanten
2366 1305 2505 1365 Rahmen
2542 1309 2800 1369 hineingestellte
2831 1309 3114 1369 Liebeshandlung

1989 1345 2129 1405 zwischen
2162 1348 2351 1408 Medardus
2384 1348 2503 1408 Klähr,
2547 1352 2670 1412 „dieses
2703 1352 2843 1412 Krieges
2882 1351 2984 1411 letztem
3044 1351 3103 1411 und

1984 1388 2171 1448 seltsamsten
2212 1392 2353 1452 Helden"
2405 1393 2467 1453 und
2501 1394 2552 1454 der
2582 1395 2769 1455 Prinzessin
2803 1393 2922 1453 Helene
2968 1396 3115 1456 verläuft

1989 1434 2069 1494 ganz
2097 1433 2140 1493 so,
2162 1434 2221 1494 wie
2249 1432 2297 1492 bei
2324 1434 2498 1494 Schnitzler
2525 1437 2654 1497 jegliche
2682 1437 2795 1497 „Liebe
2845 1436 3006 1496 verläuft.

2075 1473 2120 1533 Er
2150 1476 2213 1536 war
2248 1476 2328 1536 nicht
2358 1478 2409 1538 der
2438 1479 2564 1539 Dichter
2594 1481 2646 1541 der
2675 1480 2796 1540 großen
2831 1479 2934 1539 Liebe,
2958 1482 3009 1542 der
3039 1481 3113 1541 tief¬

1976 1517 2261 1577 aufwühlenden,
2284 1520 2380 1580 echten
2419 1521 2483 1581 und
2516 1524 2629 1584 starken
2667 1524 2942 1584 Leidenschaften.
2964 1521 3012 1581 Er
3040 1524 3109 1584 war

1989 1562 2160 1622 zeitlebens
2193 1563 2248 1623 der
2282 1565 2408 1625 Dichter
2442 1564 2491 1624 der
2525 1564 2772 1624 „Liebeleien".
2817 1565 2877 1625 Ein
2911 1563 3015 1623 Spiel
3049 1566 3109 1626 nur

1984 1605 2072 1665 schien
2111 1606 2155 1666 ihm
2200 1605 2249 1665 die
2277 1607 2387 1667 Liebe,
2405 1608 2598 1668 tändelndes
2632 1610 2820 1670 Abenteuer
2848 1607 2980 1667 zwischen
3020 1609 3108 1669 heute

1989 1648 2050 1708 und
2082 1648 2231 1708 morgen.
2252 1652 2359 1712 Nicht,
2376 1652 2432 1712 daß
2463 1652 2493 1712 er
2520 1655 2741 1715 verschwiegen
2773 1655 2875 1715 hätte,
2896 1655 2958 1715 mit
2979 1655 3102 1715 welchen

1986 1691 2271 1751 Verzweiflungen
2309 1694 2422 1754 solcher
2455 1696 2643 1756 flüchtiger,
2671 1695 2956 1755 hemmungsloser
2989 1697 3107 1757 Rausch

1981 1733 2041 1793 Her
2064 1735 2174 1795 Sinne
2208 1737 2251 1797 oft
2279 1736 2400 1796 gebüßt
2429 1738 2522 1798 wird.
2545 1739 2638 1799 Diese
2666 1739 2953 1799 Verzweiflungen
2987 1739 3102 1799 treiben

1989 1776 2067 1836 seine
2100 1778 2299 1838 unheldische
2353 1781 2473 1841 elden
2516 1784 2578 1844 und
2616 1784 2800 1844 Heldinnen
2837 1784 2958 1844 immer
2990 1782 3105 1842 wieder

1987 1821 2013 1881 in
2047 1820 2102 1880 den
2141 1822 2411 1882 selbstgewählten
2445 1824 2532 1884 Tod.
2561 1825 2665 1885 Seine
2699 1828 3007 1888 Mädchengestalten
3047 1824 3101 1884 von

1983 1863 2035 1923 der
2062 1865 2173 1925 armen
2206 1867 2538 1927 Musikantentochter
2566 1870 2728 1930 Christine
2756 1870 2808 1930 bis
2835 1872 2861 1932 zu
2899 1870 2983 1930 jener
3010 1869 3115 1929 Prin¬

1979 1908 2070 1968 gessin
2108 1908 2216 1968 mögen
2255 1910 2319 1970 noch
2352 1910 2379 1970 so
2406 1912 2638 1972 verschiedenen
2672 1913 3012 1973 Gesellschaftskreisen
3045 1912 3115 1972 ent¬

1979 1948 2132 2008 Kommen
2166 1950 2248 2010 sein,
2266 1951 2293 2011 in
2327 1953 2376 2013 dem
2420 1954 2519 2014 Einen
2554 1955 2619 2015 sind
2647 1954 2685 2014 sie
2708 1956 2779 2016 doch
2807 1957 2862 2017 alle
2891 1957 3111 2017 Schwestern:

1989 1993 2037 2053 Jaß
2092 1993 2129 2053 sie
2168 1993 2221 2053 sich
2260 1995 2476 2055 wegwerfen,
2514 1997 2703 2057 leichtfertig
2747 2000 2903 2060 verlieren
2958 2000 2995 2060 an
3050 1999 3103 2059 das

1976 2035 2123 2095 lockende
2152 2036 2354 2096 Abenteuer.
2377 2039 2456 2099 Jede
2490 2038 2546 2098 von
2575 2040 2670 2100 ihnen
2705 2043 2744 2103 ist
2773 2044 2828 2104 das
2863 2045 2953 2105 „füße
2982 2046 3116 2106 Mädl",

1975 2079 2042 2139 das
2071 2078 2245 2138 Schnitzler
2274 2079 2303 2139 in
2337 2080 2387 2140 die
2416 2083 2585 2143 Literatur
2614 2085 2805 2145 eingeführt
2829 2085 2901 2145 hat.

2073 2123 2157 2183 Man
2208 2125 2264 2185 hat
2311 2125 2361 2185 ihn
2418 2127 2468 2187 den
2504 2128 2633 2188 Dichter
2662 2131 2713 2191 des
2747 2131 2934 2191 dekadenten
2969 2133 3115 2193 Bürger¬

1984 2166 2093 2226 tumes
2127 2168 2293 2228 genannt.
2310 2169 2404 2229 Nicht
2426 2172 2509 2232 ganz
2538 2174 2598 2234 mit
2620 2175 2737 2235 Recht.
2776 2175 2869 2235 Denn
2904 2175 2931 2235 es
2964 2176 3002 2236 ist
3025 2177 3113 2237 mehr

1984 2211 2033 2271 als
2067 2212 2221 2272 fraglich,
2266 2211 2304 2271 ob
2332 2213 2431 2273 dieses
2465 2217 2658 2277 B'rgertum
2708 2218 2763 2278 der
2791 2220 3056 2280 Vorkriegszeit,
3079 2220 3105 2280 in

1984 2251 2041 2311 der
2073 2253 2152 2313 seine
2184 2255 2432 2315 Bühnenwerke
2470 2259 2601 2319 spielen,
2649 2259 2717 2319 auch
2771 2261 2802 2321 in
2861 2261 2913 2321 der
2961 2261 3034 2321 Tat
3082 2261 3108 2321 so

1981 2294 2140 2354 dekadent
2167 2299 2251 2359 war,
2268 2300 2325 2360 wie
2358 2300 2384 2360 er
2411 2301 2443 2361 es
2475 2302 2655 2362 schilderte,
2676 2305 2708 2365 ob
2740 2305 2788 2365 er,
2810 2306 2894 2366 seine
2921 2306 3111 2366 Kenntnisse

1981 2340 2045 2400 aus
2100 2342 2185 2402 einer
2241 2345 2321 2405 ganz
2370 2344 2575 2404 bestimmten
2614 2348 2754 2408 Schichte
2803 2348 2987 2408 schöpfend,
3031 2350 3116 2410 nicht

1980 2384 2305 2444 verallgemeinerte,
2348 2387 2417 2447 was
2455 2388 2502 2448 sich
2535 2391 2561 2451 in
2604 2393 2763 2453 einzelnen
2801 2391 2913 2451 Fällen
2951 2393 2977 2453 in
3015 2393 3110 2453 dieser

1981 2428 2339 2488 Gesellschaftsschichte
2367 2431 2499 2491 zutrug.
2544 2433 2593 2493 Am
2660 2435 2820 2495 krassesten
2876 2434 2969 2494 schien
3025 2434 3113 2494 wohl

1985 2471 2064 2531 diese
2096 2473 2471 2533 Verallgemeinerung,
2519 2476 2609 2536 wenn
2672 2479 2709 2539 sie
2762 2479 2793 2539 im
2863 2479 2978 2539 „Gang
3037 2481 3095 2541 zum

1978 2512 2156 2572 Weiher“,
2200 2518 2302 2578 seinem
2368 2518 2470 2578 letzten
2530 2519 2567 2579 am
2616 2521 2843 2581 Burgtheater
2876 2522 3102 2582 aufgeführten

1987 2555 2120 2615 Stücke,
2140 2560 2209 2620 auch
2242 2560 2292 2620 von
2331 2560 2382 2620 der
2409 2563 2548 2623 Familie
2594 2563 2682 2623 eines
2735 2567 2791 2627 dem
2831 2568 2964 2628 Throne
3009 2566 3111 2626 nahe¬

1987 2602 2151 2662 stehenden
2181 2605 2356 2665 Freiherrn
2392 2605 2494 2665 Besitz
2511 2605 2647 2665 ergriff.

2069 2646 2241 2706 Vielleicht
2283 2647 2323 2707 ist
2365 2648 2399 2708 es
2448 2650 2585 2710 wirklich
2613 2652 2681 2712 eine
2710 2650 2778 2710 Art
2799 2652 2853 2712 von
2889 2654 3025 2714 Tragik,
3047 2653 3101 2713 daß

1985 2686 2036 2746 ihm
2083 2689 2128 2749 die
2158 2690 2348 2750 Menschen,
2372 2690 2423 2750 die
2453 2692 2481 2752 er
2516 2695 2545 2755 zu
2581 2694 2730 2754 gestalten
2771 2694 2904 2754 meinte,
2950 2695 3111 2755 gewisser¬

1983 2732 2095 2792 maßen
2132 2734 2225 2794 unter
2256 2733 2307 2793 den
2344 2736 2477 2796 Händen
2509 2738 2699 2798 entglitten.
2747 2739 2839 2799 Denn
2870 2738 2900 2798 es
2932 2738 3050 2798 konnte
3076 2739 3102 2799 in

1983 2776 2035 2836 den
2073 2776 2199 2836 Jahren
2236 2778 2304 2838 nach
2336 2778 2388 2838 dem
2431 2780 2551 2840 Kriege
2584 2781 2657 2841 kaum
2705 2783 2773 2843 noch
2810 2782 3004 2842 zweifelhaft
3031 2784 3110 2844 sein,

1984 2820 2039 2880 daß
2078 2820 2105 2880 es
2144 2822 2255 2882 solche,
2278 2821 2338 2881 mit
2367 2822 2454 2882 ihren
2488 2824 2654 2884 Gefühlen
2693 2825 2754 2885 und
2788 2826 2976 2886 Gefühlchen
3015 2826 3109 2886 wort¬

1983 2864 2056 2924 reich
2110 2864 2341 2924 kokettierende
2373 2867 2536 2927 Menschen
2595 2867 2679 2927 nicht
2727 2867 2816 2927 mehr
2864 2869 2948 2929 gab,
2991 2870 3106 2930 immer

1981 2906 2117 2966 seltener
2146 2908 2224 2968 gab,
2248 2906 2275 2966 je
2304 2908 2417 2968 härter
2446 2910 2496 2970 die
2520 2912 2599 2972 Zeit
2628 2910 2707 2970 diese
2742 2912 2939 2972 Menschheit
2968 2912 3030 2972 und
3065 2911 3087 2971 im

1983 2949 2173 3009 besonderen
2209 2951 2259 3011 die
2284 2951 2420 3011 Jugend
2450 2954 2586 3014 anfaßte
2622 2954 2682 3014 und
2717 2954 2747 3014 zu
2783 2955 2938 3015 ernsterer
2969 2954 3109 3014 Lebens¬

1984 2993 2130 3053 führung
2165 2995 2311 3055 nötigte,
2340 2996 2391 3056 die
2425 2999 2617 3059 gleichzeitig
2657 2999 2724 3059 eine
2759 2998 2934 3058 kräftigere
2968 2997 3109 3057 Lebens¬

1979 3036 2142 3096 bejahung
2177 3037 2340 3097 bedeutet.
2381 3041 2528 3101 Heutige
2552 3041 2687 3101 Jugend
2739 3042 2812 3102 läßt
2835 3041 2885 3101 sich
2914 3041 2999 3101 nicht
3022 3044 3106 3104 mehr

1981 3080 2190 3140 träumerisch
2240 3081 2388 3141 treiben,
2428 3082 2471 3142 sie
2516 3085 2621 3145 weiß,
2666 3084 2726 3144 daß
2782 3085 2825 3145 sie
2875 3085 2924 3145 sich
2953 3085 2980 3145 in
3019 3084 3107 3144 einer

1984 3124 2176 3184 stürmischer
2210 3124 2419 3184 gewordenen
2453 3124 2540 3184 Welt
2591 3129 2623 3189 zu
2662 3129 2838 3189 behaupten
2878 3128 2949 3188 hat.
2994 3129 3103 3189 Daher

1983 3164 2035 3224 kam
2099 3167 2151 3227 es,
2194 3166 2278 3226 daß,
2315 3168 2410 3228 wenn
2463 3169 2489 3229 in
2527 3171 2579 3231 den
2616 3172 2716 3232 letzten
2749 3172 2874 3232 Jahren
2907 3172 2943 3232 ab
2975 3174 3038 3234 und
3070 3172 3101 3232 zu

1980 3211 2098 3271 wieder
2131 3210 2261 3270 einmal
2289 3211 2375 3271 eines
2408 3213 2461 3273 von
2500 3214 2554 3274 den
2587 3214 2710 3274 älteren
2749 3215 2873 3275 Werken
2911 3214 3105 3274 Schnitzlers

1980 3253 2037 3313 auf
2064 3253 2153 3313 einer
2180 3253 2296 3313 Bühne
2329 3257 2528 3317 auftauchte,
2551 3256 2598 3316 die
2625 3258 2814 3318 Menschen,
2857 3258 2904 3318 die
2952 3256 2983 3316 es
3031 3256 3110 3316 vor¬

1981 3297 2107 3357 führte,
2152 3297 2245 3357 einen
2301 3299 2362 3359 fast
2412 3300 2704 3360 gespensterhaften
2744 3300 2904 3360 Eindruck
2954 3300 3114 3360 machten,

1980 3342 2127 3402 gleichsam
2196 3342 2259 3402 nur
2292 3342 2333 3402 ein
2366 3344 2613 3404 Schattenleben
2651 3345 2799 3405 führten.
2841 3345 2905 3405 Sie
2932 3345 3037 3405 waren
3074 3343 3100 3403 in

1982 3383 2030 3443 des
2062 3383 2191 3443 Wortes
2222 3387 2426 3447 wörtlichstem
2476 3389 2593 3449 Sinne
2619 3390 2791 3450 überlebt,
2835 3389 2884 3449 bei
2934 3389 3094 3449 Lebzeiten

1979 3429 2067 3489 ihres
2102 3427 2270 3487 Dichters.

2069 3472 2146 3532 Kein
2177 3473 2339 3533 Zweifel:
2358 3473 2405 3533 Er
2430 3473 2496 3533 war
2527 3474 2574 3534 die
2599 3476 2846 3536 wienerischeste
2871 3473 3039 3533 Stimme,
3058 3474 3105 3534 die

1976 3517 2007 3577 je
2056 3517 2120 3577 auf
2170 3517 2223 3577 dem
2288 3517 2449 3577 deutschen
2482 3518 2627 3578 Theater
2681 3521 2799 3581 gehört
2848 3518 2977 3578 wurde,
3021 3518 3101 3578 weit

1980 3560 2215 3620 wienerischer,
2233 3560 2285 3620 als
2314 3560 2365 3620 der
2395 3560 2584 3620 dramatisch
2614 3562 2809 3622 kräftigere,
2850 3560 2925 3620 aber
2972 3561 3005 3621 an
3041 3560 3092 3620 den

1981 3602 2091 3662 groben
2131 3603 2297 3663 Konturen
2336 3602 2385 3662 des
2419 3605 2646 3665 Wienertums
2680 3605 2829 3665 haftende
2857 3605 3112 3665 Anzengruber.

1976 3644 2027 3704 Er
2072 3645 2129 3705 hat
2175 3646 2230 3706 den
2288 3644 2440 3704 zartesten
2492 3647 2628 3707 Zauber
2673 3646 2729 3706 der
2758 3647 2888 3707 Wiener
2917 3647 3109 3707 Landschaft

1975 3691 2123 3751 gestaltet
2171 3688 2234 3748 und
2287 3690 2339 3750 als
2393 3691 2694 3751 mitschwingendes
2727 3691 2879 3751 Element
2928 3690 2959 3750 in
3017 3688 3101 3748 seine

1970 3733 2314 3793 Bühnendichtungen
2371 3733 2562 3793 eingefügt.
2602 3737 2652 3797 In
2693 3733 2794 3793 vielen
2834 3733 2929 3793 seiner
2964 3733 3093 3793 Szenen

1975 3775 2059 3835 weht
2107 3777 2212 3837 sanfte
2266 3775 2498 3835 Melancholie,
2541 3776 2599 3836 der
2647 3778 2853 3838 verträumte
2880 3778 2985 3838 Hauch
3039 3776 3096 3836 von

1971 3819 2278 3879 Vergänglichkeit,
2320 3817 2372 3877 der
2426 3817 2496 3877 eben
2532 3821 2621 3881 jetzt,
2663 3823 2721 3883 zur
2751 3820 2828 3880 Zeit
2858 3820 2905 3880 der
2935 3820 3093 3880 fallenden

1979 3863 2126 3923 Blätter,
2150 3863 2208 3923 auf
2233 3862 2285 3922 den
2321 3862 2439 3922 Wegen
2475 3862 2509 3922 om
2557 3865 2674 3925 Rande
2705 3863 2758 3923 der
2788 3862 2893 3922 Stadt
2923 3862 2976 3922 den
3012 3864 3099 3924 nach¬

1973 3906 2144 3966 denklichen
2182 3903 2360 3963 Wanderer
2386 3905 2564 3965 empfing.
2608 3906 2853 3966 „Wunderschön
2891 3906 2928 3966 ist
2953 3906 2977 3966 es
3009 3906 3094 3966 dann

1972 3948 2115 4008 immer,
2134 3948 2194 4008 wie
2225 3948 2272 4008 die
2303 3948 2490 4008 Menschen,
2515 3948 2580 4008 dies
2623 3948 2882 4008 Schnitzlerschen
2919 3948 3081 4008 Menschen

1976 3990 2075 4050 diesem
2120 3991 2473 4051 Stimmungszauber
2523 3990 2716 4050 hingegeben
2756 3992 2838 4052 sind,
2883 3992 2932 4052 sich
2966 3990 3015 4050 ihm
3065 3993 3092 4053 in

1973 4033 2061 4093 ihren
2095 4035 2199 4095 Reden
2233 4035 2293 4095 und
2321 4034 2448 4094 Fühlen
2476 4035 2647 4095 anpassen.
2670 4034 2786 4094 Solche
2814 4035 2962 4095 Szenen,
2985 4035 3101 4095 erfüllt

1967 4077 2028 4137 von
2080 4076 2300 4136 wienerischer
2326 4079 2552 4139 Stimmung,
2594 4078 2722 4138 wurden
2779 4076 2845 4136 uns
2892 4077 2932 4137 an
2984 4079 3086 4139 vielen

1970 4118 2256 4178 Theaterabenden
2296 4120 2350 4180 das
2390 4121 2571 4181 eigentliche
2599 4121 2775 4181 Erlebnis.
2820 4121 2891 4181 Und
2925 4121 3018 4181 dafür
3052 4121 3096 4181 sei

1972 4163 2007 4223 er
2032 4165 2182 4225 bedankt,
2207 4163 2260 4223 der
2286 4163 2375 4223 nun,
2394 4165 2423 4225 in
2455 4166 2508 4226 den
2539 4166 2647 4226 Tagen
2702 4166 2761 4226 der
2811 4166 2900 4226 müde
2931 4165 3087 4225 fallenden

2993 4207 3055 4267 B.

1971 4207 2121 4267 Blätter,
2145 4211 2237 4271 müde
2267 4211 2509 4271 hinüberging.
