3436 4320
179 416 224 476 n,
248 416 299 476 der
332 416 396 476 ent¬

186 458 242 518 gen
279 458 331 518 die
362 458 388 518 in

187 503 392 563 menschliche

186 541 278 601 boten
315 543 393 603 var.

173 586 197 646 g
221 583 274 643 den
304 586 381 646 Hahn

177 624 228 684 der
255 624 296 684 ihm
344 628 374 688 am

200 667 237 727 on
279 670 382 730 Ottos

179 709 387 769 porbereitete.

177 751 213 811 te,
240 751 308 811 was
345 752 367 812 im

184 792 213 852 fe
234 795 386 855 greifend,

180 834 204 894 hr
240 835 291 895 ihm
337 839 387 899 die

181 876 230 936 sind
260 879 287 939 er
317 883 387 943 sank

182 962 382 1022 Bewußtsein

177 1004 301 1064 Ahnung
333 1007 384 1067 des

220 1050 377 1110 geschehen

176 1091 224 1151 och
254 1091 317 1151 hier
346 1093 375 1153 an

182 1133 255 1193 tan,
277 1136 381 1196 stürzte

181 1175 278 1235 durch
323 1178 371 1238 den

174 1219 194 1279 r
215 1217 261 1277 den
293 1222 370 1282 Flur

174 1261 243 1321 sticht
269 1263 378 1323 wieder

204 1305 381 1365 menschen¬

174 1348 321 1408 prfstraße
347 1351 362 1411 1

192 1392 280 1452 durch
321 1395 370 1455 den

179 1434 232 1494 der
260 1434 302 1494 ihn
340 1437 361 1497 im

173 1476 228 1536 brt,
266 1479 378 1539 immer

174 1518 294 1578 WWillen,
316 1522 380 1582 nie¬

188 1563 279 1623 durch
311 1566 375 1626 eine

176 1607 250 1667 rihn
279 1607 367 1667 enden

176 1649 271 1709 leichen
301 1652 378 1712 Wer

181 1694 282 1754 ihm
328 1693 378 1753 be¬

178 1733 231 1793 bis
262 1736 286 1796 in
316 1736 360 1796 all

164 1778 229 1838 schte
262 1781 373 1841 hinzu¬

198 1864 360 1924 Zegstunden

201 1909 266 1969 ohen
297 1910 362 1970 war

203 1951 284 2011 fast
310 1951 356 2011 ver

180 1993 199 2053 ch
223 1996 360 2056 abwärts

199 2035 369 2095 trocknete.

240 2082 267 2142 an
304 2082 368 2142 drei

282 2345 353 2405 2.

268 2457 366 2517 aus¬

267 2503 274 2563 r
303 2502 363 2562 an¬

278 2545 340 2605 dem

258 2590 361 2650 Inten¬

288 2634 354 2694 und

256 2674 335 2734 nde

249 2719 338 2779 Gegen

258 2972 269 3032 u
306 2974 353 3034 die

235 3020 334 3080 nachts

275 3063 356 3123 sein,

200 3276 334 3336 Inszenie

185 3318 320 3378 ungen

160 3363 277 3423 ingerin
319 3363 354 3423 ist

151 3405 226 3465 ende
283 3408 329 3468 ver

164 3452 262 3512 fährt,
293 3454 327 3514 um

150 3497 263 3557 noper
297 3497 324 3557 an

139 3687 227 3747 oper
253 3691 347 3751 Unter

135 3733 234 3793 gangt,
270 3733 344 3793 kann

139 3775 231 3835 oper
275 3776 334 3836 nich

138 3820 168 3880 s
209 3820 345 3880 österrei¬

133 3859 181 3919 len
219 3863 266 3923 für
299 3865 341 3925 die

130 4056 180 4116 ist
212 4059 344 4119 Neid¬

157 4103 343 4163 Komponist

160 4145 206 4205 so
233 4146 342 4206 erfolg¬

640 535 1006 595 Arthur
1086 540 1665 600 Schnitzlers
1745 556 2249 616 einsamer
2329 563 2908 623 Heingang

517 632 593 692 „Den
629 628 698 688 Weg
734 633 874 693 hinunter
910 636 998 696 gehen
1040 639 1092 699 wir
1122 640 1180 700 alle
1210 640 1339 700 allein",
1363 640 1462 700 schrieb
1498 646 1655 706 Schnitzler
1691 647 1714 707 im

1831 652 1971 712 Gosichter
1991 655 2138 715 grüßten,
2158 655 2229 715 über
2249 658 2408 718 gefallenes
2435 661 2537 721 welkes
2563 661 2640 721 Laub
2673 664 2800 724 hinweg,
2820 666 2884 726 eine
2904 669 3032 729 einsame

515 680 684 740 „Einsamen
713 679 819 739 Weg“.
839 682 897 742 Und
922 682 950 742 er
975 683 1008 743 ist
1033 688 1120 748 diesen
1149 689 1211 749 Weg
1241 689 1308 749 schon
1338 688 1391 748 seit
1411 689 1516 749 Jahren
1546 695 1642 755 einsam
1682 697 1725 757 ge¬

1823 701 1976 761 Heimkehr
2010 703 2053 763 ins
2087 705 2163 765 stille
2193 706 2279 766 Haus
2313 709 2370 769 und
2409 710 2447 770 ein
2486 712 2634 772 Hinsinken
2673 712 2707 772 am
2755 714 2957 774 Schreibtisch,
2986 721 3029 781 ein

516 730 667 790 schritten;
698 730 798 790 gestern
829 732 935 792 stürzte
956 733 985 793 er
1011 735 1056 795 die
1077 736 1168 796 letzten
1199 736 1340 796 Schritte.
1361 737 1426 797 Wie
1452 740 1512 800 eine
1538 745 1583 805 der
1608 746 1724 806 klugen,

1826 748 1955 808 Sinken,
1974 751 2098 811 Stürzen
2128 752 2180 812 und
2209 756 2357 816 Sterben.
2381 757 2443 817 Der
2468 759 2524 819 Tod
2554 760 2601 820 des
2630 760 2682 820 fast
2702 764 2960 824 Siebzigjährigen
2989 767 3032 827 er¬

523 776 569 836 bis
598 779 649 839 zum
687 778 874 838 Grüblertum
912 781 1141 841 nachdenklichen
1175 785 1315 845 Gestalten
1349 784 1437 844 seiner
1466 789 1569 849 Stücke
1597 792 1648 852 und
1677 794 1733 854 Er¬

1823 795 1957 855 schüttert
1982 800 2048 860 alle,
2069 800 2155 860 denen
2189 802 2261 862 seine
2285 804 2430 864 Dichtung
2464 807 2535 867 nicht
2561 808 2613 868 nur
2642 810 2743 870 Glanz
2772 811 2820 871 der
2845 814 2960 874 Jugend
2989 814 3037 874 ge¬

515 825 679 885 zählungen
708 825 741 885 ist
761 825 785 885 er
810 826 863 886 aus
887 826 935 886 dem
969 830 1056 890 Leben
1085 837 1249 897 gegangen.
1274 834 1322 894 Ein
1346 835 1438 895 letzter
1463 839 1573 899 schöner
1593 843 1732 903 Spazier¬

1817 845 1918 905 wesen.
1948 849 2020 909 Hier
2050 852 2146 912 mögen
2180 852 2223 912 die
2248 854 2393 914 sprechen,
2418 858 2456 918 die
2486 857 2533 917 den
2563 858 2732 918 Menschen,
2757 861 2805 921 den
2834 861 2945 921 Denker
2975 862 3028 922 und

520 878 594 938 gang
624 874 707 934 durch
738 877 782 937 die
807 878 969 938 herbstliche
995 880 1107 940 Stadt,
1128 885 1172 945 die
1197 885 1226 945 er
1252 885 1345 945 liebte,
1371 885 1395 945 in
1425 888 1473 948 der
1499 889 1543 949 ihn
1578 892 1725 952 vertraute

2134 901 2282 961 Gestalter
2312 906 2366 966 aus
2401 906 2449 966 der
2474 906 2558 966 Nähe
2583 906 2725 966 kannten.

2251 1004 2448 1064 dichterischen
2502 1004 2662 1064 Schaffens
2721 1007 2790 1067 auch
2849 1010 3105 1070 wissenschaftliche

2246 1046 2372 1106 Studien
2409 1048 2656 1108 unternommen,
2679 1050 2904 1110 Forschungen,
2922 1053 3008 1113 deren
3040 1055 3106 1115 Nie¬

670 1061 1089 1121 Schnigter
1159 1064 1307 1124 und
1377 1066 1511 1126 das
1581 1076 1946 1136 Theater

2252 1091 2392 1151 derschlag
2426 1091 2499 1151 seine
2523 1093 2639 1153 Schrift
2669 1093 2741 1153 „Der
2766 1093 2852 1153 Geist
2878 1094 2901 1154 im
2940 1097 3027 1157 Wort
3052 1096 3100 1156 und

2247 1136 2295 1196 der
2315 1136 2402 1196 Geist
2422 1137 2446 1197 in
2476 1138 2524 1198 der
2548 1137 2626 1197 Tat“
2651 1138 2728 1198 war.
2768 1138 2845 1198 Aber
2875 1139 2913 1199 ein
2943 1144 3098 1204 großes

1022 1171 1107 1231 Von
1152 1172 1302 1232 Victor
1325 1175 1598 1235 Barnowsky

2250 1181 2529 1241 Manuskripi
2558 1181 2572 1241 —
2629 1182 2681 1242 das
2715 1184 2823 1244 größte
2852 1183 2866 1243 —
2923 1186 2961 1246 ist
2990 1187 3103 1247 unver¬

2245 1225 2414 1285 öffentlicht
2449 1225 2507 1285 und
2546 1225 2619 1285 wird
2658 1226 2716 1286 erst
2751 1227 2774 1287 in
2818 1227 2901 1287 einem
2950 1230 3095 1290 künftigen

494 1247 552 1307 Die
586 1251 736 1311 Nachricht
771 1255 819 1315 vom
868 1255 925 1315 Tod
964 1259 1086 1319 Arthur
1120 1264 1294 1324 Schnitzlers

2253 1270 2416 1330 Zeitpunkt
2467 1270 2687 1330 veröffentlicht
2739 1270 2874 1330 werden:
2926 1273 3098 1333 Schnitzler¬

437 1294 574 1354 erreichte
605 1298 661 1358 uns
691 1300 829 1360 während
864 1300 911 1360 der
941 1305 1290 1365 Abend=Generalprobe

2242 1315 2480 1375 Tagebuch,
2510 1315 2563 1375 das
2598 1315 2627 1375 er
2661 1315 2719 1375 seit
2749 1315 2827 1375 etwa
2867 1316 2934 1376 1895
2969 1318 3100 1378 niemals

435 1339 467 1399 vo
504 1342 617 1402 nJules
654 1343 805 1403 Romains
846 1345 987 1405 Komödie
1024 1348 1124 1408 „Der
1157 1352 1289 1412 Kapi-

2249 1357 2454 1417 unterbrochen
2487 1360 2550 1420 hat,
2574 1360 2614 1420 die
2638 1360 2751 1420 genaue
2779 1360 2998 1420 Aufzeichnung
3031 1363 3094 1423 aller

428 1384 588 1444 talist",
613 1384 697 1444 deren
736 1388 968 1448 Uraufführung
1006 1393 1096 1453 heute
1129 1394 1153 1454 im
1200 1395 1295 1455 Deut¬

2242 1399 2480 1459 Begegnungen,
2504 1401 2575 1461 aller
2604 1401 2784 1461 Gespräche,
2823 1404 2899 1464 aller
2952 1407 3099 1467 Beobach¬

442 1428 511 1488 schen
544 1429 797 1489 Künstlertheater
826 1431 1008 1491 stattfindet.
1027 1435 1082 1495 Die
1106 1437 1288 1497 Fortsetzung

2242 1445 2352 1505 tungen
2385 1446 2407 1506 in
2440 1446 2532 1506 diesem
2574 1444 2624 1504 vom
2666 1446 2758 1506 Glück
2787 1449 2999 1509 verwöhnten,
3022 1452 3096 1512 dann

435 1470 485 1530 der
513 1472 612 1532 Probe
640 1473 723 1533 schien
755 1475 923 1535 gefährdet,
947 1478 1015 1538 aber
1048 1479 1102 1539 nur
1134 1479 1179 1539 für
1212 1482 1289 1542 kurze

2249 1488 2509 1548 vereinsamenden
2545 1491 2797 1551 Dichterdaseins.

435 1516 514 1576 Zeit,
533 1516 603 1576 dann
636 1518 700 1578 ging
730 1518 757 1578 es
785 1519 901 1579 weiter.
925 1522 1004 1582 „Das
1033 1524 1158 1584 Theuter
1187 1526 1289 1586 duldet

2305 1533 2412 1593 Zuletzt
2460 1533 2513 1593 hat
2543 1535 2703 1595 Schnitzler
2751 1538 2834 1598 einen
2882 1539 3095 1599 Theater¬

429 1558 507 1618 keine
549 1563 801 1623 Rücksichtnahme
843 1565 898 1625 auf
935 1566 1100 1626 Regungen
1147 1569 1284 1629 privaten

2242 1575 2385 1635 roman
2422 1576 2569 1636 begonnen
2607 1579 2676 1639 oder
2713 1581 2824 1641 wieder
2857 1587 3028 1647 begonnen,
3056 1587 3102 1647 der

432 1603 600 1663 Schmerzes
628 1605 637 1665 —
683 1606 783 1666 „wenn
810 1607 856 1667 die
879 1607 997 1667 Stunde
1021 1610 1180 1670 geschlagen
1208 1613 1289 1673 hat".

2242 1621 2349 1681 nahezu
2386 1620 2541 1680 vollendet
2567 1622 2613 1682 ist.

490 1653 553 1713 Und
590 1656 690 1716 seltsam
746 1658 773 1718 so
806 1659 869 1719 war
902 1661 933 1721 es
970 1661 1034 1721 auch
1071 1661 1107 1721 am
1154 1664 1203 1724 28.
1231 1664 1290 1724 No¬

435 1697 567 1757 vember,
590 1699 621 1759 am
661 1700 718 1760 Tag
750 1702 798 1762 der
825 1703 1055 1763 Uraufführung
1091 1707 1140 1767 von
1171 1709 1286 1769 Arthur

436 1742 613 1802 Schnitzlers
666 1745 811 1805 Komödie
864 1750 1114 1810 „Professor
1157 1751 1292 1811 Bern¬

2433 1769 2901 1829 Erinnerungen

434 1784 587 1844 hardy“
617 1784 640 1844 im
684 1789 804 1849 Kleinen
833 1792 972 1852 Theater.
992 1793 1126 1853 Plötzlich
1156 1796 1218 1856 hieß
1247 1796 1295 1856 es:

419 1828 549 1888 „Otto
594 1828 739 1888 Brahm
798 1832 846 1892 ist
890 1834 1167 1894 gestorben!“
1216 1832 1279 1892 Wir

2431 1833 2496 1893 Von
2530 1835 2655 1895 Stefan
2689 1840 2902 1900 Großmann

422 1870 521 1930 waren
554 1873 611 1933 wie
640 1876 787 1936 gelähmt.
845 1875 906 1935 Der
935 1879 1116 1939 Inspizient
1145 1879 1216 1939 aber
1245 1880 1292 1940 ge¬

2298 1897 2357 1957 Der
2391 1900 2565 1960 achtjährige
2593 1905 2713 1965 Arthur
2741 1906 2893 1966 Schnitzler
2927 1909 2959 1969 ist
2987 1910 3101 1970 einmal

428 1915 544 1975 währte
593 1917 696 1977 unserm
752 1919 890 1979 Schmerz
925 1921 986 1981 nur
1038 1924 1150 1984 wenige
1176 1925 1288 1985 knappe

2240 1942 2262 2002 in
2298 1945 2374 2005 einem
2419 1944 2521 2004 Anzug
2548 1948 2602 2008 aus
2633 1950 2727 2010 Samt
2750 1951 2946 2011 fotografiert
2969 1954 3085 2014 worden

432 1960 595 2020 Minuten,
614 1961 686 2021 dann
718 1963 768 2023 gab
795 1963 822 2023 er
850 1963 900 2023 das
923 1965 1036 2025 Zeichen
1068 1967 1118 2027 zum
1159 1969 1277 2029 nächsten

2240 1984 2295 2044 Als
2323 1987 2415 2047 dieses
2443 1987 2511 2047 Bild
2544 1990 2608 2050 nach
2641 1993 2732 2053 vielen
2765 1993 2880 2053 Jahren
2913 1996 2935 2056 im
2982 1996 3096 2056 Wiener

424 2003 497 2063 Akt.
543 2003 602 2063 Und
639 2003 689 2063 der
721 2004 821 2064 Abend
859 2007 945 2067 schloß
987 2010 1064 2070 dann
1101 2011 1160 2071 mit
1188 2013 1270 2073 einen

2243 2029 2317 2089 Café
2346 2030 2471 2090 Zentral
2495 2034 2677 2094 auftauchte,
2701 2037 2850 2097 erstanden
2888 2040 2976 2100 sofort
3004 2040 3092 2100 einige

436 2046 540 2106 großen
570 2046 675 2106 Erfolg
704 2049 752 2109 für
776 2049 823 2109 den
853 2051 963 2111 Dichter
997 2052 1049 2112 und
1079 2054 1155 2114 seine
1179 2055 1289 2115 Helfer.

2249 2075 2445 2135 Psychologen
2473 2079 2500 2139 am
2543 2081 2766 2141 Marmortisch,
2785 2082 2827 2142 die
2841 2083 2892 2143 aus
2916 2085 2957 2145 dem
2990 2087 3092 2147 Samt¬

429 2088 520 2148 Unter
571 2090 621 2150 den
658 2093 846 2153 begeisterten
883 2096 1062 2156 Zuschauern
1099 2099 1204 2159 befand
1241 2098 1281 2158 sich

2235 2117 2333 2177 anzug
2362 2118 2414 2178 den
2447 2121 2555 2181 ganzen
2594 2123 2706 2183 Dichter
2735 2124 2763 2184 zu
2801 2124 2928 2184 erklären
2967 2128 3103 2188 wußten.

1342 2132 1477 2192 Proben,
1498 2133 1705 2193 Schauspieler
1737 2136 1794 2196 und
1826 2139 1919 2199 Regie
1945 2145 2121 2205 maßgebend
2153 2147 2178 2207 zu

425 2133 504 2193 Erich
542 2134 747 2194 Schmidt,
785 2137 832 2197 der
866 2139 1076 2199 unvergessene
1109 2142 1282 2202 Germanist

2234 2159 2326 2219 Samt
2349 2160 2362 2220 —
2409 2160 2459 2220 das
2487 2163 2588 2223 trugen
2621 2165 2675 2225 nur
2703 2168 2762 2228 sehr
2790 2168 2864 2228 feine
2888 2169 3029 2229 Knaben,
3053 2170 3094 2230 die

422 2176 474 2236 der
498 2178 642 2238 Berliner
672 2179 869 2239 Universität.

1332 2175 1543 2235 beeinflussen.
1584 2177 1648 2237 Das
1681 2178 1767 2238 zøigte
1795 2181 1840 2241 sich
1869 2183 1900 2243 am
1942 2187 2125 2247 deutlichsten
2157 2188 2180 2248 in

2236 2205 2313 2265 jeder
2341 2205 2505 2265 herzhaften
2543 2209 2689 2269 Rauferei
2712 2211 2918 2271 fernblieben,
2937 2214 3033 2274 Samt
3061 2210 3069 2270 —

1332 2220 1557 2280 Liebesszenen,
1576 2220 1654 2280 deren
1682 2222 1815 2282 Register
1838 2225 1883 2285 ihm
1921 2226 1967 2286 vom
2004 2231 2178 2291 Einfachsten

482 2221 548 2281 Das
584 2221 646 2281 war
682 2222 774 2282 meine
806 2224 877 2284 erste
909 2228 1192 2288 Zusammenarbeit
1224 2227 1277 2287 mit

2235 2243 2288 2303 das
2322 2247 2384 2307 war
2419 2250 2472 2310 das
2502 2252 2646 2312 gepflegte
2677 2253 2758 2313 Haus
2793 2253 2841 2313 des
2875 2256 3098 2316 Universitäts¬

1335 2261 1390 2321 und
1422 2261 1564 2321 Zartesten
1601 2262 1647 2322 bis
1685 2265 1711 2325 zu
1758 2267 1932 2327 verspielter
1974 2273 2084 2333 Ironie
2126 2272 2180 2332 und

422 2264 544 2324 Arthur
599 2265 776 2325 Schnitzler,
830 2267 879 2327 dem
949 2270 1061 2330 großen
1126 2270 1268 2330 deutschen

2236 2291 2400 2351 professors
2443 2293 2616 2353 Schnitzler,
2650 2294 2697 2354 dem
2754 2297 2871 2357 Arthur
2900 2300 3097 2360 entstammte.

421 2306 616 2366 Dramatiker
643 2306 693 2366 der
720 2309 969 2369 naturalistischen
1006 2314 1128 2374 Epoche,
1151 2313 1201 2373 der
1229 2315 1273 2375 die

1332 2305 1447 2365 krausem
1501 2307 1666 2367 Uebermut
1703 2312 1872 2372 gehorchten
1944 2315 2007 2375 Dem
2061 2315 2189 2375 Rotstift

2246 2331 2306 2391 Der
2330 2337 2521 2397 Seidensamt
2541 2339 2656 2399 gehörte
2680 2342 2703 2402 zu
2736 2342 2778 2402 dam
2821 2342 2951 2402 Dichter,
2970 2345 3016 2405 der
3040 2344 3086 2404 von

424 2351 579 2411 Elemente
611 2351 707 2411 seines
744 2352 844 2412 Werks
876 2355 935 2415 aus
972 2355 1027 2415 dem
1077 2357 1269 2417 analytischen

1327 2351 1491 2411 gegenüber
1524 2350 1585 2410 war
1614 2351 1642 2411 er
1676 2353 1741 2413 sehr
1770 2358 2015 2418 zurückhaltend,
2039 2363 2175 2423 Todfeind

2247 2378 2367 2438 Jugend
2396 2379 2447 2439 auf
2470 2383 2510 2443 ein
2540 2384 2705 2444 eleganter,
2723 2385 2912 2445 kultivierter
2936 2390 3096 2450 Zuschauer

425 2392 508 2452 Geist
555 2395 607 2455 der
659 2396 898 2456 psychologischen
950 2399 1161 2459 Beobachtung
1218 2402 1273 2462 und

1325 2393 1538 2453 geschluderten
1576 2395 1633 2455 und
1666 2399 1770 2459 müden
1809 2402 2036 2462 Aufführungen

2243 2423 2369 2483 gewesen
2403 2423 2451 2483 ist.

421 2437 558 2497 behutsam
598 2437 780 2497 grübelnder
803 2440 985 2500 Erkenntnis
1012 2443 1114 2503 ebenso
1136 2443 1278 2503 gewann,

1395 2435 1458 2495 Das
1490 2437 1585 2497 Spiel
1617 2439 1655 2499 ist
1681 2442 1756 2502 aus!
1802 2445 1883 2505 Oder
1922 2448 1960 2508 ist
1986 2449 2017 2509 es
2049 2449 2106 2509 nur
2145 2449 2182 2509 ein

2298 2464 2359 2524 Auf
2393 2466 2444 2526 dem
2495 2467 2579 2527 Wege
2619 2470 2668 2530 zur
2703 2473 2809 2533 großen
2855 2475 3102 2535 Arzt-Karriere,

1337 2479 1564 2539 Iwischenspiel

412 2477 470 2537 wie
488 2479 541 2539 aus
569 2479 618 2539 den
641 2482 882 2542 Verflechtungen
909 2484 981 2544 oder
999 2488 1267 2548 Verhedderungen

2241 2506 2284 2566 die
2313 2508 2362 2568 der
2391 2509 2483 2569 Vater
2508 2511 2556 2571 ihm
2595 2513 2779 2573 vorbereitet
2804 2516 2901 2576 hatte,
2921 2520 3022 2580 verlor
3047 2521 3090 2581 sich

422 2521 472 2581 von
506 2524 599 2584 Mann
633 2524 684 2584 und
717 2524 815 2584 Weib,
839 2527 886 2587 von
919 2530 1069 2590 Jüngling
1102 2531 1158 2591 und
1186 2533 1275 2593 Mäd¬

1387 2524 1441 2584 Der
1472 2524 1531 2584 alte
1562 2527 1672 2587 Kastan
1707 2528 1762 2588 hat
1788 2532 1917 2592 testiert,
1948 2534 1993 2594 „es
2024 2536 2103 2596 hätte
2139 2539 2183 2599 sich

2241 2551 2401 2611 Schnitzler
2435 2551 2459 2611 in
2499 2554 2547 2614 der
2576 2555 2707 2615 Schriftf

2778 2560 2820 2620 ei.
2868 2563 2986 2623 Arthur
3020 2565 3090 2625 trug

415 2564 498 2624 chen,
521 2566 571 2626 von
605 2569 765 2629 Männchen
803 2569 858 2629 und
891 2572 1061 2632 Weibchen.

1325 2567 1409 2627 nicht
1437 2569 1587 2629 gelohnt!“
1639 2570 1724 2630 Aber
1752 2575 1893 2635 dieses
1931 2577 2020 2637 Leben
2058 2578 2109 2638 hat
2138 2581 2184 2641 sich

2237 2595 2358 2655 damals
2391 2598 2470 2658 keine
2498 2602 2707 2662 Samtanzüge

2778 2607 2817 2667 r,
2842 2607 2911 2667 aber
2941 2606 2970 2666 er
3005 2608 3084 2668 hatte

477 2606 536 2666 Als
566 2608 605 2668 ich
640 2611 688 2671 vor
724 2613 792 2673 zwei
823 2614 936 2674 Jahren
971 2617 1147 2677 Schnitzlers
1183 2617 1280 2677 „Pro¬

1329 2611 1462 2671 gelohnt.
1511 2611 1595 2671 Denn
1636 2613 1680 2673 ein
1720 2617 1915 2677 Lebenswerk
1960 2620 2013 2680 von
2063 2623 2186 2683 bedeut¬

2244 2638 2306 2698 eine
2345 2640 2417 2700 rasch
2451 2642 2610 2702 berühmte
2644 2647 2890 2707 Schnitzlerlocke,
2919 2650 2971 2710 und
3016 2650 3087 2710 seine

422 2652 503 2712 fessor
537 2651 748 2711 Bernhardi",
772 2655 906 2715 diesmal
935 2658 993 2718 mit
1027 2661 1108 2721 Fritz
1137 2661 1281 2721 Kortner.

1327 2652 1418 2712 samem
1467 2654 1602 2714 Ausmaß
1636 2658 1732 2718 bleibt
1767 2661 1883 2721 zurück,
1912 2663 1950 2723 ein
2000 2662 2086 2722 Werk
2125 2667 2178 2727 von

2244 2685 2308 2745 sehr
2338 2684 2446 2744 weiße,
2476 2688 2574 2748 weiche
2609 2688 2692 2748 Hand
2732 2691 2840 2751 wühlte
2875 2694 3018 2754 zuweilen
3058 2692 3082 2752 in

412 2694 563 2754 wiederum
608 2696 705 2756 spielte
733 2698 790 2758 und
822 2699 893 2759 viele
925 2700 987 2760 ihre
1014 2703 1183 2763 Sehnsucht
1210 2703 1272 2763 nach

1327 2697 1415 2757 hoher
1458 2699 1594 2759 geistiger
1636 2702 1693 2762 und
1745 2704 1890 2764 seelischer
1928 2708 2087 2768 Deutung,
2125 2709 2176 2769 von

2236 2724 2286 2784 dem
2333 2728 2497 2788 französisch
2533 2730 2681 2790 gestutzten
2718 2733 2887 2793 Spitzbart.
2934 2737 3097 2797 Schnitzler

413 2736 464 2796 dem
507 2739 675 2799 „Zeitstück"
709 2739 732 2799 in
770 2742 859 2802 diesem
902 2745 991 2805 Werk
1020 2745 1099 2805 eines
1132 2747 1268 2807 Aelteren

1333 2742 1426 2802 selner
1456 2741 1618 2801 Schönheit
1648 2745 1697 2805 der
1732 2748 1864 2808 Sprache
1899 2751 1953 2811 und
1988 2754 2052 2814 voll
2077 2754 2165 2814 unzer

2241 2772 2285 2832 sah
2311 2772 2429 2832 damals
2454 2774 2494 2834 ein
2524 2775 2638 2835 bißchen
2668 2775 2712 2835 dem
2753 2778 2921 2838 romantisch
2951 2781 3089 2841 fristerten

416 2781 523 2841 erfüllt
552 2783 654 2843 sahen,
678 2784 781 2844 fehlten
819 2786 885 2846 auch
918 2787 964 2847 die
994 2790 1162 2850 Einwände
1191 2790 1275 2850 derer

1326 2784 1477 2844 störbarer
1505 2787 1596 2847 Kraft
1620 2789 1670 2849 der
1698 2793 1890 2853 Gesinnung.

2242 2817 2352 2877 Poeten
2398 2817 2544 2877 Alphonse
2580 2820 2701 2880 Daudet
2731 2820 2867 2880 ähnlich,
2898 2823 2953 2883 wie
2989 2826 3079 2886 diesem

416 2826 509 2886 nicht,
534 2826 580 2886 die
609 2826 641 2886 da
680 2829 825 2889 meinten,
854 2831 905 2891 das
939 2832 981 2892 sei
1010 2833 1085 2893 nicht
1114 2834 1170 2894 das
1203 2834 1283 2894 Zeit¬

1385 2827 1445 2887 Den
1483 2831 1641 2891 Ehrungen
1684 2834 1735 2894 zum
1787 2836 1950 2896 siebzigsten
1988 2840 2175 2900 Geburtstag

2235 2858 2355 2918 kleidete
2390 2859 2437 2919 ihn
2487 2861 2554 2921 eine
2598 2864 2709 2924 sanfte,
2748 2867 2980 2927 unverlierbare
3025 2866 3092 2926 Me¬

416 2869 502 2929 stück;
526 2870 598 2930 dazu
632 2870 671 2930 sei
695 2871 724 2931 es
758 2873 782 2933 zu
816 2873 1061 2933 unverbindlich.
1105 2875 1182 2935 Aber
1211 2879 1283 2939 das,

1321 2870 1374 2930 hat
1403 2872 1519 2932 Arthur
1549 2875 1708 2935 Schnitzler
1738 2878 1786 2938 sich
1821 2879 1888 2939 früh
1922 2882 2077 2942 entzogen.
2121 2885 2179 2945 Die

2238 2903 2396 2963 lancholie.
2451 2903 2554 2963 Dieser
2604 2906 2698 2966 junge
2748 2909 2925 2969 Schnitzler,
2951 2912 2999 2972 der
3030 2911 3083 2971 nur

406 2910 470 2970 was
512 2912 567 2972 von
604 2912 710 2972 solchen
752 2915 903 2975 Stimmen
940 2918 991 2978 als
1033 2918 1272 2978 Einschränkung

1323 2915 1464 2975 deutschen
1505 2917 1629 2977 Bühnen
1670 2918 1736 2978 aber
1768 2921 1883 2981 werden
1920 2924 1946 2984 zu
1986 2924 2075 2984 seinem
2124 2927 2182 2987 Ge¬

2232 2946 2380 3006 nebenbei
2405 2948 2529 3008 schrieb,
2555 2950 2658 3010 machte
2689 2954 2981 3014 außerordentlichen
3016 2954 3089 3014 Ein¬

407 2957 538 3017 gemeint
577 2956 657 3016 war,
686 2959 780 3019 rührt
813 2960 978 3020 irgendwie
1012 2963 1044 3023 an
1092 2963 1271 3023 Schnitzlers

1318 2956 1420 3016 denken
1457 2960 1501 3020 ihn
1542 2962 1644 3022 spielen
1686 2963 1743 3023 und
1779 2963 1882 3023 immer
1918 2964 2025 3024 wieder
2057 2969 2164 3029 spielen

2238 2989 2323 3049 druck
2343 2990 2394 3050 auf
2414 2992 2504 3052 junge
2526 2995 2661 3055 Frauen.
2697 2994 2757 3054 Von
2793 2996 2838 3056 der
2859 2999 2964 3059 großen
2990 2999 3090 3059 Burg¬

410 2999 597 3059 eigentliches
627 2999 746 3059 Wesen,
766 3002 838 3062 ragt
863 3004 886 3064 in
920 3005 973 3065 das
1002 3005 1132 3065 Zeatrum
1176 3007 1267 3067 seiner

1324 3001 1424 3061 damit
1449 3002 1492 3062 die
1521 3002 1597 3062 Welt
1622 3005 1670 3065 die
1699 3005 1814 3065 Klänge
1843 3007 1920 3067 eines
1954 3011 2084 3071 Dichters
2113 3013 2180 3073 ver¬

2241 3034 2516 3094 theatertragödin,
2541 3036 2585 3096 die
2615 3037 2698 3097 heute
2733 3041 2796 3101 noch
2826 3042 2875 3102 als
2910 3044 3077 3104 Parodistin

407 3043 513 3103 Kunst.
552 3042 614 3102 Das
644 3046 890 3106 Unverbindliche
915 3048 968 3108 gab
998 3048 1089 3108 seinem
1133 3047 1263 3107 Schaffen

1326 3046 1448 3106 nehme,
1471 3046 1504 3106 um
1543 3046 1593 3106 den
1627 3048 1660 3108 sie
1683 3049 1788 3109 ärmer
1817 3050 1961 3110 geworden
1995 3054 2045 3114 ist.

2228 3073 2311 3133 ihrer
2342 3075 2504 3135 heroischen
2541 3078 2649 3138 Größe
2682 3080 2785 3140 wirkt,
2812 3082 2858 3142 bis
2896 3082 2947 3142 zum
2995 3085 3077 3145 füßen

406 3080 465 3140 erst
484 3082 524 3142 die
548 3085 657 3145 Weite,
676 3086 721 3146 den
749 3088 835 3148 Raum
872 3088 894 3148 in
927 3089 972 3149 dem
1009 3089 1036 3149 er
1059 3089 1104 3149 sich
1132 3091 1260 3151 bewegen

2232 3117 2345 3177 Mädel
2370 3116 2429 3176 aus
2459 3118 2626 3178 Währing,
2651 3123 2704 3183 alle
2730 3126 2916 3186 schwärmten
2956 3128 3000 3188 für
3035 3130 3079 3190 den

403 3126 524 3186 konnte,
542 3127 604 3187 war
627 3127 677 3187 der
704 3130 803 3190 Atem,
826 3130 906 3190 burch
934 3133 982 3193 den
1014 3131 1045 3191 er
1068 3133 1162 3193 lebte.

2229 3161 2725 3221 liebenswürdig-schwermütigen
2770 3169 2903 3229 Dichter,
2949 3173 2997 3233 der
3043 3175 3072 3235 im

462 3167 527 3227 Auf
556 3170 603 3230 die
637 3171 778 3231 privaten
817 3175 972 3235 Konflikte
1006 3175 1058 3235 der
1091 3178 1266 3238 Schnitzler¬

1403 3204 1622 3264 Schnitz
1656 3206 1710 3266 er
1755 3206 1863 3266 und
1909 3208 2072 3268 Wien

2223 3205 2341 3265 Separé
2374 3208 2535 3268 begeistert
2564 3208 2687 3268 Klavier
2716 3211 2834 3271 spielte.

413 3214 482 3274 schen
520 3214 670 3274 Menschen
703 3214 773 3274 fällt
797 3214 848 3274 der
877 3220 1012 3280 Schatten
1050 3218 1101 3278 der
1130 3220 1270 3280 europäi¬

2287 3247 2382 3307 Adolf
2417 3247 2469 3307 von
2514 3250 2711 3310 Sonnenthal
2745 3252 2812 3312 war
2846 3255 2894 3315 es,
2923 3256 2976 3316 der
3015 3256 3062 3316 dem

416 3258 487 3318 schen
516 3257 616 3317 Krise,
636 3257 683 3317 die
708 3256 732 3316 im
775 3259 1091 3319 Vorkriegsösterreich
1120 3264 1191 3324 nicht
1221 3267 1263 3327 als

1549 3269 1612 3329 Von
1645 3274 1768 3334 Franz
1795 3275 1934 3335 Werfel

2223 3291 2338 3351 Dichter
2363 3294 2411 3354 der
2436 3292 2600 3352 „Liebelei“
2620 3296 2662 3356 die
2687 3296 2760 3356 Tore
2784 3297 2827 3357 des
2852 3300 3074 3360 Burgtheaters

409 3300 493 3360 Krise
520 3300 676 3360 erscheint,
703 3300 769 3360 weil
801 3302 863 3362 man
900 3303 952 3363 mit
980 3304 1033 3364 der
1065 3306 1167 3366 müden
1203 3308 1269 3368 Me¬

1377 3325 1417 3385 Es
1448 3327 1518 3387 geht
1544 3327 1604 3387 mit
1630 3331 1675 3391 ihm
1727 3333 1767 3393 ein
1803 3333 1909 3393 großer
1946 3336 2097 3396 Künstler,
2123 3338 2163 3398 ein

2229 3336 2352 3396 öffnete.
2377 3337 2450 3397 Auch
2481 3336 2505 3396 in
2535 3339 2623 3399 diesen
2653 3340 2884 3400 Glücksjahren,
2905 3342 2938 3402 da
2964 3345 2998 3405 er
3023 3345 3076 3405 mit

407 3343 552 3403 lancholie
580 3345 664 3405 süßer
693 3346 1012 3406 Todesbereitschaften
1046 3348 1163 3408 spielte.
1196 3351 1261 3411 Nur

1310 3371 1409 3431 reiner
1438 3371 1537 3431 Geist,
1561 3372 1627 3432 eine
1656 3373 1774 3433 sittliche
1803 3378 1898 3438 Kraft
1922 3381 2011 3441 hoher
2041 3381 2158 3441 Verant

2229 3380 2331 3440 Liebe,
2345 3381 2519 3441 Tantiemen
2552 3381 2603 3441 und
2631 3384 2828 3444 europäischem
2870 3387 2954 3447 Ruhm
2992 3388 3076 3448 über¬

408 3387 472 3447 war
503 3387 563 3447 man
598 3387 654 3447 aus
684 3387 731 3447 dem
771 3390 900 3450 Theater
926 3390 973 3450 ins
1004 3393 1094 3453 Leben
1125 3396 1266 3456 getreten,

1315 3414 1450 3474 wortung
1494 3416 1518 3476 in
1562 3414 1610 3474 die
1650 3418 1882 3478 Weltgeschichte
1917 3422 1979 3482 ein.
2029 3423 2164 3483 Zugleich

2235 3425 2354 3485 schüttet
2374 3426 2488 3486 wurde,
2508 3426 2541 3486 ist
2566 3426 2623 3486 eine
2647 3429 2853 3489 eingefleischte
2882 3432 3074 3492 Melancholie

400 3432 476 3492 ohne
503 3429 552 3489 den
584 3429 759 3489 Uebergang
787 3432 813 3492 zu
845 3433 1011 3493 bemerken.

1317 3456 1385 3516 aber
1413 3456 1619 3516 verschwindet
1642 3459 1696 3519 mit
1720 3461 1811 3521 seinem
1853 3464 1962 3524 schönen
1990 3467 2044 3527 und
2077 3467 2163 3527 lieben

2226 3468 2298 3528 nicht
2323 3468 2400 3528 ganz
2430 3468 2477 3528 von
2512 3470 2671 3530 Schnitzler
2701 3473 2856 3533 gewichen.
2880 3473 2953 3533 Sein
2987 3476 3074 3536 erster

454 3473 620 3533 Schnitzler
645 3473 728 3533 hatte
758 3475 812 3535 das
846 3476 939 3536 tiefste
969 3478 1076 3538 Wissen
1116 3479 1150 3539 um
1195 3481 1262 3541 diese

1317 3500 1431 3560 Antlitz
1463 3500 1513 3560 der
1559 3500 1637 3560 letzte
1674 3503 1778 3563 Schein
1829 3507 1947 3567 unserer
1989 3511 2162 3571 verlorenen

2229 3512 2397 3572 Bucherfolg
2426 3512 2487 3572 war
2511 3514 2572 3574 eine
2591 3515 2727 3575 Novelle,
2742 3516 2784 3576 die
2812 3516 2977 3576 „Sterben“
3001 3520 3057 3580 hieß

404 3518 784 3578 Untergangsstimmung,
822 3519 891 3579 aber
935 3521 990 3581 das
1038 3524 1263 3584 Heimatgefühl

1317 3542 1453 3602 Heimat,
1476 3544 1526 3604 der
1558 3545 1694 3605 Abglanz
1727 3548 1776 3608 des
1809 3549 1886 3609 alten
1923 3554 2113 3614 Oesterreich,
2137 3554 2159 3614 in

2225 3557 2288 3617 Das
2321 3558 2545 3618 Todesproblem
2591 3558 2645 3618 hat
2673 3560 2722 3620 den
2759 3560 2832 3620 Arzt
2870 3561 2924 3621 und
2956 3564 3070 3624 Dichter

404 3560 468 3620 war
498 3560 524 3620 in
558 3560 592 3620 sie
623 3562 769 3622 verliebt;
791 3563 851 3623 nur
881 3563 958 3623 wenn
993 3565 1023 3625 er
1053 3567 1165 3627 einmal
1195 3569 1242 3629 zum

1312 3584 1396 3644 tiefer
1425 3586 1533 3646 Nacht.
1581 3589 1633 3649 Ein
1671 3591 1756 3651 Reich
1794 3592 1846 3652 der
1875 3596 1992 3656 Freude
2027 3596 2083 3656 und
2121 3597 2168 3657 der

2229 3600 2386 3660 Schnitzler
2411 3602 2453 3662 nie
2478 3602 2635 3662 verlassen;
2650 3605 2736 3665 dieses
2765 3605 2932 3665 verwöhnte
2952 3607 3052 3667 Glücks

409 3603 484 3663 Zorn
517 3603 558 3663 sich
587 3606 749 3666 aufraffte,
769 3606 843 3666 schuf
867 3608 894 3668 er
923 3608 959 3668 ein
993 3608 1095 3668 Werk,
1114 3611 1165 3671 wie
1189 3612 1253 3672 eben

1302 3629 1514 3689 Traurigkeit,
1533 3632 1583 3692 des
1612 3633 1765 3693 Genusses
1798 3637 1853 3697 und
1886 3638 1936 3698 der
1965 3641 2103 3701 Jugend,
2122 3641 2163 3701 ein

2221 3644 2282 3704 kind
2310 3644 2381 3704 blieb
2409 3647 2513 3707 immer
2537 3647 2630 3707 etwas
2655 3648 2847 3708 grüblerisch,
2867 3652 3074 3712 monologisch,

399 3647 488 3707 diesen
521 3648 691 3708 „Professor
720 3650 927 3710 Bernhardi",
941 3651 1016 3711 das,
1036 3653 1115 3713 wenn
1144 3653 1172 3713 es
1196 3656 1243 3716 bis

1309 3671 1392 3731 Reich
1430 3673 1480 3733 der
1513 3676 1734 3736 Verfeinerung
1776 3679 1832 3739 und
1869 3680 1919 3740 des
1953 3682 2082 3742 Wissens
2119 3685 2155 3745 um

2223 3688 2269 3748 sich
2293 3688 2376 3748 selbst
2400 3689 2452 3749 und
2481 3691 2569 3751 seinen
2598 3692 2729 3752 Nächsten
2762 3694 2977 3754 analysierend.
2997 3694 3071 3754 Eine

401 3688 453 3748 her
487 3691 539 3751 kein
573 3691 707 3751 Zeitstück
736 3692 856 3752 gewesen
890 3694 942 3754 sein
976 3694 1072 3754 sollte,
1096 3697 1182 3757 heute
1206 3700 1254 3760 al¬

1316 3713 1372 3773 das
1405 3715 1498 3775 Ende.
1545 3717 1623 3777 Eine
1657 3721 1777 3781 wirklich
1820 3724 1959 3784 herznahe
1997 3726 2076 3786 Welt
2105 3726 2165 3786 voll

2224 3733 2319 3793 schöne
2345 3734 2440 3794 Frau,
2460 3736 2505 3796 der
2526 3736 2682 3796 Schnitler
2708 3736 2778 3796 viele
2804 3736 2894 3796 Jahre
2915 3739 3070 3799 gehuldigt

406 3730 448 3790 ein
487 3736 675 3796 Paradigma
709 3736 756 3796 des
791 3736 940 3796 Zeitstücks
974 3739 1118 3799 gewertet
1147 3742 1257 3802 werden

1310 3757 1538 3817 Landschaften,
1558 3762 1716 3822 Klängen,
1742 3766 1880 3826 Worten,
1905 3769 2068 3829 Gesichten,
2094 3769 2157 3829 hold

405 3777 477 3837 muß

2223 3776 2280 3836 und
2309 3775 2352 3835 die
2377 3778 2419 3838 sich
2449 3779 2507 3839 doch
2541 3779 2588 3839 von
2623 3781 2666 3841 ihm
2705 3781 2853 3841 gewendet
2879 3784 2974 3844 hatte,
2994 3784 3066 3844 sagte

1316 3802 1371 3862 und
1405 3804 1684 3864 unwiederholbar,
1708 3808 1782 3868 folgt
1811 3808 1890 3868 ihrem
1932 3811 2067 3871 Meister.
2105 3811 2155 3871 Ein

461 3817 583 3877 Meiner
632 3820 802 3880 Beziehung
851 3823 903 3883 zur
952 3825 1133 3885 Regiekunst
1188 3828 1240 3888 steh

2224 3820 2339 3880 einmal
2365 3822 2597 3882 entschuldigend
2628 3825 2653 3885 zu
2688 3826 2779 3886 seinen
2810 3826 2987 3886 Freunden;
3012 3828 3067 3888 „Er

1317 3844 1427 3904 großes
1451 3847 1599 3907 Zeitalter
1629 3848 1720 3908 dieser
1749 3851 1844 3911 Stadt
1874 3853 1941 3913 sinkt
1970 3853 2022 3913 mit
2052 3853 2142 3913 Arthu

2217 3862 2255 3922 ist
2280 3865 2318 3925 ein
2353 3865 2591 3925 Seelenbohrer.

401 3864 578 3924 Schnitzlers
627 3865 790 3925 Dramtik
834 3865 997 3925 besonders
1046 3870 1136 3930 nahe.
1190 3872 1228 3932 Un

1312 3886 1470 3946 Schnitzler
1495 3889 1542 3949 ins
1571 3891 1672 3951 Grab,
1692 3893 1725 3953 um
1764 3894 1788 3954 in
1817 3894 1913 3954 seinem
1952 3897 2153 3957 unsterblichen

400 3904 479 3964 wenn
513 3906 550 3966 ich
579 3906 634 3966 mir
658 3906 705 3966 den
738 3906 883 3966 Vorwurf
907 3909 981 3969 nicht
1006 3912 1136 3972 ersparen
1170 3914 1254 3974 kann,

2278 3906 2372 3966 Seine
2406 3909 2644 3969 psychologischen
2684 3912 2900 3972 Bohrversuche
2928 3915 3061 3975 brachten

1313 3929 1414 3989 Werke
1441 3933 1543 3993 weiter
1569 3936 1594 3996 zu
1625 3936 1727 3996 leben!

405 3948 460 4008 sein
489 3948 572 4008 Werk
596 3948 731 4008 während
760 3948 806 4008 der
830 3951 922 4011 letzten
951 3954 1049 4014 Jahre
1073 3956 1165 4016 etwas
1189 3957 1254 4017 ver¬

2218 3949 2376 4009 Schnitzler
2409 3951 2521 4011 einmal
2550 3952 2638 4012 sogar
2667 3954 2694 4014 in
2728 3956 2971 4016 revolutionären
3009 3956 3069 4016 Ge¬

396 3992 570 4052 nachlässigt
595 3993 623 4053 zu
653 3991 744 4051 haben
774 3988 783 4048 —
832 3990 856 4050 im
896 3996 1001 4056 ganzen
1036 3996 1108 4056 habe
1133 3999 1167 4059 ich
1196 4002 1239 4062 ihm

2207 3990 2291 4050 ruch.
2320 3992 2362 4052 Er
2391 3993 2470 4053 hatte
2494 3994 2541 4054 den
2579 3996 2720 4056 Monolog
2754 3999 2833 4059 eines
2862 4003 3069 4063 durchschnitt¬

399 4035 463 4095 doch
492 4035 599 4095 immer
628 4037 736 4097 wieder
764 4038 858 4098 meine
887 4038 970 4098 Liebe
1004 4040 1060 4100 und
1093 4041 1163 4101 mein
1196 4044 1252 4104 In¬

2215 4034 2301 4094 lichen
2340 4037 2580 4097 österreichischen
2619 4041 2763 4101 Ofsiziers
2797 4044 2994 4104 geschrieben,
3023 4043 3066 4103 die

394 4078 501 4138 teresse
526 4079 738 4139 zugewendet.

2212 4076 2337 4136 Novelle
2371 4079 2530 4139 „Leutnant
2549 4082 2652 4142 Gustl“
2681 4082 2732 4142 und
2760 4085 2839 4145 sollte
2863 4087 2942 4147 durch
2971 4088 3055 4148 diesen

1514 4100 1651 4160 Sein
1702 4105 1951 4165 Nachlaß

460 4121 560 4181 Dafür
608 4124 741 4184 sprachen
799 4123 846 4183 die
894 4126 1127 4186 Aufführungen

2211 4121 2509 4181 Seelenquerschnitt
2546 4124 2600 4184 das
2637 4125 2765 4185 Ansehen
2816 4129 2866 4189 der
2903 4130 2939 4190 K.
2972 4130 3004 4190 u.
3032 4131 3068 4191 K.

1177 4128 1233 4188 vom

400 4165 591 4225 „Zungen
624 4166 883 4226 Medardus“
934 4169 1138 4229 unmittelbar

2214 4162 2322 4222 Armee
2355 4168 2545 4228 herabgesetzt
2577 4169 2685 4229 haben.
2727 4170 2785 4230 Zur
2817 4173 2921 4233 Strafe
2958 4175 3057 4235 wurde

1528 4166 1594 4226 Von
1625 4171 1728 4231 Paul
1754 4173 1912 4233 Wiegler

1171 4174 1246 4234 nach

2584 4219 2681 4279 ns
2697 4224 2834 4284 Aan
