3392 4384
176 294 260 354 taren
318 297 435 357 gjorde
472 300 512 360 sin
554 303 658 363 första
700 308 926 368 berömmelse.

176 342 240 402 Han
273 343 325 403 var
354 346 520 406 trettiotre
550 349 585 409 àr
614 354 768 414 gammal,
789 360 922 420 medici¬

171 392 207 452 ne
231 393 364 453 doktor,
381 396 433 456 son
462 396 498 456 av
527 397 559 457 en
587 399 712 459 berömd
737 404 834 464 fader
859 406 911 466 och

168 440 315 500 framför
337 443 397 503 allt
419 445 449 505 en
485 446 536 506 son
567 446 605 506 av
636 450 739 510 Wien.
779 452 839 512 Det
866 458 921 518 var

173 488 248 548 ännu
285 489 337 549 det
369 494 466 554 glada
503 494 555 554 och
596 498 782 558 lättsinniga
823 506 925 566 Wien,

170 537 274 597 fastän
307 539 355 599 det
380 542 578 602 anfäktades
607 548 639 608 av
668 548 720 608 det
741 552 914 612 egendom¬

166 587 223 647 liga
277 592 602 652 sjukdomstillständ
656 598 669 658 i
696 599 820 659 själen,
843 603 901 663 som

166 634 230 694 man
259 637 401 697 brukade
435 640 589 700 beteckna
622 644 683 704 med
720 646 814 706 orden
847 652 907 712 ”fin

164 684 201 744 de
230 685 364 745 siècle”.
406 688 552 748 Liebelei
577 694 844 754 representerade
878 700 907 760 en

161 733 387 793 livsstämning
417 736 429 796 i
459 737 559 797 Wien,
580 742 642 802 men
677 744 773 804 ocksä
807 746 836 806 en
870 748 915 808 si-

161 778 196 838 da
252 781 311 841 hos
343 784 390 844 sin
430 788 671 848 upphovsman.
722 793 766 853 En
802 796 908 856 annan

164 830 226 890 sida
256 832 334 892 hade
356 834 414 894 han
443 837 647 897 uppenbarat
669 839 681 899 i
698 840 752 900 den
781 843 823 903 ett
848 846 906 906 par

158 879 194 939 ár
230 881 368 941 tidigare
409 885 538 945 skrivna
579 888 724 948 eleganta
765 891 829 951 svit
862 895 902 955 av

163 929 332 989 enaktare,
375 933 430 993 som
473 933 536 993 fick
571 936 700 996 namnet
732 939 814 999 efter
846 942 900 1002 den

161 977 206 1037 för
265 978 319 1038 dem
391 981 453 1041 alla
491 986 729 1046 gemensamme
767 990 909 1050 hjälten.

161 1026 290 1086 Anatol.
333 1029 462 1089 Anatol
501 1036 794 1096 förkroppsligade
846 1041 901 1101 den

157 1076 233 1136 unge
272 1076 409 1136 wienske
443 1082 806 1142 levnadskonstnären,
837 1089 890 1149 som

159 1124 250 1184 under
280 1125 367 1185 varje
397 1129 539 1189 äventyr
569 1133 660 1193 cedan
694 1136 824 1196 längtar
858 1138 907 1198 till

153 1172 204 1232 det
231 1175 325 1235 nästa
355 1175 411 1235 och
450 1178 570 1238 vilkens
596 1183 703 1243 ibland
734 1184 763 1244 en
794 1187 892 1247 smula

155 1222 329 1282 besvärliga
359 1226 437 1286 dans
463 1228 495 1288 på
525 1229 616 1289 rosor
637 1232 783 1292 ständigt
808 1236 895 1296 kom¬

146 1271 310 1331 pnenteras
345 1272 383 1332 av
423 1275 543 1335 vännen
583 1279 656 1339 Max
691 1282 755 1342 med
795 1287 894 1347 aldrig

149 1319 303 1379 gvikande
333 1323 586 1383 levnadsvisdom
629 1327 685 1387 och
719 1331 817 1391 ironi.

192 1369 289 1429 Efter

384 1375 633 1435 genombrottet

720 1381 891 1441 fortsatte

143 1420 328 1480 Schnitzler
363 1420 413 1480 att
445 1423 508 1483 med
543 1425 577 1485 en
613 1426 681 1486 flit,
703 1429 758 1489 som
802 1432 892 1492 före¬

149 1466 242 1526 Faller
291 1468 344 1528 att
394 1471 442 1531 stå
473 1473 486 1533 i
509 1473 593 1533 dälig
625 1477 793 1537 samklang
829 1481 891 1541 med

139 1515 315 1575 lanörens
347 1519 513 1579 upptagna
550 1525 785 1585 lättjefullhet,
811 1530 899 1590 skri-

136 1563 184 1623 gva
237 1566 290 1626 det
321 1569 374 1629 ena
410 1570 542 1630 stycket
573 1574 657 1634 efter
693 1577 746 1637 det
773 1579 896 1639 andra.

146 1632 287 1692 anligen
318 1630 362 1690 ett
389 1629 424 1689 om
464 1628 539 1688 året
566 1629 667 1689 under
698 1628 808 1688 många
840 1626 897 1686 år.

153 1681 205 1741 ned
237 1680 422 1740 mellanslag
449 1677 483 1737 dá
515 1677 567 1737 och
599 1677 633 1737 då
661 1677 700 1737 av
727 1677 815 1737 långa
846 1675 890 1735 el¬

152 1729 185 1789 er
219 1729 310 1789 korta
344 1727 503 1787 noveller.
550 1727 621 1787 Han
655 1724 805 1784 spelades
835 1724 893 1784 fli¬

142 1781 206 1841 igt
226 1778 305 1838 både
330 1778 344 1838 i
364 1778 472 1838 Wien,
493 1777 502 1837 i
522 1775 684 1835 Tyskland
714 1775 768 1835 och
798 1774 812 1834 i
833 1772 891 1832 an-

144 1829 200 1889 Hra
235 1827 364 1887 länder,
395 1826 451 1886 och
486 1826 520 1886 en
560 1826 615 1886 hel
642 1823 698 1883 rad
738 1823 776 1883 av
811 1823 892 1883 hans

142 1878 258 1938 jäser
311 1877 367 1937 har
424 1876 489 1936 med
528 1874 687 1934 växlande
720 1874 889 1934 framgäng

147 1928 298 1988 suppförts
324 1927 423 1987 ocksá
454 1925 510 1985 hos
536 1922 613 1982 oss:
636 1922 709 1982 utom
748 1922 903 1982 Liebelei,

143 1975 196 2035 om
281 1975 342 2035 kom
432 1975 485 2035 till
552 1971 730 2031 Stockholm
797 1969 890 2029 redan

148 2026 241 2086 1896,
264 2023 334 2083 året
361 2023 449 2083 efter
477 2020 716 2080 urpremiären,
739 2018 893 2078 Paracel¬

152 2077 200 2137 sus
232 2074 355 2134 (spelad
387 2073 448 2133 här
476 2071 511 2131 av
538 2071 631 2131 bland
662 2070 764 2130 andra
795 2068 897 2128 Mois¬

158 2126 208 2186 si),
231 2125 290 2185 Der
318 2122 414 2182 grüne
442 2119 601 2179 Kakadu,
621 2119 803 2179 enaktarna
836 2116 899 2176 Da-

150 2172 208 2232 men
246 2172 308 2232 med
346 2172 479 2232 dolken,
504 2169 567 2229 Den
605 2166 683 2226 sista
721 2166 892 2226 maskera¬

149 2223 203 2283 den
230 2223 284 2283 och
317 2220 498 2280 Litteratur
531 2217 703 2277 (ingående
731 2215 739 2275 i
758 2214 894 2274 samlin¬

148 2273 199 2333 gen
260 2271 442 2331 Lebendige
494 2268 681 2328 Stunden),
710 2264 897 2324 Zwischen¬

154 2322 244 2382 spiel,
263 2319 436 2379 Komtesse
464 2317 568 2377 Vizzi,
587 2316 650 2376 Das
679 2313 769 2373 weite
797 2313 901 2373 Land,

149 2370 321 2430 Professor
344 2367 544 2427 Bernhardi,
562 2366 621 2426 Der
644 2364 712 2424 Weg
731 2363 776 2423 ins
799 2361 903 2421 Freie,

153 2420 221 2480 Fink
252 2419 307 2479 und
333 2417 561 2477 Fliederbuch,
579 2414 639 2474 Den
665 2414 751 2474 stora
777 2411 888 2471 scenen

152 2470 201 2530 och
231 2468 344 2528 många
378 2468 499 2528 andra.
541 2464 633 2524 Hans
662 2462 792 2522 mycket
817 2462 900 2522 nak-

152 2521 182 2581 na
214 2519 306 2579 cykel
333 2516 368 2576 av
399 2516 554 2576 enaktare
585 2513 700 2573 Reigen
731 2510 797 2570 blev
824 2510 894 2570 för¬

149 2569 261 2629 bjuden
325 2566 362 2626 av
400 2565 560 2625 censuren
611 2564 673 2624 men
716 2562 900 2622 uppfördes

148 2617 245 2677 härom
285 2614 356 2674 året
383 2614 448 2674 med
480 2612 621 2672 kraftiga
652 2611 864 2671 strykningar
886 2609 899 2669 i

152 2665 356 2725 Köpenhamn
409 2665 453 2725 av
502 2662 600 2722 Betty
631 2660 777 2720 Nansen,
804 2659 901 2719 vilket

153 2716 226 2776 dock
252 2714 321 2774 icke
348 2713 438 2773 torde
464 2713 498 2773 ha
525 2713 606 2773 ökat
624 2710 744 2770 hennes
771 2708 839 2768 ära.

188 2764 252 2824 Som
296 2764 503 2824 dramatiker
534 2761 714 2821 utmärktes
749 2758 900 2818 Schnitz¬

155 2814 190 2874 ler
243 2814 389 2874 framför
425 2811 482 2871 allt
509 2811 549 2871 av
585 2810 628 2870 sin
664 2809 810 2869 förmåga
846 2806 899 2866 att

150 2863 256 2923 skriva
283 2863 314 2923 en
341 2862 376 2922 på
408 2863 438 2923 en
465 2862 545 2922 gång
572 2859 696 2919 känslig
727 2856 780 2916 och
807 2853 900 2913 preg-

154 2913 230 2973 nant
253 2913 376 2973 dialog.
395 2913 463 2973 Han
495 2910 686 2970 uppbyggde
714 2907 782 2967 sina
810 2904 900 2964 styc-

153 2964 203 3024 ken
237 2964 303 3024 med
333 2961 433 3021 säker
463 2961 543 3021 hand
577 2960 630 3020 och
664 2958 693 3018 en
728 2956 790 3016 med
824 2955 899 3015 ären

152 3015 205 3075 allt
259 3012 338 3072 mera
397 3010 654 3070 framträdande
691 3006 904 3066 skicklighet,

159 3062 214 3122 men
253 3062 309 3122 det
344 3059 489 3119 vidlåder
528 3059 596 3119 ofta
635 3053 811 3113 intrigerna
854 3053 901 3113 ett

157 3110 265 3170 alltför
321 3109 489 3169 påtagligt
549 3104 776 3164 konstruktivt
813 3101 908 3161 drag.

153 3158 352 3218 Handlingen
384 3155 419 3215 är
446 3155 459 3215 i
482 3155 569 3215 regel
588 3152 711 3212 ganska
743 3149 902 3209 obetydlig

157 3207 208 3267 och
245 3204 359 3264 tyckes
397 3203 537 3263 stundom
585 3200 703 3260 endast
736 3197 902 3257 motsvara

156 3255 189 3315 en
227 3252 409 3312 utspunnen
447 3250 606 3310 anekdot,
627 3248 697 3308 icke
735 3245 814 3305 blott
848 3245 902 3305 när

162 3305 207 3365 det
233 3304 270 3364 är
295 3304 387 3364 fråga
421 3301 453 3361 om
496 3298 695 3358 enaktarna,
717 3295 791 3355 utan
821 3295 900 3355 även

160 3354 218 3414 när
241 3354 291 3414 det
314 3352 413 3412 gäller
441 3347 785 3407 helaftonsstyckena.
827 3343 903 3403 Dia-

162 3403 243 3463 logen
274 3403 312 3463 är
338 3402 389 3462 det
416 3400 557 3460 centrala
592 3397 643 3457 och
674 3397 729 3457 det
751 3394 910 3454 bärande.

162 3452 225 3512 Han
262 3453 316 3513 rör
349 3451 394 3511 sig
432 3450 527 3510 ocksä
568 3447 714 3507 framför
747 3445 805 3505 allt
838 3445 901 3505 med

159 3501 466 3561 allmänmänskliga
525 3497 694 3557 problem:
748 3492 921 3552 kärleken,

166 3552 325 3612 troheten,
347 3549 670 3609 människohjärtats
701 3543 821 3603 ensliga
851 3543 907 3603 och

165 3601 231 3661 vida
267 3600 359 3660 land,
382 3598 439 3658 det
466 3597 599 3657 befästa
635 3594 763 3654 svalget
795 3592 905 3652 mellan

167 3651 325 3711 själarna,
357 3648 578 3708 konflikterna
618 3645 728 3705 mellan
769 3642 901 3702 känslan

166 3699 219 3759 och
255 3698 463 3758 förständet.
512 3696 556 3756 Då
596 3693 649 3753 och
685 3692 720 3752 då
760 3692 818 3752 har
849 3692 906 3752 han

166 3746 334 3806 emellertid
395 3746 494 3806 också
529 3743 602 3803 rört
628 3743 671 3803 sig
710 3742 770 3802 med
810 3740 908 3800 andra

169 3797 327 3857 problem:
349 3797 357 3857 i
383 3794 559 3854 Professor
589 3791 773 3851 Bernhardi
795 3788 829 3848 är
860 3788 911 3848 det

164 3847 280 3907 judens
334 3845 494 3905 bitterhet
525 3844 601 3904 över
637 3839 913 3899 förödmjukelser

169 3897 220 3957 och
246 3893 469 3953 svärigheter,
487 3893 537 3953 som
581 3890 723 3950 dikterat
749 3890 843 3950 några
873 3890 907 3950 av

166 3946 201 4006 de
237 3944 321 4004 mest
353 3943 486 4003 slående
517 3937 814 3997 dialogavsnitten.
841 3937 898 3997 Som

169 3994 315 4054 satiriker
347 3994 404 4054 var
435 3994 493 4054 han
529 3991 648 4051 mindre
679 3988 812 4048 lyckad,
839 3985 914 4045 var-

171 4042 196 4102 om
238 4042 321 4102 hans
347 4042 606 4102 tidningsskämt
632 4039 704 4099 Fink
741 4039 798 4099 und
830 4036 912 4096 Flie-

175 4093 303 4153 derbuch
335 4093 395 4153 bär
423 4090 542 4150 vittne.

213 4140 252 4200 En
284 4140 292 4200 i
315 4140 394 4200 flera
431 4137 608 4197 avseenden
640 4137 826 4197 betydande
859 4137 911 4197 och

173 4193 203 4253 på
235 4191 301 4251 sätt
324 4188 376 4248 och
408 4188 456 4248 vis
479 4188 558 4248 även
585 4186 757 4246 egenartad
789 4188 917 4248 förfat-

172 4239 239 4299 tare
276 4239 330 4299 har
367 4239 429 4299 med
471 4236 593 4296 Arthur
626 4236 811 4296 Schnitzler
839 4236 915 4296 gätt

175 4290 213 4350 ur
239 4290 346 4350 tiden.

1063 1089 1789 1149 OBSERVER

1150 1157 1170 1217 I.
1186 1151 1306 1211 österr.
1318 1145 1466 1205 behördl.
1482 1135 1786 1195 konzessioniertes

1105 1193 1339 1253 Unternehmen
1369 1186 1417 1246 für
1443 1175 1834 1235 Zeitungs-Ausschnitte

1167 1253 1311 1313 WIEN,
1337 1250 1380 1310 I.,
1413 1241 1697 1301 WOLLZEILE
1742 1232 1785 1292 11

1259 1299 1480 1359 TELEPHON
1521 1287 1702 1347 R-23-0-43

1264 1417 1570 1477 Stockholms
1610 1428 1818 1488 Dagblad

1074 1452 1202 1512 Aussc

1240 1582 1553 1642 0
1612 1578 1703 1638 1930

1086 1677 1197 1737 vom:

1313 1823 1505 1883 Arthur

1240 1948 1583 2008 Schnitzler

1360 2073 1450 2133 dou

1261 2169 1393 2229 WIEN,
1448 2176 1590 2236 onsdag.

1268 2214 1365 2274 (TT.)
1412 2217 1536 2277 Arthur

1247 2259 1427 2319 Schnitzler
1459 2263 1545 2323 avled

1211 2301 1265 2361 här
1313 2302 1355 2362 vid
1389 2307 1504 2367 7-tiden
1543 2313 1581 2373 pä

1226 2349 1512 2409 onsdagsaftonen.
1543 2355 1584 2415 Dä

1212 2390 1401 2450 författaren
1440 2396 1474 2456 på
1512 2400 1762 2460 eftermiddagen
1801 2408 1967 2468 återvände

1209 2433 1277 2493 från
1331 2435 1361 2495 en
1410 2441 1600 2501 promenad,
1642 2447 1820 2507 drabbades
1847 2451 1900 2511 han
1934 2453 1968 2513 av

1206 2477 1383 2537 slaganfall
1403 2480 1450 2540 och
1482 2483 1569 2543 avled
1601 2489 1671 2549 utan
1703 2492 1750 2552 att
1774 2492 1805 2552 ha
1837 2498 1971 2558 âterfâtt

1206 2521 1442 2581 medvetandet.
1490 2530 1667 2590 Schnitzler
1714 2537 1812 2597 skulle
1864 2541 1876 2601 i
1904 2544 1970 2604 maj

1207 2564 1290 2624 nästa
1322 2567 1354 2627 år
1378 2569 1413 2629 ha
1441 2573 1532 2633 blivit
1557 2576 1588 2636 70
1620 2579 1655 2639 år
1680 2581 1830 2641 gammal.

1243 2671 1302 2731 Det
1327 2674 1386 2734 har
1412 2675 1491 2735 varit
1517 2680 1584 2740 tyst
1610 2683 1698 2743 kring
1732 2688 1904 2748 Schnitzler
1930 2691 1963 2751 de

1202 2710 1321 2770 senaste
1347 2713 1440 2773 âren.
1481 2716 1551 2776 Inte
1582 2723 1786 2783 respektfullt
1813 2728 1879 2788 tyst
1906 2731 1954 2791 som

1201 2747 1256 2807 det
1303 2750 1424 2810 brukar
1456 2752 1498 2812 bli
1526 2757 1612 2817 kring
1652 2760 1679 2820 en
1718 2764 1863 2824 åldrande
1898 2768 1961 2828 dik¬

1199 2784 1286 2844 tare.
1328 2788 1390 2848 Det
1416 2791 1467 2851 har
1497 2794 1577 2854 varit
1608 2799 1703 2859 nâgot
1729 2800 1766 2860 av
1795 2801 1846 2861 den
1880 2806 1961 2866 stora

1206 2823 1380 2883 glömskans
1411 2829 1544 2889 tysthet.
1590 2834 1657 2894 När
1684 2835 1760 2895 hans
1791 2840 1825 2900 på
1856 2841 1961 2901 nittio-

1202 2859 1277 2919 talet
1301 2863 1427 2923 skrivna
1459 2867 1585 2927 komedi
1609 2872 1763 2932 ”Alskog”
1791 2877 1802 2937 i
1826 2877 1964 2937 söndags

1195 2898 1335 2958 spelades
1380 2901 1395 2961 i
1421 2903 1502 2963 radio
1536 2906 1591 2966 kom
1636 2910 1691 2970 den
1721 2913 1772 2973 som
1817 2914 1846 2974 en
1880 2918 1957 2978 häls¬

1200 2937 1272 2997 ning
1299 2939 1367 2999 frän
1398 2940 1428 3000 en
1459 2943 1497 3003 tid
1528 2945 1577 3005 som
1620 2949 1784 3009 förefaller
1811 2954 1864 3014 vår
1887 2955 1959 3015 egen

1195 2973 1334 3033 oändligt
1385 2981 1552 3041 avlägsen.
1599 2988 1825 3048 Sekelskiftets
1861 2993 1964 3053 Wien,

1194 3017 1456 3077 kejserlighetens
1504 3022 1650 3082 anfrätta
1702 3027 1805 3087 Wien,
1829 3029 1865 3089 de
1893 3029 1956 3089 söta

1196 3050 1368 3110 flickornas
1398 3053 1450 3113 och
1483 3056 1516 3116 de
1549 3061 1733 3121 smäktande
1767 3065 1958 3125 Straussval¬

1193 3089 1299 3149 sernas
1327 3092 1412 3152 stad,
1433 3095 1481 3155 som
1526 3097 1642 3157 dansar
1670 3100 1718 3160 och
1752 3103 1855 3163 älskar
1883 3107 1951 3167 utan

1195 3127 1239 3187 att
1266 3128 1384 3188 hoppas
1415 3131 1448 3191 på
1478 3134 1715 3194 morgondagen

1232 3165 1297 3225 Med
1324 3167 1377 3227 den
1408 3170 1461 3230 nya
1492 3173 1729 3233 världsfredens
1753 3176 1810 3236 nya
1837 3180 1955 3240 världs-

1194 3204 1324 3264 ordning
1376 3206 1435 3266 dog
1471 3208 1553 3268 Wien
1589 3211 1644 3271 och
1680 3215 1742 3275 med
1779 3215 1861 3275 Wien
1897 3219 1952 3279 dog

1190 3242 1328 3302 diktaren
1382 3245 1573 3305 Schnitzler,
1619 3250 1669 3310 som
1715 3253 1750 3313 på
1781 3253 1833 3313 den
1869 3254 1948 3314 tiden

1191 3277 1254 3337 stod
1290 3279 1302 3339 i
1326 3280 1460 3340 begrepp
1496 3283 1543 3343 att
1571 3289 1642 3349 ingâ
1674 3289 1686 3349 i
1714 3289 1769 3349 sitt
1793 3292 1955 3352 sextionde

1181 3316 1227 3376 àr.
1270 3319 1336 3379 Hos
1367 3319 1417 3379 oss
1445 3322 1510 3382 stod
1546 3323 1603 3383 han
1635 3327 1673 3387 pâ
1705 3328 1759 3388 den
1794 3329 1875 3389 tiden
1914 3331 1948 3391 på

1182 3355 1220 3415 sin
1255 3357 1478 3417 berömmelses
1509 3363 1709 3423 höjdpunkt.
1756 3367 1863 3427 Under
1890 3367 1943 3427 den

1190 3393 1380 3453 hedbergska
1414 3397 1547 3457 regimen
1582 3400 1616 3460 på
1651 3403 1818 3463 Dramaten
1856 3406 1947 3466 hörde

1186 3430 1216 3490 en
1251 3435 1567 3495 Schnitzlerpremiär
1594 3439 1646 3499 till
1670 3440 1757 3500 varje
1788 3441 1834 3501 års
1864 3444 1944 3504 stora

1185 3468 1362 3528 händelser.
1410 3471 1469 3531 Och
1510 3474 1575 3534 man
1613 3477 1712 3537 minns
1746 3479 1830 3539 dem,
1856 3480 1941 3540 dessa

1187 3507 1343 3567 eleganta,
1370 3510 1568 3570 svårmodigt
1603 3513 1728 3573 kvicka,
1759 3516 1854 3576 under
1888 3519 1941 3579 den

1181 3541 1244 3601 lätt
1295 3546 1452 3606 maliciösa
1484 3549 1558 3609 ytan
1594 3551 1691 3611 djupt
1720 3554 1939 3614 pessimistiska

1182 3580 1326 3640 stycken,
1349 3582 1406 3642 där
1437 3585 1600 3645 kärlekens
1631 3588 1684 3648 och
1718 3590 1832 3650 dödens
1863 3594 1942 3654 klar¬

1185 3618 1251 3678 röda
1277 3619 1325 3679 och
1355 3624 1458 3684 mörka
1484 3624 1591 3684 trådar
1613 3627 1735 3687 bildade
1761 3630 1945 3690 ränningen.

1186 3658 1307 3718 Kanske
1331 3660 1444 3720 främst
1464 3663 1688 3723 enaktscykeln
1715 3666 1745 3726 om
1776 3666 1947 3726 ”Anatol”,

1182 3695 1236 3755 den
1266 3697 1339 3757 unge
1366 3698 1553 3758 sympatiskt
1576 3701 1756 3761 stryktäcke
1783 3704 1941 3764 eleganten

1178 3733 1206 3793 an
1246 3733 1303 3793 der
1335 3734 1449 3794 shönen
1492 3737 1599 3797 blauen
1643 3740 1749 3800 Donau
1789 3740 1842 3800 och
1882 3743 1931 3803 den

1178 3770 1259 3830 eviga
1285 3773 1415 3833 posören
1442 3773 1493 3833 och
1519 3776 1690 3836 histrionen
1716 3776 1727 3836 i
1746 3778 1827 3838 ”Den
1857 3781 1935 3841 stora

1176 3808 1310 3868 rollen”.
1345 3809 1467 3869 Kanske
1499 3814 1589 3874 också
1625 3816 1680 3876 den
1712 3818 1833 3878 judiske
1869 3820 1940 3880 pro-

1175 3845 1280 3905 fessor
1307 3848 1500 3908 Bernhardi.

1221 3884 1260 3944 De
1296 3885 1417 3945 tillhöra
1453 3887 1507 3947 alla
1547 3888 1578 3948 de
1614 3892 1837 3952 scengestalter
1873 3893 1920 3953 som

1172 3922 1291 3982 komma
1322 3922 1368 3982 att
1392 3924 1426 3984 gâ
1453 3923 1541 3983 igen.
1580 3925 1649 3985 Inte
1681 3928 1746 3988 just
1769 3930 1822 3990 nu.
1866 3928 1930 3988 Men

1173 3958 1224 4018 när
1280 3958 1395 4018 seklets
1429 3958 1528 4018 första
1569 3962 1735 4022 decennier
1773 3966 1936 4026 definitivt

1177 3994 1264 4054 blivit
1290 3997 1415 4057 historia
1445 3997 1496 4057 och
1525 4000 1650 4060 därmed
1687 4003 1855 4063 romantik.

2542 515 2549 575 —

2203 543 2905 603 DOBSERVER

2295 608 2318 668 I.
2330 602 2453 662 österr.
2461 595 2616 655 behördl.
2628 583 2929 643 konzessioniertes

2248 642 2479 702 Unternehmen
2512 635 2559 695 für
2584 625 2975 685 Zeitungs-Ausschnitte

2310 697 2457 757 WIEN,
2483 697 2526 757 I.,
2557 688 2848 748 WOLLZEILE
2898 680 2941 740 11

2411 746 2625 806 TELEPHON
2659 735 2839 795 R-23-0-43

2214 894 2446 954 Ausschnitt
2471 888 2566 948 aus:

2323 1015 2845 1075 Social-Demokraten

2656 1164 2756 1224 ﻿1930

2242 1322 2328 1382 SI.

2270 1569 2666 1629 Arthur

2280 1742 2884 1802 Schnitzier

2272 1918 2544 1978 dod.

2298 3029 2404 3089 WIEN
2436 3032 2569 3092 onsdag.
2618 3033 2675 3093 (T.
2692 3032 2745 3092 T.)

2299 3080 2416 3140 Arthur
2437 3083 2608 3143 Schnitzler
2633 3083 2711 3143 avled
2736 3085 2795 3145 här
2815 3086 2858 3146 vid
2884 3086 2996 3146 7-tiden

2256 3135 2294 3195 pä
2323 3131 2607 3191 onsdagsaftonen.
2661 3134 2709 3194 Dä
2738 3134 2930 3194 författaren
2965 3134 3002 3194 pä

2255 3179 2496 3239 eftermiddagen
2531 3182 2694 3242 ätervände
2720 3182 2789 3242 frän
2820 3185 2849 3245 en
2880 3185 3004 3245 prome¬

2255 3230 2330 3290 nad,
2348 3230 2520 3290 drabbades
2543 3232 2600 3292 han
2627 3233 2657 3293 av
2684 3233 2856 3293 slaganfall
2875 3233 2927 3293 och
2954 3233 3007 3293 av¬

2257 3279 2295 3339 led
2347 3280 2420 3340 utan
2473 3280 2519 3340 att
2546 3280 2580 3340 ha
2611 3280 2748 3340 aterfätt
2774 3283 3007 3343 medvetandet.

2259 3328 2431 3388 Schnitzler
2451 3328 2548 3388 skulle
2572 3331 2581 3391 i
2605 3331 2670 3391 maj
2689 3334 2773 3394 nästa
2801 3334 2834 3394 år
2858 3334 2890 3394 ha
2914 3334 3002 3394 blivit

2255 3379 2286 3439 70
2319 3379 2351 3439 år
2379 3379 2532 3439 gammal.

2294 3513 2415 3573 Arthur
2441 3513 2616 3573 Schnitzler
2642 3513 2697 3573 var
2722 3513 2772 3573 den
2806 3516 2885 3576 stora
2915 3516 3003 3576 char¬

2254 3561 2354 3621 mören
2386 3564 2473 3624 bland
2505 3563 2750 3623 förkrigstidens
2778 3564 2997 3624 tyskspräkiga

2255 3612 2445 3672 dramatiska
2471 3612 2661 3672 författare.
2713 3612 2773 3672 Det
2800 3613 2852 3673 har
2878 3612 3002 3672 tvistats

2252 3658 2316 3718 om,
2334 3660 2479 3720 huruvida
2506 3662 2557 3722 han
2587 3660 2638 3720 bör
2656 3660 2771 3720 räknas
2793 3661 2840 3721 till
2862 3663 2892 3723 de
2914 3663 2990 3723 stora

2256 3709 2395 3769 diktarna
2429 3711 2503 3771 (med
2527 3710 2605 3770 stort
2625 3710 2676 3770 S).
2705 3710 2998 3770 Yrkesmoralister-

2255 3758 2286 3818 na
2313 3759 2348 3819 ha
2375 3758 2544 3818 emellanät
2567 3758 2682 3818 anmält
2705 3758 2758 3818 sitt
2780 3758 2927 3818 missnöje
2954 3760 3007 3820 bä-

2254 3806 2284 3866 de
2307 3806 2369 3866 med
2396 3807 2471 3867 hans
2494 3809 2662 3869 skådespel
2681 3809 2729 3869 och
2756 3809 2911 3869 noveller.
2943 3809 3000 3869 Att

2254 3856 2304 3916 han
2341 3854 2395 3914 var
2423 3857 2450 3917 en
2487 3857 2652 3917 fulländad
2684 3857 2780 3917 artist
2808 3857 2895 3917 torde
2927 3857 2995 3917 dock

2258 3905 2342 3965 ingen
2378 3905 2532 3965 bestrida.
2594 3905 2656 3965 Det
2683 3905 2735 3965 som
2780 3907 2890 3967 gjorde
2926 3907 3000 3967 hans

2258 3952 2485 4012 författarskap
2516 3955 2567 4015 och
2593 3952 2735 4012 speciellt
2761 3955 2833 4015 hans
2860 3955 2997 4015 sceniska

2252 4001 2347 4061 alster
2398 4003 2427 4063 så
2461 4003 2644 4063 fängslande
2678 4002 2732 4062 var
2762 4003 2795 4063 en
2829 4003 2995 4063 egenartad

2258 4051 2422 4111 blandning
2458 4052 2492 4112 av
2524 4051 2692 4111 frivolitet,
2715 4051 2874 4111 sarkasm,
2896 4051 3002 4111 ömhet

2255 4103 2302 4163 och
2337 4102 2460 4162 vemod.
2517 4101 2714 4161 Atmosfären
2748 4102 2761 4162 i
2787 4102 2860 4162 hans
2890 4099 2997 4159 skáde-

2257 4152 2321 4212 spel
2360 4149 2372 4209 —
2446 4149 2497 4209 och
2524 4149 2665 4209 speciellt
2687 4149 2700 4209 i
2722 4149 2756 4209 de
2782 4149 2846 4209 med
2877 4149 2992 4209 teknisk

2261 4199 2369 4259 bravur
2394 4197 2535 4257 formade
2564 4198 2729 4258 enaktarna
2762 4199 2774 4259 —
2823 4197 2879 4257 har
2904 4198 2960 4258 nog
2989 4200 3000 4260 i

2259 4249 2354 4309 regeln
2388 4248 2464 4308 mera
2494 4247 2532 4307 av
2561 4248 2752 4308 drivhusluft
2782 4248 2815 4308 än
2849 4247 2882 4307 av
2906 4245 3002 4305 fjäll-

2258 4296 2345 4356 vind,
2358 4297 2420 4357 men
2449 4296 2495 4356 det
2516 4296 2707 4356 mästerskap
2737 4296 2795 4356 med
2824 4296 2915 4356 vilket
2937 4296 2990 4356 han
