3392 4320
145 315 261 375 12.

332 323 912 383 Schuilzler's
981 317 1213 377 Deatl

293 815 999 875 OBSERVER

384 879 405 939 I.
419 876 544 936 österr.
553 875 705 935 behördl.
714 870 1017 930 konzessioniertes

334 921 572 981 Unternehmen
603 918 650 978 für
677 912 1066 972 Zeitungs-Ausschnitte

389 978 538 1038 WIEN.
565 981 617 1041 I.,
643 975 924 1035 WOLLZEILE
970 967 1015 1027 11

487 1028 702 1088 TELEPHON
738 1023 912 1083 R-23-0-43

299 1175 500 1235 Ausschnit
511 1192 607 1252 ns
627 1196 722 1256 Preie
743 1193 886 1253 Prosse,
906 1182 992 1242 Wien

569 1377 630 1437 26
676 1369 810 1429 OKT.
829 1361 935 1421 901

301 1401 406 1461 vom:

231 1479 1059 1539 Teilnahmskundgebungen
1140 1481 1352 1541 anläß¬

226 1557 325 1617 lich
371 1555 461 1615 des
498 1556 688 1616 Todes
726 1557 953 1617 Arthur
981 1557 1344 1617 Schnitzlers.

309 1614 348 1674 An
384 1614 423 1674 die
453 1614 648 1674 Angehärigen
683 1616 798 1676 Arthur
821 1615 1080 1675 Schnitzlers
1109 1613 1149 1673 ist
1173 1615 1229 1675 eine
1259 1615 1345 1675 große

217 1658 337 1718 Anzahl
362 1658 412 1718 von
443 1658 799 1718 Beileidskundgebungen
830 1657 880 1717 von
910 1657 1076 1717 Behörden,
1101 1657 1352 1717 Körperschaften,

216 1700 362 1760 Freunden
403 1700 453 1760 und
484 1700 646 1760 Verehrern
682 1700 859 1760 eingelangt.
891 1699 1205 1759 Unterrichtsminister
1236 1697 1352 1757 Doktor

216 1745 422 1805 Czermak
468 1745 522 1805 hat
563 1742 599 1802 an
644 1742 694 1802 den
725 1741 805 1801 Sohn
856 1740 901 1800 des
927 1741 1128 1801 Verblichenen
1154 1740 1355 1800 geschrieben:

224 1787 389 1847 „Anläßlich
415 1784 461 1844 des
488 1784 513 1844 so
534 1784 741 1844 unerwarteten
772 1783 824 1843 und
845 1781 1000 1841 plötzlichen
1032 1781 1228 1841 Hinscheidens
1259 1783 1347 1843 Ihres

218 1826 303 1886 Herrn
334 1826 440 1886 Vaters
471 1825 537 1885 bitte
563 1826 598 1886 ich
624 1828 694 1888 Sie,
715 1825 760 1885 der
781 1825 989 1885 aufrichtigsten
1020 1823 1192 1883 Teilnahme
1223 1823 1273 1883 und
1304 1822 1349 1882 des

216 1869 387 1929 herzlichsten
423 1867 564 1927 Beileides
615 1866 660 1926 der
706 1867 943 1927 österreichischen
979 1866 1256 1926 Kunstverwaltung
1287 1863 1352 1923 ver¬

219 1912 314 1972 sichert
341 1912 367 1972 zu
399 1912 467 1972 sein.
489 1911 552 1971 Mit
579 1909 690 1969 Arthur
706 1909 859 1969 Schnitzler
887 1909 934 1969 hat
955 1908 1124 1968 Oesterreich
1157 1909 1230 1969 einen
1263 1906 1347 1966 seiner

215 1954 422 2014 bedeutendsten
482 1953 535 2013 und
585 1951 851 2011 repräsentativsten
887 1949 1019 2009 Dichter,
1044 1951 1236 2011 Dramatiker
1291 1946 1344 2006 und

220 1996 423 2056 Schriftsteller
448 1993 591 2053 verloren,
611 1993 655 2053 der
680 1993 704 2053 es
735 1993 759 2053 in
789 1993 1026 2053 hervorragendem
1066 1993 1159 2053 Maße
1185 1990 1342 2050 verstanden

224 2034 287 2094 hat,
314 2034 355 2094 die
382 2034 498 2094 geistige
530 2034 641 2094 Kultur
673 2032 783 2092 unserer
810 2034 947 2094 Heimat,
974 2032 1027 2092 wie
1054 2033 1090 2093 sie
1117 2033 1164 2093 sich
1202 2032 1222 2092 in
1265 2031 1349 2091 seiner

213 2077 431 2137 künstlerischen
464 2075 638 2135 Auffassung
688 2075 819 2135 spiegelt,
863 2073 884 2133 in
939 2073 1146 2133 meisterhafter
1175 2073 1267 2133 Weise
1316 2070 1343 2130 zu

232 2118 354 2178 schildern
384 2118 438 2178 und
463 2116 507 2176 den
542 2118 698 2178 Gebildeten
734 2116 802 2176 aller
827 2115 969 2175 Nationen
999 2116 1023 2176 zu
1054 2115 1235 2175 vermitteln.
1255 2112 1352 2172 Dieser

228 2161 391 2221 bedeutende
418 2160 555 2220 Künstler
582 2160 635 2220 und
662 2159 772 2219 Mensch
805 2159 873 2219 wird
900 2159 984 2219 gewiß
1016 2157 1063 2217 für
1090 2157 1143 2217 alle
1170 2157 1285 2217 Zeiten,
1312 2155 1349 2215 die

228 2204 267 2264 sich
298 2203 338 2263 die
363 2202 519 2262 Schätzung
550 2201 721 2261 kultureller
752 2199 848 2259 Werte
874 2199 903 2259 zu
934 2199 1080 2259 bewahren
1111 2197 1226 2257 wissen,
1247 2199 1352 2259 unver¬

219 2240 305 2300 gessen
333 2243 458 2303 bleiben.
496 2242 561 2302 Mit
605 2243 654 2303 dem
698 2243 860 2303 Ausdrucke
905 2243 1122 2303 vorzüglichster
1150 2243 1345 2303 Hochachtung

228 2286 285 2346 Dr.
306 2285 343 2345 E.
364 2285 537 2345 Czermak."

312 2327 539 2387 Bürgermeister
561 2324 672 2384 Seitz
694 2324 820 2384 schrieb:
847 2324 920 2384 „Die
942 2324 1037 2384 Stadt
1059 2324 1138 2384 Wien
1170 2321 1281 2381 nimmt
1302 2321 1355 2381 teil

223 2366 254 2426 an
287 2369 376 2429 Ihrem
424 2369 476 2429 und
509 2367 598 2427 Ihrer
625 2366 751 2426 Familie
784 2366 920 2426 Schmerz
953 2366 1000 2426 und
1032 2366 1095 2426 auch
1127 2365 1164 2425 ich
1196 2363 1343 2423 persönlich

228 2411 367 2471 empfinde
389 2411 440 2471 tief
461 2410 512 2470 mit
528 2409 642 2469 Ihnen.
663 2410 704 2470 An
731 2407 777 2467 der
793 2407 886 2467 Bahre
912 2405 999 2465 Ihres
1021 2405 1124 2465 Vaters
1145 2405 1259 2465 trauert
1280 2404 1352 2464 nicht

223 2448 282 2508 nur
308 2452 348 2512 die
379 2452 499 2512 Hermat
525 2450 569 2510 des
595 2450 700 2510 großen
731 2448 877 2508 Menschen
928 2447 968 2507 nd
998 2448 1038 2508 des
1069 2446 1174 2506 großen
1205 2446 1355 2506 Dichters,

228 2494 338 2554 sondern
365 2492 434 2552 ganz
455 2491 646 2551 Deutschland
673 2491 725 2551 und
753 2491 795 2551 die
817 2490 1001 2550 Menschheit,
1023 2489 1060 2549 die
1082 2488 1108 2548 er
1130 2488 1272 2548 beschenkt
1294 2488 1357 2548 hat.

223 2536 282 2596 Die
302 2534 386 2594 Welt
407 2533 436 2593 ist
461 2533 490 2593 um
530 2533 604 2593 einen
634 2533 807 2593 strahlenden
837 2530 921 2590 Geist
936 2532 1034 2592 ärmer
1060 2530 1223 2590 geworden,
1244 2528 1287 2588 der
1308 2525 1351 2585 ins

228 2577 304 2637 Land
336 2575 382 2635 der
408 2575 645 2635 Unsterblichkeit
671 2574 800 2634 einzieht.
826 2571 892 2631 Wir
920 2572 1114 2632 Zeitgenossen
1147 2571 1249 2631 werden
1286 2569 1352 2629 aber

229 2618 303 2678 nicht
324 2619 379 2679 nur
400 2618 440 2678 des
465 2619 596 2679 Dichters
627 2615 677 2675 mit
697 2617 868 2677 Verehrung
894 2616 949 2676 und
975 2614 1181 2674 Dankbarkeit
1202 2611 1357 2671 gedenken,

228 2661 338 2721 sondern
369 2658 429 2718 auch
455 2658 500 2718 des
526 2657 596 2717 edlen
627 2657 677 2717 und
703 2655 910 2715 hochgesinnten
941 2655 1107 2715 Menschen,
1123 2655 1168 2715 der
1194 2654 1274 2714 unter
1300 2652 1350 2712 uns

225 2702 317 2762 gelebt
353 2703 422 2763 hat.
464 2700 527 2760 Mit
568 2698 615 2758 dem
679 2699 842 2759 Ausdrucke
889 2697 1103 2757 vorzüglichster
1151 2697 1348 2757 Hochachtung

231 2740 351 2800 Seit.

316 2782 370 2842 Der
393 2781 547 2841 Präsident
592 2782 636 2842 des
681 2781 819 2841 deutschen
853 2778 1036 2838 Reichstages
1064 2778 1168 2838 Löbe
1213 2775 1351 2835 schreibt:

226 2832 286 2892 „Zu
317 2829 362 2889 dem
404 2826 535 2886 schweren
561 2824 708 2884 Verluste,
729 2823 774 2883 den
805 2821 860 2881 Sie
886 2823 962 2883 durch
988 2822 1033 2882 den
1064 2820 1124 2880 Tod
1150 2819 1196 2879 des
1222 2817 1272 2877 von
1303 2815 1353 2875 uns

227 2868 296 2928 allen
326 2867 537 2927 hochverehrten
557 2866 646 2926 Herrn
671 2864 784 2924 Arthur
799 2861 951 2921 Schnitzler
976 2861 1080 2921 erlitten
1115 2860 1218 2920 haben,
1238 2858 1351 2918 erlaube

224 2909 263 2969 ich
294 2911 364 2971 mir,
385 2909 480 2969 Ihnen
511 2906 601 2966 meine
626 2906 782 2966 herzlichste
813 2903 1014 2963 Anteilnahme
1039 2902 1276 2962 auszusprechen.
1301 2897 1336 2957 Im

228 2951 333 3011 ganzen
357 2950 495 3010 deutschen
525 2950 620 3010 Volke
644 2948 711 3008 wird
735 2946 783 3006 das
807 2945 960 3005 Andenken
989 2945 1032 3005 des
1056 2942 1185 3002 Mannes
1214 2942 1233 3002 in
1262 2939 1348 2999 hohen

226 2993 321 3053 Ehren
353 2993 479 3053 bleiben,
507 2992 548 3052 der
581 2991 628 3051 ihm
671 2990 696 3050 so
724 2987 840 3047 innige,
867 2987 1099 3047 unvergängliche
1132 2984 1237 3044 Werbe
1269 2980 1353 3040 seiner

228 3038 323 3098 Kunst
345 3035 483 3095 geschenkt
505 3033 568 3093 hat.
585 3033 622 3093 Im
660 3029 809 3089 herzlichen
836 3029 947 3089 Beileid
969 3029 1028 3089 Ihr
1050 3029 1199 3089 ergebener
1226 3023 1342 3083 Löbe.

316 3078 370 3138 Der
405 3073 695 3133 Generalintendaut
740 3069 788 3129 der
839 3070 1069 3130 österreichischen
1124 3064 1355 3124 Bundestheater

223 3118 539 3178 Schneiderhan
574 3115 751 3175 kondoliexte
782 3111 806 3171 in
836 3111 959 3171 warmen
995 3109 1132 3169 Worten,
1157 3109 1177 3169 in
1212 3108 1295 3168 denen
1330 3102 1354 3162 er

229 3162 338 3222 darauf
359 3157 494 3217 hinwies,
516 3157 565 3217 wie
586 3155 646 3215 sehr
666 3156 711 3216 das
737 3154 857 3214 Wirken
883 3154 928 3214 des
953 3151 1129 3211 Verewigten
1160 3150 1210 3210 mit
1230 3147 1275 3207 der
1296 3144 1355 3204 Ge¬

228 3204 333 3264 schichte
381 3202 429 3262 der
478 3198 703 3258 österreichischen
737 3196 971 3256 Bundestheater
997 3193 1154 3253 verbunden
1189 3190 1250 3250 war
1299 3187 1351 3247 und

229 3244 334 3304 bleiben
370 3244 455 3304 wird,
481 3241 531 3301 und
562 3241 677 3301 schließt
703 3240 733 3300 an
769 3238 814 3298 den
850 3237 996 3297 Ausdruck
1026 3235 1112 3295 seines
1148 3233 1289 3293 Beileides
1320 3229 1359 3289 die

229 3285 446 3345 Versicherung,
468 3283 519 3343 daß
551 3282 597 3342 den
634 3280 861 3340 österreichischen
898 3275 1148 3335 Bundestheatern
1185 3274 1225 3334 die
1257 3271 1355 3331 Pflege

231 3327 269 3387 der
297 3328 405 3388 Werke
433 3326 547 3386 Arthur
575 3322 749 3382 Schnitzlers
777 3321 847 3381 stets
875 3320 934 3380 eine
962 3318 1126 3378 ehrenvolle
1159 3316 1262 3376 Pflicht
1301 3311 1355 3371 sein

481 3366 541 3426 Der
567 3365 840 3425 Präsidialsekretär
886 3361 937 3421 des
968 3358 1357 3418 Unterrichtsministeriums

227 3367 337 3427 werde.

229 3413 426 3473 Sektionsrat
452 3408 519 3468 Dr.
545 3408 623 3468 Kurt
649 3405 1001 3465 Thomasberger
1033 3401 1131 3461 drückt
1157 3399 1209 3459 sein
1246 3399 1359 3459 Beileid

233 3453 252 3513 in
288 3454 454 3514 herzlichster
485 3449 581 3509 Weise
607 3448 662 3508 aus
693 3448 748 3508 und
779 3447 895 3507 betont,
921 3444 986 3504 „daß
1022 3442 1082 3502 man
1118 3443 1153 3503 um
1199 3441 1274 3501 einen
1310 3439 1355 3499 der

228 3496 313 3556 besten
343 3494 395 3554 und
419 3491 625 3551 bedeutendsten
659 3488 783 3548 Männer
807 3488 850 3548 des
879 3485 950 3545 alten
979 3484 1031 3544 und
1061 3482 1146 3542 neuen
1176 3481 1357 3541 Oesterreich,

233 3534 280 3594 das
308 3537 334 3597 er
361 3537 381 3597 so
403 3536 466 3596 sehr
488 3534 588 3594 geliebt
615 3533 668 3593 und
695 3533 715 3593 so
743 3530 859 3590 herrlich
886 3527 1012 3587 lebendig
1040 3527 1060 3587 in
1093 3527 1177 3587 seinen
1209 3524 1352 3584 Menschen

231 3578 282 3638 und
314 3577 397 3637 seiner
429 3575 601 3635 Landschaft
622 3574 804 3634 festgehalten
836 3569 925 3629 habe,
946 3568 1076 3628 trauert"

320 3617 359 3677 Es
380 3617 570 3677 kondolierten
596 3614 716 3674 ferner:
732 3614 786 3674 Die
812 3611 978 3671 Preußische
999 3611 1149 3671 Akademie
1170 3607 1214 3667 der
1235 3605 1360 3665 Künste,

234 3659 278 3719 der
304 3661 410 3721 Rektor
436 3659 481 3719 der
502 3659 658 3719 Abademie
679 3656 724 3716 der
745 3655 887 3715 bildenden
917 3653 1023 3713 Künste
1049 3650 1069 3710 in
1095 3650 1175 3710 Wien
1216 3647 1362 3707 Professor

239 3703 534 3763 Holzmeister,
576 3698 622 3758 der
648 3696 875 3756 Schutzverband
928 3691 1067 3751 deutscher
1094 3688 1300 3748 Schriftsteller
1332 3688 1352 3748 in

231 3745 416 3805 Oesterreich,
458 3741 504 3801 die
531 3737 768 3797 Genossenschaft
810 3736 1011 3796 dramatischer
1043 3730 1249 3790 Schriftsteller
1306 3730 1357 3790 und

232 3787 448 3847 Komponisten,
488 3781 536 3841 das
565 3783 700 3843 Deutsche
725 3778 951 3838 Volkstheater,
990 3775 1038 3835 das
1068 3775 1188 3835 Theater
1237 3772 1260 3832 in
1309 3772 1357 3832 der

241 3832 403 3892 Josefstadt,
426 3827 468 3887 die
491 3824 572 3884 Lese=
594 3826 653 3886 und
675 3824 832 3884 Redehalle
860 3822 995 3882 deutscher
1022 3820 1179 3880 Studenten
1213 3818 1239 3878 in
1273 3819 1364 3879 Prag.

1433 306 1556 366 box
1635 303 1859 363 43/25

1525 790 2242 850 OBSERVER

1613 849 1639 909 I.
1653 849 1770 909 österr.
1784 852 1932 912 behördl.
1946 849 2247 909 konzessioniertes

1570 893 1800 953 Unternehmen
1832 891 1876 951 für
1907 891 2288 951 Zeltungs-Ausschnitte

1619 951 1764 1011 WIEN,
1792 957 1844 1017 I.,
1872 953 2150 1013 WOLLZEILE
2198 954 2237 1014 11

1719 1004 1932 1064 TELEPHON
1969 1004 2140 1064 R-23-0-43

1520 1148 1741 1208 Ausschnitt
1771 1148 1859 1208 aus:
1911 1154 1977 1214 Der
2000 1160 2088 1220 Götz,
2104 1165 2176 1225 Wien

1913 1293 1973 1353 30
2026 1288 2130 1348 DKT
2183 1283 2278 1343 1931

1519 1372 1632 1432 vom:

1678 1462 1862 1522 Stiche
1912 1445 2018 1505 und
2078 1429 2262 1489 Hiebe

1673 1532 1994 1592 Schnitzlers
2012 1503 2297 1563 Begrabnls

1589 1617 1662 1677 Das
1692 1602 1914 1662 geistige
1952 1584 2039 1644 Wien
2078 1573 2262 1633 begleitete
2293 1559 2343 1619 Ihn

1599 1668 1662 1728 Zum
1702 1654 1829 1714 Grabe,
1843 1645 1900 1705 den
1927 1635 2054 1695 Großen
2081 1626 2138 1686 der
2158 1613 2401 1673 Dichterwelt;

1603 1720 1668 1780 Die
1695 1706 1813 1766 Herren
1841 1691 1993 1751 Minister
2020 1681 2118 1741 haben
2152 1670 2264 1730 mithin

1604 1771 1711 1831 Trotz
1747 1749 1990 1809 Abwesenheit
2026 1733 2126 1793 dabei
2156 1722 2299 1782 nicht
2335 1710 2406 1770 ge-

2263 1765 2417 1825 fehlt.

1664 2162 2371 2222 OBSERVER

1750 2214 1772 2274 I.
1786 2217 1910 2277 österr.
1920 2218 2071 2278 behördl.
2081 2222 2380 2282 konzessioniertes

1706 2254 1938 2314 Unternehmen
1969 2258 2014 2318 für
2045 2264 2433 2324 Zeltungs-Ausschnitte

1758 2311 1907 2371 WIEN,
1936 2321 1982 2381 I.,
2010 2324 2289 2384 WOLLZEILE
2338 2327 2378 2387 11

1853 2372 2074 2432 TELEPHON
2106 2375 2284 2435 R-23-0-43

1652 2510 1874 2570 Ausschnitt
1897 2512 1988 2572 aus:

1651 2733 1761 2793 vom:

2021 2788 2254 2848 30.NKT.
2280 2761 2366 2821 1933

1737 2932 1819 2992 Beim
1891 2933 2087 2993 Begräbnis
2141 2933 2265 2993 Arthur
2295 2933 2502 2993 Schnitzlers

1704 2986 1769 3046 war
1820 2984 1886 3044 das
1925 2984 2097 3044 'offizielle
2131 2981 2335 3041 Oesterreich
2380 2984 2496 3044 (durch

1697 3038 1958 3098 Abwesenheit)
1993 3038 2156 3098 glänzend
2196 3038 2378 3098 vertreten.

1635 3266 1855 3326 Ausschnitt
1883 3264 1968 3324 aus:

2078 3423 2136 3483 Dor
2152 3423 2249 3483 Götz,
2257 3423 2339 3483 Wien

1642 3491 1755 3551 vom:

1978 3491 2275 3551 2Tja

2011 3546 2366 3606 Berichtigung

1846 3612 1910 3672 Die
1945 3606 2258 3666 Präsidialkanzlei
2289 3597 2348 3657 des
2383 3590 2616 3650 Unterrichts¬

1813 3662 2052 3722 ministeriums
2100 3653 2224 3713 sendet
2268 3647 2329 3707 uns
2359 3644 2516 3704 folgende
2550 3638 2612 3698 Be¬

1808 3713 2004 3773 richtigung
2041 3707 2102 3767 zu:

1856 3764 1915 3824 «Es
1946 3761 1990 3821 ist
2020 3759 2179 3819 unwahr,
2200 3752 2259 3812 daß
2300 3746 2359 3806 der
2384 3743 2468 3803 Herr
2499 3739 2622 3799 Unter¬

1813 3813 2077 3873 richtsminister
2130 3805 2187 3865 dem
2236 3795 2620 3855 Leichenbegängnisse

1815 3868 1870 3928 des
1901 3863 2059 3923 Dichters
2090 3857 2217 3917 Arthur
2244 3848 2437 3908 Schnitzler
2463 3840 2626 3900 fernege¬

1824 3915 1950 3975 blieben
1981 3911 2040 3971 ist,
2059 3906 2137 3966 weil
2156 3902 2270 3962 dieser
2295 3899 2372 3959 Jude
2403 3892 2584 3952 gewesen.

1875 3965 1972 4025 Wahr
1999 3961 2164 4021 vielmehr
2185 3954 2246 4014 ist,
2268 3950 2329 4010 daß
2366 3948 2422 4008 def
2454 3944 2536 4004 Herr
2563 3941 2629 4001 Mi¬

1821 4020 1921 4080 nister
1949 4016 2033 4076 stets
2060 4012 2118 4072 mit
2145 4007 2341 4067 Vergnügen
2374 4001 2411 4061 an
2443 3997 2618 4057 jüdischen

1824 4067 2074 4127 Begräbnissen
2115 4055 2370 4115 teilgenommen
2410 4046 2498 4106 hat.»

2124 4103 2353 4163 Untetschrift
2373 4096 2572 4156 unleserlich
