3436 4320
268 250 343 310 2

459 259 930 319 Schnitzler
997 273 1034 333 s
1101 266 1336 326 Death

1553 267 1678 327 box
1759 268 1940 328 42/9

820 643 1547 703 OBSERVER

913 691 938 751 I.
951 691 1073 751 österr.
1086 697 1237 757 behördl.
1250 706 1549 766 konzessioniertes

865 735 1100 795 Unternehmen
1132 739 1181 799 für
1208 747 1595 807 Zeitungs-Ausschnitte

912 792 1063 852 WIEN,
1090 799 1136 859 I.,
1164 806 1454 866 WOLLZEILE
1501 814 1546 874 11

1005 851 1232 911 TELEPHON
1265 858 1448 918 R-23-0-43

798 988 1022 1048 Ausschnitt
1047 991 1137 1051 aus:
1156 992 1308 1052 PEIOFU
1345 984 1679 1044 AEEADZYITUN,

1248 1093 1267 1153 2
1298 1088 1348 1148 3.
1369 1074 1489 1134 0T.
1511 1064 1520 1124 1

808 1213 917 1273 vom:

788 1309 969 1369 Das
1016 1321 1395 1381 Sterben
1458 1331 1578 1391 des
1626 1342 2235 1402 Sektionsrat
2268 1355 2631 1415 Robert

1520 1411 1579 1471 Von
1610 1419 1722 1479 Arthur
1747 1424 1913 1484 Schaltzier

864 1464 963 1524 Einen
993 1469 1056 1529 Tag
1086 1474 1142 1534 vor
1172 1479 1608 1539 ArthurSchnitlers-Tod
1631 1490 1673 1550 ist
1695 1491 1752 1551 sein
1781 1493 1880 1553 letztes
1910 1495 2023 1555 Werk,
2039 1501 2089 1561 der
2111 1506 2239 1566 Roman
2276 1507 2454 1567 „Flucht
2469 1509 2511 1569 in
2541 1510 2611 1570 die

829 1516 1110 1576 Finsternis“
1148 1519 1319 1579 erschienen
1357 1526 1417 1586 (S.
1443 1527 1583 1587 Fischer,
1615 1534 1755 1594 Verlag,
1768 1539 1921 1599 Berlin).
1934 1546 2130 1606 Schnitzler,
2143 1550 2197 1610 der
2223 1553 2271 1613 als
2296 1551 2418 1611 Dichter
2450 1554 2510 1614 und
2536 1554 2615 1614 Arzt

821 1554 871 1614 sich
900 1558 1018 1618 immer
1041 1560 1159 1620 wieder
1188 1564 1249 1624 mit
1273 1566 1323 1626 dem
1369 1569 1481 1629 großen
1515 1575 1655 1635 Problom
1695 1581 1752 1641 vom
1803 1584 1938 1644 Sterhen
1978 1589 2169 1649 beschäftigt
2198 1595 2271 1655 hat,
2294 1596 2440 1656 schildert
2469 1601 2547 1661 auch
2581 1597 2609 1657 in

819 1598 918 1658 diesem
963 1604 1045 1664 Buch
1079 1605 1139 1665 das
1173 1608 1260 1668 Ende
1288 1610 1376 1670 eines
1410 1614 1597 1674 Menschen,
1620 1622 1708 1682 eines
1741 1626 1835 1686 hohen
1874 1632 2006 1692 Wiener
2040 1637 2221 1697 Beamten,
2244 1640 2298 1700 der
2327 1640 2387 1700 auf
2415 1640 2470 1700 der
2498 1642 2613 1702 Flucht

821 1641 877 1701 vor
900 1646 950 1706 dem
991 1649 1153 1709 nahenden
1183 1654 1363 1714 Wahnsinn
1392 1659 1413 1719 in
1442 1661 1533 1721 einem
1567 1663 1685 1723 kleinen
1714 1670 1871 1730 Dörschen
1900 1675 2058 1735 gelandet
2081 1679 2131 1739 ist.
2148 1681 2193 1741 Er
2222 1684 2255 1744 ist
2285 1685 2329 1745 sich
2358 1686 2442 1746 nicht
2465 1687 2611 1747 darüber

813 1684 893 1744 klat,
917 1688 945 1748 ob
975 1690 1009 1750 er
1033 1691 1079 1751 die
1103 1695 1212 1755 schöne
1236 1701 1374 1761 Albate,
1392 1703 1438 1763 die
1462 1704 1496 1764 ex
1520 1707 1658 1767 heimlich
1694 1715 1785 1775 liebte
1815 1716 1873 1776 und
1908 1720 1954 1780 die
1983 1724 2157 1784 kraftvolle
2181 1727 2313 1787 Paula,
2331 1730 2395 1790 mit
2418 1730 2470 1790 der
2499 1735 2533 1795 er
2557 1734 2608 1794 sich

812 1729 975 1789 verlobte,
993 1738 1162 1798 ermordet
1185 1743 1258 1803 hat,
1275 1745 1371 1805 dabet
1394 1747 1472 1807 weiß
1501 1750 1551 1810 er,
1569 1752 1625 1812 daß
1654 1756 1738 1816 beide
1761 1759 1845 1819 leben
1868 1764 1935 1824 ...
1959 1767 2076 1827 Seinem
2117 1769 2246 1829 Bruder
2269 1772 2370 1832 Otto,
2388 1774 2438 1834 der
2461 1775 2539 1835 Arzt
2563 1779 2613 1839 ist,

814 1775 870 1835 hat
888 1777 921 1837 er
945 1780 1052 1840 früher
1081 1784 1205 1844 einmal
1229 1787 1285 1847 das
1314 1788 1324 1848 —
1370 1793 1478 1853 längst
1501 1794 1659 1854 bereute-

1704 1802 1915 1862 Versprechen
1950 1811 2217 1871 abgenommen,
2246 1814 2290 1874 ihn
2330 1816 2357 1876 zu
2397 1817 2508 1877 töten,
2531 1817 2608 1877 falls

811 1816 843 1876 er
871 1818 893 1878 in
926 1820 975 1880 die
1004 1825 1102 1885 Nacht
1130 1830 1179 1890 des
1208 1831 1412 1891 Wahnsinns
1445 1835 1533 1895 fallen
1567 1839 1671 1899 sollte.
1694 1838 1704 1898 —
1754 1845 1798 1905 Im
1843 1849 1941 1909 letzten
1980 1854 2113 1914 Kapitel
2141 1855 2190 1915 des
2224 1858 2372 1918 Romans
2406 1862 2526 1922 wartet
2555 1864 2604 1924 der

815 1864 1031 1924 Sektionsrat
1051 1870 1178 1930 Robert
1204 1874 1229 1934 in
1268 1877 1350 1937 einem
1396 1882 1568 1942 ärmlichen
1601 1885 1747 1945 Gasthof
1774 1890 1830 1950 auf
1857 1895 1990 1955 Paula,
2011 1900 2061 1960 die
2087 1900 2119 1960 er
2151 1906 2374 1966 telegraphisch
2407 1908 2432 1968 zu
2471 1909 2521 1969 sich
2554 1910 2604 1970 ge¬

814 1905 897 1965 beten
941 1913 1018 1973 hat.

801 1976 849 2036 Er
870 1981 938 2041 tuot
959 1984 1007 2044 ind
1039 1989 1176 2049 Haustor
1207 1993 1255 2053 und
1286 1998 1383 2058 fragte

1515 2001 1578 2061 alle
1600 2003 1705 2063 Fälles
1717 2006 1811 2066 mitten
1844 2010 1896 2070 ins
1929 2017 2002 2077 Herz
2025 2018 2216 2078 gedrungen,
2238 2022 2290 2082 und
2312 2022 2353 2082 er
2387 2022 2460 2082 sonk
2503 2027 2619 2087 kautles

764 2017 926 2077 nochmals,
946 2021 978 2081 ob
1011 2024 1083 2084 nicht
1110 2027 1168 2087 eine
1195 2031 1332 2091 Depesche
1358 2035 1410 2095 für
1437 2038 1481 2098 ihn
1515 2040 1671 2100 gekommen
1705 2043 1763 2103 auf
1783 2044 1829 2104 den
1862 2049 1952 2109 Boden
1986 2052 2076 2112 nieder

847 2057 909 2117 Der
937 2061 1021 2121 Wirt
1043 2064 1133 2124 klörte
1160 2067 1207 2127 ihn
1239 2071 1303 2131 auf.
1340 2070 1377 2130 de

1490 2076 1522 2136 in
1574 2078 1662 2138 diesen

1744 2083 1857 2143 Rodert
1890 2091 1977 2151 aber,
2003 2094 2072 2154 noch
2104 2097 2179 2157 nicht
2212 2097 2262 2157 zum
2307 2102 2495 2162 Bewußtsein
2534 2105 2628 2165 seiner

757 2092 858 2152 kleinen
889 2098 961 2158 Orte
980 2101 1033 2161 von
1058 2103 1075 2163 7
1094 2103 1154 2163 Uhr
1178 2106 1281 2166 abendd
1306 2109 1353 2169 bis
1378 2110 1389 2170 7
1414 2112 1474 2172 Uhr
1498 2115 1558 2175 früh
1583 2117 1666 2177 keinen
1704 2119 1764 2179 Tat
1788 2123 1926 2183 gelangt,
1951 2130 2005 2190 nur
2035 2130 2095 2190 exst
2120 2132 2143 2192 in
2181 2134 2228 2194 der
2253 2136 2379 2196 Uhnung
2410 2138 2457 2198 des
2488 2142 2626 2202 Grauen¬

755 2135 1049 2195 Telegraphendienst
1073 2142 1163 2202 gäde.
1186 2145 1248 2205 Nun
1283 2147 1327 2207 kam
1380 2151 1487 2211 Robert
1516 2154 1566 2214 auf
1595 2157 1668 2217 seine
1698 2160 1816 2220 haften,
1839 2166 2140 2226 Unwiderruflichen,
2157 2172 2213 2232 das
2237 2175 2378 2235 geschehen
2407 2178 2492 2238 war,
2509 2181 2605 2241 undi

742 2170 816 2230 erste
842 2175 1042 2235 Vermunng

1695 2195 1778 2255 einer
1808 2202 1941 2262 dumpfen
1976 2208 2083 2268 Angst,
2108 2209 2167 2269 noch
2202 2209 2260 2269 hier
2291 2212 2319 2272 an
2354 2216 2413 2276 Ort
2443 2217 2497 2277 und
2532 2219 2619 2279 Stell¬

791 2217 827 2277 Er
852 2222 944 2282 suchte
975 2222 1024 2282 sein
1061 2228 1190 2288 Zinumer
1215 2231 1270 2291 auf
1295 2234 1349 2294 und
1381 2237 1454 2297 legte
1479 2241 1528 2301 sich
1559 2243 1675 2303 unaus¬
1701 2234 1731 2294 zu
1763 2237 1897 2297 erfassen,
1923 2241 1983 2301 was
2009 2243 2039 2303 er
2064 2244 2168 2304 getan,
2187 2248 2291 2308 stürzte
2316 2251 2346 2311 an
2378 2253 2426 2313 der
2451 2255 2543 2315 Leiche
2568 2257 2617 2317 des

748 2255 886 2315 gekleidet
916 2261 985 2321 aufs
1015 2263 1089 2323 Bett
1129 2266 1202 2326 Eine
1233 2272 1345 2332 Stunde
1386 2276 1484 2336 wollte
1509 2279 1543 2339 er
1574 2281 1662 2341 ruhen

1703 2276 1834 2336 Bruders
1859 2279 1965 2339 vorbei
1986 2282 2066 2342 durch
2097 2285 2142 2345 den
2173 2288 2289 2348 duntlen
2319 2291 2420 2351 Gang,
2441 2294 2481 2354 die
2507 2298 2622 2358 Treppe

739 2295 809 2355 denn
838 2297 1035 2357 Mitternacht
1059 2302 1120 2362 war
1149 2307 1290 2367 vorüber,
1314 2312 1370 2372 und
1399 2315 1445 2375 sich
1474 2318 1544 2378 dann
1568 2320 1652 2380 wiede

1696 2315 1804 2375 hinab,
1825 2315 1891 2375 über
1923 2318 1968 2378 den
1995 2322 2088 2382 Flur,
2109 2324 2191 2384 durch
2217 2327 2268 2387 das
2299 2329 2351 2389 seit
2372 2332 2459 2392 Ottos
2491 2335 2619 2395 Ankunft

742 2333 772 2393 an
804 2334 851 2394 den
888 2339 1027 2399 Bahnhof
1054 2345 1194 2405 begeden.
1221 2346 1262 2406 Er
1289 2350 1392 2410 löschte
1419 2355 1470 2415 das
1497 2358 1574 2418 Licht
1601 2360 1658 2420 nich

1696 2351 1765 2411 noch
1791 2353 1866 2413 nicht
1892 2357 1998 2417 wieder
2023 2362 2204 2422 geschlossene
2230 2367 2375 2427 Haustor,
2396 2370 2446 2430 lief
2472 2373 2542 2433 über
2568 2375 2612 2435 den

737 2372 795 2432 aus
824 2375 877 2435 und
906 2376 1012 2436 starrie
1037 2381 1084 2441 von
1138 2385 1229 2445 seinem
1269 2388 1341 2448 Bett
1380 2391 1437 2451 aus
1486 2397 1568 2457 durch
1617 2399 1664 2459 das

1694 2391 1936 2451 menschenkeeren
1976 2400 2173 2460 Marktplatz,
2199 2405 2284 2465 durch
2320 2408 2365 2468 die
2401 2408 2486 2468 lange
2522 2413 2617 2473 Dorf¬

745 2413 1039 2473 gegenüberliegende
1070 2420 1183 2480 Fenster
1215 2424 1240 2484 in
1272 2426 1312 2486 die
1339 2430 1447 2490 Nacht.
1468 2430 1503 2490 Er
1535 2435 1576 2495 sah
1613 2436 1664 2496 nur

1695 2428 1784 2488 straße
1817 2429 1843 2489 in
1875 2431 1922 2491 die
1949 2436 2024 2496 freie
2051 2440 2225 2500 Landschaft
2247 2446 2375 2506 hinaus,
2396 2449 2502 2509 stapfte
2529 2452 2613 2512 durch

747 2446 792 2506 den
822 2451 954 2511 Himmel
977 2457 1034 2517 und
1064 2458 1126 2518 eine
1150 2460 1276 2520 einsame
1300 2469 1501 2529 Felsenspitze,
1519 2471 1588 2531 über
1617 2470 1663 2530 der
1693 2468 1744 2528 den
1773 2467 1859 2527 hohen
1889 2471 2015 2531 Schnee,
2033 2476 2113 2536 warf
2137 2476 2182 2536 den
2212 2479 2332 2539 Mantel
2356 2483 2407 2543 ab,
2425 2485 2470 2545 der
2494 2487 2539 2547 ihn
2575 2491 2597 2551 im

738 2485 779 2545 ein
816 2488 898 2548 Stern
929 2494 1126 2554 schimmerte.
1147 2498 1203 2558 Vom
1245 2505 1395 2565 Kirchturm
1437 2509 1530 2569 schlug
1556 2510 1581 2570 es
1603 2512 1664 2572 hall

1692 2503 1794 2563 Laufen
1827 2510 1976 2570 hinderte,
2001 2515 2121 2575 stürmte
2145 2517 2252 2577 immer
2280 2520 2355 2580 fort,
2374 2524 2476 2584 immer
2505 2530 2621 2590 weiter,

738 2526 823 2586 eins,
838 2528 893 2588 und
919 2530 964 2590 die
984 2533 1100 2593 Klänge
1120 2538 1216 2598 tonten
1242 2542 1327 2602 lange
1353 2546 1428 2606 fort,
1443 2548 1488 2608 als
1514 2548 1609 2608 wollte
1625 2551 1664 2611 die

1691 2541 1783 2601 nichts
1815 2544 1840 2604 in
1877 2546 1944 2606 sich,
1970 2551 2017 2611 als
2048 2552 2094 2612 den
2131 2555 2213 2615 festen
2250 2558 2374 2618 Willen,
2400 2563 2529 2623 niemals
2561 2567 2612 2627 zur

739 2564 834 2624 Nacht
859 2566 897 2626 sio
931 2570 1007 2630 nicht
1037 2573 1142 2633 wieder
1195 2581 1415 2641 herausgeben;
1459 2583 1497 2643 sie
1546 2587 1665 2647 wurder

1688 2581 1855 2641 Besinnung
1889 2587 1917 2647 zu
1952 2590 2075 2650 kommen
2110 2591 2119 2651 —
2167 2596 2249 2656 durch
2278 2597 2339 2657 eine
2364 2600 2517 2660 klingende
2532 2604 2613 2664 blau¬

734 2602 853 2662 lauter,
873 2604 963 2664 poller
998 2608 1050 2668 und
1079 2612 1189 2672 endlich
1214 2617 1362 2677 bröhnend
1396 2622 1449 2682 wie
1473 2626 1655 2686 Orgelung

1688 2619 1792 2679 Nacht,
1812 2623 1854 2683 die
1884 2626 2013 2686 niemals
2037 2629 2089 2689 für
2113 2630 2156 2690 ihn
2190 2632 2271 2692 enden
2319 2636 2434 2696 durfte.
2473 2640 2534 2700 Und
2578 2642 2606 2702 er

731 2640 776 2700 In
817 2640 897 2700 einer
933 2647 1070 2707 riefigen,
1094 2652 1174 2712 sonst
1198 2653 1283 2713 vollig
1319 2659 1410 2719 leeren
1445 2663 1548 2723 Kirche
1578 2661 1664 2721 wan¬
1687 2658 1802 2718 wußte,
1826 2660 1877 2720 daß
1906 2662 1934 2722 er
1958 2665 2050 2725 diesen
2079 2669 2194 2729 gleichen
2229 2671 2292 2731 Weg
2321 2672 2395 2732 schon
2425 2677 2609 2737 tausendmal

731 2679 812 2739 dolte
840 2682 953 2742 Robart
980 2684 1034 2744 mit
1062 2688 1121 2748 Dr.
1144 2692 1288 2752 Leimbach
1321 2697 1438 2757 umther,
1465 2701 1520 2761 und
1547 2701 1578 2761 an
1615 2703 1660 2763 den

1686 2697 1876 2757 dahingeraft
1906 2703 1962 2763 und
1996 2706 2048 2766 daß
2082 2708 2129 2768 ihm
2178 2710 2326 2770 bestimmt
2355 2713 2436 2773 war,
2460 2715 2503 2775 ihn
2541 2718 2603 2778 noch

734 2718 841 2778 Orgel,
867 2724 1038 2784 ungesehen,
1063 2726 1131 2786 aber
1157 2731 1269 2791 Robert
1294 2736 1358 2796 doch
1388 2741 1520 2801 bewußzt,
1540 2742 1579 2802 saß
1614 2742 1643 2802 de

1685 2734 1823 2794 tausende
1851 2740 1940 2800 Male
1968 2743 2011 2803 bis
2045 2743 2068 2803 in
2101 2745 2156 2805 alle
2184 2749 2323 2809 Ewigkeit
2351 2754 2434 2814 durch
2462 2756 2611 2816 klingende

732 2757 855 2817 Pianist
880 2761 932 2821 aus
961 2760 1008 2820 dem
1052 2768 1233 2828 Nachtlokal,
1258 2774 1396 2834 während
1426 2780 1583 2840 Höhnlurg
1617 2781 1645 2841 di

1689 2772 1774 2832 blaue
1801 2775 1902 2835 Nächte
1934 2781 2152 2841 hinzufliehen.

734 2793 868 2853 Register
892 2802 954 2862 trat
978 2802 1031 2862 und
1060 2804 1142 2864 dabei
1166 2807 1218 2867 wie
1243 2809 1281 2869 ein
1310 2814 1492 2874 Hanswurft
1512 2817 1559 2877 den
1589 2821 1646 2881 Koz

1718 2810 1803 2870 Nicht
1826 2814 1955 2874 weniger
1982 2820 2030 2880 als
2058 2821 2144 2881 sieben
2188 2823 2263 2883 volle
2306 2829 2495 2889 Wegstunden
2544 2836 2592 2896 vor

723 2832 799 2892 weit
819 2836 890 2896 über
914 2838 957 2898 die
977 2840 1125 2900 Brüstung
1155 2844 1197 2904 des
1222 2847 1317 2907 Chors
1341 2852 1447 2912 streckte
1471 2852 1523 2912 und
1553 2856 1653 2916 immer

1683 2849 1730 2909 dem
1773 2850 1849 2910 Ort,
1874 2855 2021 2915 entfernt,
2045 2858 2102 2918 aus
2136 2862 2184 2922 dem
2232 2865 2260 2925 er
2294 2868 2422 2928 geflohen
2456 2870 2537 2930 war,
2561 2872 2594 2932 an

720 2870 833 2930 wieder
863 2876 1034 2936 zurückzog.
1060 2881 1212 2941 Leimbach
1242 2885 1310 2945 aber
1345 2888 1487 2948 erklärte,
1512 2891 1561 2951 daß
1601 2897 1635 2957 de

1684 2885 1758 2945 einem
1804 2888 1940 2948 steinigen
1976 2894 2121 2954 Abhang,
2143 2900 2192 2960 der
2223 2904 2252 2964 zu
2283 2904 2333 2964 der
2364 2904 2419 2964 fast
2460 2910 2595 2970 vereisten

726 2909 824 2969 Mann
857 2913 926 2973 dort
945 2918 1014 2978 oben
1043 2919 1121 2979 nicht
1145 2923 1215 2983 etwa
1243 2924 1308 2984 eine
1350 2927 1434 2987 Fuge
1476 2930 1527 2990 von
1578 2931 1638 2991 Bac

1677 2922 1748 2982 Ache
1780 2930 1986 2990 hinabführte,
2013 2936 2058 2996 den
2095 2938 2172 2998 Kopf
2198 2942 2264 3002 nach
2291 2945 2425 3005 abwärts
2456 2950 2605 3010 gewandt,

728 2946 830 3006 spielo,
858 2950 981 3010 sondeen
1019 2955 1073 3015 daß
1106 2958 1138 3018 er
1176 2963 1451 3023 Lebensgoschichton
1489 2966 1516 3026 in
1554 2968 1650 3028 Musik
1684 2965 1743 3025 mit
1770 2966 1986 3026 zerschundenen
2024 2975 2164 3035 Händen,
2202 2982 2396 3042 getrocknetes
2440 2985 2520 3045 Blut
2564 2986 2595 3046 an

727 2987 803 3047 seye,
822 2990 874 3050 wie
899 2992 951 3052 das
976 2996 1147 3056 bekanntlich
1176 2998 1229 3058 allo
1253 3002 1387 3062 begabten
1416 3008 1559 3068 Pianisten
1593 3011 1655 3071 tun.

1684 3004 1800 3064 Scheitel
1828 3006 1880 3066 und
1918 3008 2023 3068 Stirn,
2045 3014 2178 3074 entdeckte
2211 3020 2274 3080 man
2306 3024 2369 3084 drei
2396 3027 2475 3087 Tage
2503 3029 2598 3089 später

722 3025 820 3085 Glaich
854 3030 964 3090 darauf
1008 3035 1163 3095 wanderte
1208 3040 1323 3100 Robert
1368 3044 1495 3104 zwischen
1545 3041 1959 3101 Bahn¬seinenentseen
1998 3049 2058 3109 Leib

724 3064 826 3124 gleisen
864 3065 929 3125 hin,
953 3069 1036 3129 einer
1065 3073 1176 3133 offenen
1214 3078 1387 3138 Landschaft
1415 3082 1461 3142 zu,
1490 3083 1545 3143 mit
1574 3088 1634 3148 eine

722 3102 803 3162 roten
835 3104 934 3164 Fahne
962 3107 989 3167 in
1021 3109 1066 3169 der
1094 3115 1193 3175 Hand,
1230 3115 1274 3175 die
1316 3118 1351 3178 er
1397 3122 1641 3182 ununterbrochen

1689 3131 1976 3191 Schnitzlers
2023 3140 2301 3200 Ehrengrab

720 3140 871 3200 schwenkte
901 3143 960 3203 und
990 3148 1097 3208 andlich
1132 3152 1186 3212 auf
1211 3154 1289 3214 einen
1329 3159 1481 3219 Erdhügel
1511 3163 1637 3223 pflanzte

713 3181 806 3241 unter
831 3184 875 3244 dem
920 3187 1038 3247 Alberta
1068 3192 1206 3252 begraben
1236 3195 1300 3255 13.
1320 3196 1409 3256 Dann
1434 3201 1537 3261 schritt
1557 3203 1586 3263 er
1602 3203 1631 3263 au

1716 3182 1832 3242 Wien.
1861 3190 1943 3250 (Eig.
1972 3195 2066 3255 Ber.)
2094 3198 2216 3258 Arthur
2250 3203 2421 3263 Schnißler
2450 3208 2527 3268 wird
2566 3212 2588 3272 in

718 3221 796 3281 einem
841 3223 973 3283 schmalen
1003 3230 1199 3290 Gebirgepsad
1224 3234 1292 3294 hin,
1312 3236 1469 3296 Abgründe
1494 3242 1518 3302 zu
1548 3243 1640 3303 beider

1681 3229 1761 3289 einem
1810 3238 2122 3298 Ehrengrabe
2155 3245 2327 3305 beigesetzt,
2355 3250 2413 3310 das
2446 3255 2494 3315 ihm
2543 3256 2591 3316 die

711 3258 841 3318 Seiten,
860 3260 957 3320 mitten
986 3265 1065 3325 durch
1093 3269 1153 3329 eine
1177 3273 1391 3333 wundernolle,
1410 3276 1493 3336 blaue
1517 3280 1633 3340 Winter

1677 3276 1968 3336 Kultusgemeinde
2004 3284 2170 3344 widmete.
2216 3291 2296 3351 Auch
2337 3294 2387 3354 die
2417 3299 2593 3359 Gemeinde

709 3293 811 3353 nacht.
835 3296 951 3356 Endlich
984 3301 1026 3361 saß
1059 3303 1105 3363 er,
1124 3307 1274 3367 erkrischt,
1298 3309 1353 3369 mit
1382 3314 1475 3374 kühlen
1513 3318 1638 3378 Wangen

1675 3318 1756 3378 Wien
1789 3324 1881 3384 hatte
1909 3328 1957 3388 für
1986 3330 2039 3390 den
2078 3333 2202 3393 Dichter
2235 3334 2273 3394 ein
2307 3342 2501 3402 Ehrengrab
2535 3346 2594 3406 an=

714 3330 773 3390 und
804 3333 853 3393 sich
884 3338 929 3398 der
979 3340 1084 3400 Arbeit
1125 3347 1410 3407 entgegenfreuend,
1451 3352 1475 3412 in
1531 3357 1656 3417 selneng
1677 3365 1827 3425 geboten,
1848 3370 1912 3430 das
1943 3373 2023 3433 aber
2053 3376 2113 3436 mit
2143 3379 2238 3439 Tank
2264 3385 2439 3445 abgelehnt
2464 3392 2594 3452 wurde.

707 3373 855 3433 Lurequ,
876 3377 922 3437 als
943 3379 1066 3439 ploßlich
1097 3382 1158 3442 sehr
1184 3386 1266 3446 heitig
1297 3389 1327 3449 an
1359 3392 1404 3452 die
1426 3392 1492 3452 Tur
1513 3395 1641 3455 getlopft
1662 3403 1708 3463 da
1739 3413 1790 3473 die
1816 3415 1960 3475 Familie
1986 3420 2103 3480 bereits
2135 3423 2185 3483 den
2217 3426 2339 3486 Antrag
2376 3431 2427 3491 der
2453 3435 2591 3495 Kultus¬

704 3414 823 3474 wunde.
852 3415 895 3475 Er
929 3419 1029 3479 wußte
1063 3422 1173 3482 sofort,
1202 3426 1250 3486 daß
1289 3427 1350 3487 dies
1389 3431 1446 3491 nur
1480 3435 1638 3495 Alberten¬

713 3451 798 3511 Gatte
832 3453 884 3513 sein
918 3456 1037 3516 konnte,
1062 3460 1109 3520 der
1138 3464 1300 3524 gekommen
1339 3468 1419 3528 war,
1444 3471 1629 3531 Rechenschaf

1668 3454 1831 3514 gemeinde
1874 3461 2116 3521 angenommen
2170 3470 2275 3530 hatte.
2312 3476 2486 3536 Schnitzler
2529 3482 2591 3542 hat

711 3491 760 3551 von
799 3493 843 3553 ihm
892 3491 916 3551 zu
956 3497 1087 3557 fordern.
1112 3501 1185 3561 Doch
1215 3503 1244 3563 er
1279 3506 1342 3566 war
1372 3508 1420 3568 fest
1445 3511 1621 3571 antschlossen

1674 3499 1765 3559 seinen
1803 3505 1895 3565 Sohn
1928 3509 2079 3569 Heinrich
2107 3515 2377 3575 testamentarisch
2410 3522 2459 3582 zum
2508 3524 2588 3584 Ver¬

708 3528 789 3588 nicht
815 3530 839 3590 zu
877 3534 989 3594 offnen.
1027 3539 1183 3599 Dielmehr
1215 3543 1320 3603 verlleß
1352 3546 1383 3606 er
1434 3549 1477 3609 den
1534 3550 1620 3610 Raum
1665 3547 1783 3607 Walter
1815 3551 1921 3611 seines
1953 3557 2164 3617 literarischen
2209 3563 2390 3623 Nachlasses
2428 3569 2490 3629 und
2528 3571 2577 3631 alt

699 3565 787 3625 durch
822 3569 866 3629 die
891 3575 1191 3635 gegenüberliegende
1221 3578 1284 3638 Tür
1314 3582 1368 3642 und
1403 3584 1525 3644 stümmte
1541 3589 1633 3649 weiter

1666 3587 1796 3647 Berater
1833 3596 1969 3656 Richard
2000 3608 2410 3668 Boer=Hofsmann
2452 3617 2588 3677 bestellt.

700 3605 789 3665 durch
815 3607 876 3667 eine
896 3611 987 3671 ganze
1013 3615 1098 3675 Reihe
1124 3615 1174 3675 von
1204 3619 1376 3679 Zimmarnz
1397 3623 1421 3683 in
1452 3625 1523 3685 jedem
1563 3628 1618 3688 stan

1669 3634 1746 3694 Eine
1774 3641 2018 3701 obarslächliche
2046 3646 2201 3706 Sichtung
2235 3653 2329 3713 ergab
2374 3657 2445 3717 eine
2485 3659 2584 3719 unge=

700 3644 749 3704 den
785 3647 895 3707 Tischa,
911 3650 945 3710 an
976 3651 1046 3711 jedem
1091 3653 1141 3713 satz
1162 3654 1201 3714 ein
1232 3659 1402 3719 Schreibar,
1423 3663 1498 3723 deren
1523 3665 1623 3725 Federn

1664 3679 1780 3739 hauere
1814 3685 1944 3745 Anzahl
1977 3688 2036 3748 von
2076 3696 2356 3756 Aufzeichnungen
2396 3704 2448 3764 des
2482 3703 2585 3763 Dich¬

699 3682 762 3742 mit
792 3682 974 3742 ungeheurer
1004 3689 1072 3749 Eilo
1102 3692 1170 3752 ütber
1205 3692 1253 3752 das
1288 3699 1401 3759 Papler
1431 3701 1553 3761 fuhren,
1578 3705 1622 3765 mi

1666 3724 1751 3784 tert.

703 3715 751 3775 den
777 3723 862 3783 freien
893 3724 973 3784 Hand
1005 3730 1072 3790 aber
1097 3732 1201 3792 warfen
1232 3730 1268 3790 sig
1288 3733 1337 3793 die
1356 3737 1454 3797 Logen
1485 3741 1515 3801 ir
1540 3743 1632 3803 offeng

702 3759 909 3819 Reiseteschen,
931 3763 973 3823 die
1000 3768 1047 3828 sich
1080 3770 1185 3830 immer
1213 3772 1371 3832 selbsttätig
1404 3775 1472 3835 auf=
1500 3779 1552 3839 und
1585 3778 1611 3838 zu

1711 3769 1765 3829 Die
1798 3772 1979 3832 Beisetzung
2020 3778 2074 3838 des
2107 3784 2256 3844 Dichterd
2305 3790 2383 3850 fand
2415 3795 2510 3855 hautg
2542 3793 2573 3853 in

704 3798 853 3858 schioslen,
877 3804 1056 3864 schnappand
1109 3807 1168 3867 wie
1207 3812 1491 3872 Krofodilunckuler.
1530 3817 1626 3877 Hatei
1657 3815 1716 3875 der
1740 3816 1881 3876 denkhar
1905 3822 2107 3882 schlichtaften
2145 3826 2249 3886 Weise
2273 3831 2362 3891 statt,
2385 3836 2429 3896 so,
2453 3837 2512 3897 wie
2543 3838 2572 3898 er

698 3838 822 3898 dauerte
854 3840 903 3900 das
939 3844 1060 3904 Klopfen
1101 3847 1206 3907 immer
1237 3851 1302 3911 fort
1333 3854 1388 3914 und
1423 3854 1504 3914 schien
1544 3856 1609 3916 soge

1659 3856 1692 3916 es
1721 3859 1906 3919 gewünscht
1930 3868 2036 3928 hatte.
2060 3873 2121 3933 Die
2150 3873 2307 3933 Theater=
2336 3877 2397 3937 und
2432 3880 2561 3940 Schrift

695 3873 804 3933 stärkey
833 3874 890 3934 und
920 3879 1101 3939 dringender
1149 3882 1177 3942 zu
1226 3887 1364 3947 werden.
1407 3893 1622 3953 Unwillkrlich

1653 3900 1844 3960 stellerwelt
1891 3904 1954 3964 und
2013 3907 2065 3967 die
2112 3914 2280 3974 Verehrer
2332 3918 2390 3978 des
2420 3924 2570 3984 Dichters

687 3906 773 3966 griff
803 3912 917 3972 Rodert
947 3916 1016 3976 nach
1045 3917 1096 3977 dem
1143 3921 1304 3981 Revolver,
1334 3926 1379 3986 den
1415 3928 1449 3988 er
1478 3931 1507 3991 in
1548 3932 1622 3992 alter
1652 3944 1766 4004 grrn
1796 3950 1951 4010 zahlreich
1981 3955 2165 4015 vertreten.

697 3945 971 4005 breifegemenetr
997 3951 1054 4011 auf
1080 3953 1131 4013 des
1164 3958 1380 4018 Nachtrisoichen
1413 3963 1508 4023 gelegt
1535 3967 1617 4027 hette

691 3981 785 4041 erhab
813 3981 860 4041 sich
888 3984 975 4044 nesch,
996 3990 1083 4050 steckte
1111 3991 1151 4051 die
1179 3996 1273 4056 Wafse
1301 3995 1327 4055 in
1355 3997 1429 4057 seine
1457 4004 1632 4064 Rocktasche.

1737 4005 1775 4065 e

697 4017 812 4077 wußta,
835 4021 884 4081 daß
918 4025 950 4085 en
979 4027 1105 4087 erwocht
1133 4031 1199 4091 war
1232 4033 1288 4093 und
1316 4035 1431 4095 dachte:
1454 4040 1508 4100 Ein

692 4058 850 4118 grammf,
869 4059 925 4119 und
954 4062 987 4122 er
1010 4066 1124 4126 fragte:
1153 4071 1238 4131 „Wer
1267 4070 1300 4130 ist
1323 4068 1373 4128 das

737 4105 802 4165 Jch
835 4106 932 4166 Mn'4,
952 4112 1102 4172 Rakert",
1122 4115 1279 4175 erwiderte
1306 4122 1370 4182 eine
1397 4128 1546 4188 Stimmz.
