3392 4320
1389 292 1520 352 box
1591 294 1833 354 43/14

130 292 225 352 2.
284 299 873 359 Schnitzler's
942 297 1173 357 Death

283 1541 1016 1601 OBSERVER

376 1596 405 1656 I.
421 1596 538 1656 österr.
549 1599 696 1659 behördl.
712 1602 1011 1662 konzessioniertes

327 1637 566 1697 Unternehmen
596 1640 643 1700 für
673 1643 1057 1703 Zeitungs-Ausschnitte

385 1697 538 1757 WIEN,
560 1701 611 1761 I.,
634 1703 919 1763 WOLLZEILE
971 1707 1013 1767 11

473 1751 702 1811 TELEPHON
737 1755 908 1815 R-23-0-43

282 1891 505 1951 Ausschnitt
526 1894 614 1954 aus:

292 1976 415 2036 Wort
453 1975 546 2035 der
597 1987 875 2047 Frau,len

445 2040 770 2100 1.X.1931.

265 2100 392 2160 .

1192 2196 1385 2256 Mädchens,
1398 2199 1455 2259 das
1480 2202 1512 2262 zu
1537 2202 1627 2262 lieben
1663 2202 1777 2262 weißt"
1802 2204 1846 2264 Er
1870 2205 2029 2265 umrahmt

288 2208 415 2268 Der
450 2210 704 2270 Dichier
747 2214 849 2274 der
892 2216 1129 2276 Wiener

2060 2208 2102 2268 sie
2128 2210 2179 2270 sich
2206 2214 2282 2274 über
2309 2216 2369 2276 alle
2387 2219 2480 2279 engen
2516 2222 2696 2282 Schranken
2723 2225 2773 2285 des
2800 2228 2911 2288 Klein¬

2992 2230 3072 2290 die,
3084 2235 3123 2295 um
3155 2237 3236 2297 ihren

1176 2240 1213 2300 sie
1247 2242 1305 2302 mit
1333 2243 1387 2303 dem
1436 2245 1565 2305 Zauber
1599 2244 1647 2304 der
1680 2246 1809 2306 Wiener
1843 2250 2020 2310 Landschaft

2054 2255 2263 2315 bürgertums
2291 2259 2429 2319 hinweg,
2452 2261 2484 2321 sie
2512 2264 2628 2324 schenkt
2651 2267 2694 2327 ihm
2745 2268 2783 2328 ein
2811 2270 2910 2330 Kind.

2938 2273 3095 2333 fraudiert
3126 2278 3192 2338 hat,
3217 2282 3247 2342 zu

584 2279 819 2339 Frauen

1174 2283 1264 2343 führt
1287 2285 1320 2345 sie
1349 2285 1433 2345 durch
1462 2287 1506 2347 die
1530 2290 1664 2350 breiten,
1682 2291 1772 2351 hellen
1806 2293 1941 2353 Straßen
1976 2294 2026 2354 der
2061 2295 2139 2355 Doch
2168 2299 2291 2359 nachdem
2331 2301 2359 2361 es
2388 2303 2432 2363 tot
2455 2305 2505 2365 zur
2529 2307 2613 2367 Welt
2637 2311 2805 2371 gekommen
2828 2313 2912 2373 war,
2935 2315 3048 2375 Briefe
3076 2319 3127 2379 der
3150 2322 3273 2382 Mutter

329 2330 392 2390 Die
419 2333 644 2393 Wienerinnen
684 2336 772 2396 haben
806 2339 888 2399 ihren
922 2339 1050 2399 Dichter
1076 2338 1140 2398 ver¬

1163 2327 1339 2387 behäbigen
1394 2330 1559 2390 Vorstadt,
1604 2333 1697 2393 unter
1747 2333 1796 2393 die
1846 2338 2016 2398 blühenden
2056 2338 2144 2398 fühlt
2166 2343 2221 2403 sie,
2244 2342 2298 2402 wie
2332 2343 2381 2403 der
2403 2349 2618 2409 feinnervige,
2640 2354 2766 2414 nervöse
2795 2356 2888 2416 Künst

2934 2360 3044 2420 „Papa
3085 2363 3160 2423 wird
3202 2369 3288 2429 verh.

276 2378 386 2438 loren!
408 2378 530 2438 Arthur
552 2378 737 2438 Schnitzler,
754 2379 849 2439 dieser
871 2383 1072 2443 Frauenlob,
1088 2384 1141 2444 hat

1174 2372 1460 2432 Kastanienbäume
1505 2374 1587 2434 eines
1626 2377 1907 2437 Praterfrühlings
1951 2381 2022 2441 oder
2062 2384 2106 2444 ler
2123 2384 2177 2444 vom
2211 2387 2321 2447 bunten
2349 2387 2442 2447 Spiel
2465 2391 2514 2451 der
2536 2393 2618 2453 Welt
2641 2393 2701 2453 und
2724 2397 2817 2457 seinen
2840 2399 2905 2459 ehr¬

2932 2403 3109 2463 schießen",
3129 2410 3288 2470 beschließt

284 2420 331 2480 ihr
356 2420 452 2480 Wesen
483 2420 543 2480 wie
568 2423 622 2483 kein
653 2426 785 2486 anderer
810 2426 931 2486 erfaßt,
950 2426 1125 2486 meisterhaf

1163 2414 1246 2474 durch
1280 2417 1429 2477 herbstlich
1463 2419 1657 2479 leuchtendes
1685 2422 1852 2482 Weinland
1880 2424 1935 2484 auf
1963 2424 2012 2484 den
2052 2426 2145 2486 geizig
2174 2427 2202 2487 in
2230 2428 2274 2488 die
2302 2430 2401 2490 Ferne
2430 2434 2646 2494 schweifenden
2680 2439 2829 2499 Träumen
2857 2438 2890 2498 er

2929 2443 2979 2503 des
3013 2449 3148 2509 reichen,
3188 2455 3283 2515 wider

273 2467 520 2527 durchleuchtete
558 2462 595 2522 er
634 2465 703 2525 ihre
742 2470 855 2530 Züge,
887 2471 994 2531 spürte
1033 2470 1121 2530 ihrem

1163 2458 1378 2518 Kahlenberg.
1401 2460 1446 2520 Er
1474 2462 1643 2522 vergleicht
1667 2462 1700 2522 sie
1729 2464 1790 2524 mit
1819 2467 1921 2527 „einem
1966 2467 2017 2527 ge-
2046 2469 2130 2529 faßt,
2159 2470 2215 2530 nun
2256 2472 2334 2532 nicht
2363 2475 2447 2535 mehr
2482 2478 2566 2538 durch
2601 2481 2679 2541 seine
2714 2485 2815 2545 Liebe,
2838 2487 2894 2547 nur
2928 2488 3035 2548 damit
3070 2494 3160 2554 dieser
3194 2497 3239 2557 die

272 2509 390 2569 Gang,
409 2510 493 2570 ihrem
540 2507 688 2567 Gehaben
723 2512 813 2572 nach,
837 2515 882 2575 zog
917 2515 979 2575 mit
1003 2513 1128 2573 weicher

1163 2500 1306 2560 tragenen
1335 2503 1457 2563 Wiener
1479 2505 1617 2565 Walzer“
1640 2505 1650 2565 —
1695 2509 1900 2569 „Lächelnde,
1912 2511 2016 2571 schalk-
2051 2509 2139 2569 mehr
2178 2512 2266 2572 durch
2306 2515 2350 2575 ihr
2389 2516 2461 2576 Leid
2500 2519 2549 2579 sich
2589 2521 2622 2581 an
2667 2522 2705 2582 sie
2744 2526 2893 2586 gebunden

2931 2530 3051 2590 Gulden
3088 2538 3233 2598 anweist.
3258 2541 3270 2601 U

271 2554 377 2614 zarter
400 2554 489 2614 Hand
523 2553 567 2613 die
590 2555 735 2615 Schleier
763 2556 813 2616 von
847 2557 936 2617 ihrer
959 2557 1126 2617 Heiterkeit

1163 2545 1248 2605 hafte
1271 2547 1441 2607 Weisheit,
1459 2547 1509 2607 das
1538 2548 1577 2608 ist
1594 2549 1616 2609 so
1645 2550 1690 2610 ihr
1713 2551 1855 2611 Wesen,"
1884 2553 1894 2613 —
1940 2555 2013 2615 aber
2049 2554 2133 2614 fühlt
2168 2554 2178 2614 —
2235 2557 2269 2617 da
2298 2561 2366 2621 gibt
2389 2563 2428 2623 sie
2457 2563 2507 2623 ihn
2542 2566 2615 2626 frei.
2639 2569 2706 2629 Und
2735 2569 2763 2629 in
2797 2572 2881 2632 diesem

2925 2575 3047 2635 wieder
3076 2580 3152 2640 dran
3188 2584 3292 2644 denker

277 2596 330 2656 von
364 2597 429 2657 Leid
464 2598 523 2658 und
550 2598 735 2658 bittersüßer
763 2600 869 2660 Liebe.
903 2602 962 2662 Zog
996 2602 1055 2662 mit
1076 2596 1128 2656 der
1162 2590 1362 2650 unerbittlich
1396 2590 1481 2650 pocht
1509 2592 1667 2652 tragisches
1701 2596 1861 2656 Geschehen
1902 2597 1934 2657 an
1968 2597 2014 2657 die
2048 2597 2127 2657 Buch
2161 2601 2227 2661 mit
2255 2603 2354 2663 seiner
2381 2607 2633 2667 liebenswürdig
2667 2616 2886 2676 leichtsinnigen
2927 2621 3152 2681 Hotelzimmer
3186 2627 3219 2687 zu

272 2639 380 2699 Kunst
397 2639 445 2699 des
468 2639 689 2699 Seelenarztes
717 2643 771 2703 und
799 2643 896 2703 seiner
918 2643 1015 2703 feinen
1037 2643 1134 2703 Feder

1158 2629 1223 2689 Tür
1257 2632 1306 2692 der
1340 2634 1450 2694 kleinen
1490 2636 1656 2696 Wohnung
1690 2637 1750 2697 mit
1773 2639 1828 2699 der
1857 2640 2011 2700 grünum=
2045 2642 2255 2702 Melancholie
2289 2646 2405 2706 ersteht
2428 2649 2510 2709 Wien
2544 2652 2572 2712 in
2606 2656 2793 2716 wolkenhaft
2816 2659 2893 2719 leich¬

2925 2661 3012 2721 stillen
3050 2669 3281 2729 Sternennacht

272 2682 319 2742 die
357 2683 613 2743 verschlungenen
657 2688 768 2748 Linien
812 2686 897 2746 eines
935 2686 1132 2746 gesteigerten

1165 2675 1338 2735 sponnenen
1381 2678 1554 2738 Veranda,
1592 2681 1644 2741 von
1692 2680 1744 2740 der
1787 2681 1849 2741 nur
1892 2685 2012 2745 wenige
2045 2686 2091 2746 ten
2124 2688 2407 2748 Aquarellfarben,
2429 2694 2486 2754 wie
2513 2698 2544 2758 es
2577 2700 2629 2760 zur
2656 2701 2892 2761 Jahrhundert¬

2923 2705 3021 2765 leeren
3058 2709 3114 2769 und
3143 2714 3163 2774 in
3193 2715 3242 2775 den
3271 2715 3284 2775 2

1163 2718 1279 2778 Stufen
1324 2719 1351 2779 in
1396 2719 1445 2779 den
1495 2724 1683 2784 mondhellen
1728 2725 1849 2785 Garten
1888 2727 1998 2787 führen

268 2724 465 2784 Heroismus
507 2728 600 2788 nach,
630 2727 752 2787 erfaßte
787 2728 833 2788 die
875 2730 968 2790 ganze
1009 2733 1114 2793 schwer

2043 2726 2150 2786 wende
2182 2731 2264 2791 war,
2291 2733 2342 2793 der
2373 2735 2502 2795 Wiener
2533 2741 2656 2801 Salon,
2683 2742 2714 2802 in
2750 2745 2796 2805 der
2828 2745 2894 2805 vor¬

2960 2758 3069 2818 Dame
3094 2764 3161 2824 oder
3186 2766 3276 2826 süßes

268 2770 447 2830 Innigkeit
466 2772 626 2832 leidvoller
651 2772 877 2832 Mutterschaft

1162 2757 1246 2817 Über
1273 2761 1346 2821 diese
1368 2763 1499 2823 schreitet
1520 2766 1578 2826 nun
1610 2766 1662 2826 das
1689 2767 1772 2827 wilde
1799 2769 1915 2829 Leben,
1931 2772 2015 2832 reißt
2047 2772 2173 2832 nehmen
2216 2775 2342 2835 inneren
2384 2779 2500 2839 Stadt,
2532 2784 2573 2844 die
2611 2785 2726 2845 kleinen
2769 2789 2879 2849 Giebel

2919 2802 2960 2862 sie
2990 2804 3067 2864 alle,
3098 2805 3121 2865 im
3163 2808 3257 2868 Leben

1156 2803 1218 2863 das
1253 2805 1320 2865 süße
1354 2807 1467 2867 Mädel
1496 2809 1518 2869 in
1558 2809 1637 2869 seine
1666 2812 1779 2872 Arme,
1802 2813 1869 2873 gibt
1898 2815 1931 2875 sie
1960 2817 1993 2877 de

317 2814 410 2874 Loris
448 2814 504 2874 (des
542 2814 654 2874 jungen
693 2816 880 2876 Schnitzlers
912 2817 1100 2877 Pseudonym

2039 2817 2150 2877 häuser
2172 2819 2224 2879 von
2257 2820 2469 2880 Neuwaldegg
2501 2826 2559 2886 mit
2575 2829 2660 2889 ihren
2692 2832 2803 2892 Gärten
2830 2834 2883 2894 und

2915 2843 2979 2903 vom
3015 2846 3229 2906 schöpferischen
3259 2852 3265 2912 H

268 2858 332 2918 gab
369 2855 391 2915 im
445 2856 604 2916 „Anatol"
640 2859 686 2919 dem
740 2861 846 2921 „süßen
888 2860 1017 2920 Mädel"
1053 2861 1106 2921 sein

1161 2843 1246 2903 Liebe
1272 2846 1351 2906 preis
1376 2849 1437 2909 und
1468 2849 1566 2909 heißem
1610 2852 1714 2912 Glück.
1733 2854 1745 2914 —
1795 2857 1862 2917 Und
1888 2857 1991 2917 müdem
2041 2858 2139 2918 nahem
2189 2861 2299 2921 Wald,
2337 2865 2391 2925 das
2423 2867 2595 2927 Weinland
2633 2871 2687 2931 von
2725 2874 2896 2934 Grinzing,
2921 2889 3173 2949 österreichischen
3205 2895 3278 2955 Dich

274 2903 443 2963 Prägung.
476 2898 521 2958 So
561 2901 703 2961 wandelt
737 2902 762 2962 es
809 2903 873 2963 noch
906 2903 997 2963 heute
1030 2903 1121 2963 unter
1161 2891 1316 2951 Entsagen
1343 2894 1414 2954 oder
1441 2895 1544 2955 frühem
1591 2897 1668 2957 Tod.

2037 2903 2301 2963 Salmannsdorf
2339 2908 2398 2968 und
2447 2913 2679 2973 Pötzleinsdorf
2723 2917 2787 2977 mit
2820 2917 2868 2977 den

2911 2930 3059 2990 Herzweh
3095 2936 3128 2996 um
3169 2939 3221 2999 die
3244 2941 3272 3001 ge

264 2943 327 3003 uns
365 2942 381 3002 —
440 2944 482 3004 ein
520 2943 621 3003 wenig
659 2945 829 3005 verändert
857 2948 1027 3008 vielleicht,
1049 2948 1123 3008 denn

2037 2948 2371 3008 Sommerhaidenweg
2410 2951 2436 3011 im
2480 2957 2679 3017 Blütenduft
2707 2962 2755 3022 des
2788 2961 2884 3021 Früh¬

1198 2951 1271 3011 Mit
1291 2954 1513 3014 ehrfürchtiger
1540 2957 1625 3017 Hand
1651 2957 1712 3017 setzt
1732 2961 1855 3021 Arthur
1874 2964 2010 3024 Schnitz¬

2917 2974 3047 3034 Tochter
3078 2981 3177 3041 hinter
3210 2981 3258 3041 den

263 2984 313 3044 ihr
347 2984 441 3044 Leben
481 2987 520 3047 ist
548 2989 637 3049 heute
666 2990 811 3050 schwerer
845 2990 889 3050 als
923 2992 1045 3052 damals

2037 2985 2119 3045 lings
2153 2990 2207 3050 und
2236 2990 2263 3050 im
2308 2995 2490 3055 braungrau
2529 3002 2639 3062 mattem
2684 3005 2877 3065 Herbstschein

1158 2998 1201 3058 ler
1224 2998 1273 3058 den
1301 3000 1444 3060 Müttern
1478 3002 1516 3062 ein
1544 3002 1715 3062 Denkmal,
1732 3005 1825 3065 weiht
1842 3008 1930 3068 ihnen
1958 3011 2007 3071 die

2913 3019 3012 3079 seines
3036 3023 3288 3083 liebenswürdig

2032 3032 2144 3092 früher
2169 3038 2453 3098 Dämmerstunden

259 3029 336 3089 denn
370 3032 491 3092 damals
520 3031 597 3091 lebte
620 3030 658 3090 sie
681 3034 741 3094 still
764 3034 813 3094 für
842 3032 885 3092 sich
914 3033 941 3093 in
975 3035 1024 3095 den
1052 3035 1118 3095 nie-
1147 3037 1186 3097 am
1236 3043 1363 3103 edelsten
1397 3045 1568 3105 geformten
1608 3046 1724 3106 Szenen
1763 3049 1862 3109 seiner
1891 3052 1995 3112 Werke

2902 3056 2973 3116 doch
3000 3062 3059 3122 hat
3079 3064 3123 3124 ihm
3171 3067 3216 3127 der
3243 3067 3287 3127 Ki

268 3070 354 3130 deren
387 3073 523 3133 Häusern
561 3074 610 3134 der
632 3076 800 3136 Vorstadt,
823 3076 849 3136 so
877 3076 936 3136 wie
964 3078 1126 3138 Schnitzlen

1150 3082 1182 3142 so
1221 3084 1252 3144 in
1297 3088 1486 3148 „Lebendige
1524 3090 1719 3150 Stunden",
1753 3091 1801 3151 wo
1839 3094 2007 3154 Heinrichs

2071 3091 2120 3151 An
2154 3095 2235 3155 einem
2286 3099 2392 3159 solchen
2426 3104 2581 3164 Herbsttag
2615 3109 2713 3169 haben
2747 3110 2796 3170 sich
2822 3111 2878 3171 Ar¬

2907 3104 3133 3164 empfindende
3151 3109 3230 3169 Herz
3242 3112 3275 3172 ge

264 3120 303 3180 sie
327 3117 384 3177 auf
414 3115 459 3175 die
483 3117 632 3177 schlanken
668 3119 805 3179 Füßchen
841 3120 950 3180 stellte:
979 3120 1059 3180 „Sie
1083 3122 1123 3182 ist
1153 3127 1279 3187 Mutter
1320 3130 1516 3190 Selbstmord
1563 3133 1689 3193 begeht,
1718 3133 1758 3193 um
1816 3135 1862 3195 die
1903 3138 2001 3198 junge
2036 3139 2105 3199 thur
2129 3141 2313 3201 Schnitzlers
2342 3145 2451 3205 Augen
2481 3148 2532 3208 für
2561 3153 2676 3213 immer
2700 3154 2861 3214 geschlossen

2903 3148 3070 3208 Gestalten
3107 3153 3179 3213 aber
3209 3154 3292 3214 werd

266 3159 349 3219 nicht
373 3160 580 3220 faszinierend
605 3160 687 3220 schön

790 3165 829 3225 sie
853 3164 887 3224 ist
917 3164 991 3224 nicht
1020 3166 1124 3226 beson=
1153 3172 1400 3232 Künstlerschaft
1430 3175 1476 3235 des
1511 3176 1730 3236 heißgeliebten
1765 3178 1892 3238 Sohnes
1927 3182 2007 3242 nicht
2036 3182 2105 3242 Vor
2134 3186 2198 3246 uns
2227 3187 2296 3247 aber
2331 3191 2440 3251 ersteht
2469 3193 2514 3253 die
2545 3196 2636 3256 ganze
2666 3197 2757 3257 Fülle
2792 3198 2861 3258 seine

2903 3190 3079 3250 reichischer
3120 3196 3239 3256 Kultur

259 3205 327 3265 ders
351 3205 478 3265 elegant
496 3205 506 3265 —
553 3205 610 3265 und
634 3205 668 3265 sie
692 3205 726 3265 ist
744 3206 824 3266 nicht
842 3207 1004 3267 besonders
1027 3209 1113 3269 geist=
1149 3211 1206 3271 mit
1230 3215 1310 3275 ihrem
1351 3217 1495 3277 Siechtum
1536 3219 1564 3279 zu
1588 3222 1790 3282 beschweren.
1808 3223 1853 3283 In
1883 3225 1980 3285 seinem
2027 3226 2131 3286 holden
2172 3232 2472 3292 Frauengestalten,
2513 3237 2558 3297 die
2600 3242 2790 3302 Mondänen
2825 3239 2859 3299 um

2903 3235 3079 3295 duftzartem
3137 3238 3267 3298 Mädche

260 3247 340 3307 reich
369 3247 380 3307 —
433 3249 507 3309 aber
537 3248 571 3308 sie
601 3247 652 3307 hat
682 3247 721 3307 die
751 3250 854 3310 weiche
884 3250 1010 3310 Anmut
1034 3251 1114 3311 eines
1155 3257 1311 3317 einzigen,
1335 3260 1594 3320 großangelegten
1635 3262 1779 3322 Roman,
1809 3266 1894 3326 „Der
1924 3266 1998 3326 Weg

2032 3270 2135 3330 „Frau
2162 3273 2259 3333 Berta
2286 3276 2448 3336 Garlan",
2469 3280 2533 3340 jene
2559 3282 2696 3342 elegante
2722 3288 2865 3348 Gabriele

2903 3276 3052 3336 Frauen.
3076 3282 3128 3342 vom
3175 3284 3289 3344 Frühli

265 3291 571 3351 Frühlingsabends
596 3289 608 3349 —
658 3290 712 3350 und
743 3291 786 3351 die
811 3293 921 3353 Grazie
947 3294 1032 3354 einer
1057 3296 1124 3356 ver=
1149 3299 1204 3359 ins
1235 3303 1363 3363 Freie",
1388 3303 1468 3363 stellt
1500 3303 1548 3363 der
1573 3306 1701 3366 Dichter
1733 3308 1781 3368 dem
1825 3311 2002 3371 Patrizier=
2033 3312 2076 3372 die
2102 3313 2193 3373 „auch
2218 3314 2242 3374 so
2267 3316 2365 3376 lieben
2396 3319 2487 3379 kann,
2507 3323 2561 3383 wie
2586 3326 2628 3386 ein
2660 3330 2746 3390 süßes
2777 3330 2881 3390 Mädel
2906 3321 3120 3381 lichterfüllten
3151 3325 3286 3385 winterl

259 3337 424 3397 zauberten
474 3336 650 3396 Prinzessin
695 3337 755 3397 und
800 3338 855 3398 den
900 3337 993 3397 Geist
1027 3339 1114 3399 eines
1149 3342 1220 3402 sohn
1259 3345 1380 3405 Georg,
1408 3344 1457 3404 dem
1508 3345 1562 3405 von
1602 3346 1651 3406 den
1690 3348 1833 3408 schönsten
1872 3354 1993 3414 Frauer

2042 3348 2047 3408 —
2091 3356 2144 3416 und
2172 3357 2231 3417 nur
2253 3357 2301 3417 den
2334 3359 2409 3419 Mut
2431 3365 2495 3425 dazu
2523 3366 2603 3426 nicht
2625 3369 2738 3429 hatte,"
2760 3370 2770 3430 —
2814 3370 2867 3430 und

2943 3366 3012 3426 Der
3048 3372 3247 3432 Herbstwind

1145 3387 1344 3447 verwöhnten
1377 3390 1540 3450 Künstler,
1562 3392 1673 3452 Anna,
1689 3393 1741 3453 das
1768 3396 2006 3456 Vorstadtkind,
2027 3399 2074 3459 die
2101 3401 2217 3461 andern
2255 3402 2328 3462 alle,
2355 3403 2402 3463 die
2429 3408 2460 3468 im
2509 3411 2640 3471 „jungen
2683 3416 2851 3476 Medardus

2896 3406 2944 3466 ein
2980 3414 3207 3474 Dichtergrab,
3232 3417 3273 3477 die

1148 3432 1343 3492 gegenüber,
1368 3435 1607 3495 dunkelhaarig,
1632 3436 1662 3496 in
1693 3438 1840 3498 südlicher
1872 3440 2000 3500 Leiden-
2025 3442 2086 3502 und
2117 3444 2220 3504 durchs
2258 3446 2374 3506 „Weite
2399 3450 2502 3510 Land"
2534 3454 2699 3514 schreiten.
2725 3457 2865 3517 Fräulein
2902 3454 2938 3514 um
2982 3457 3098 3517 Arthur
3123 3461 3282 3521 Schnitzler

259 3464 281 3524 2
378 3461 638 3521 Hrr
892 3456 930 3516 1.
947 3456 1010 3516 XI.
1034 3453 1096 3513 193

1144 3477 1241 3537 schaft
1267 3477 1321 3537 dem
1365 3479 1524 3539 Geliebten
1561 3481 1769 3541 hingegeben.
1794 3484 1898 3544 Mutig
1936 3485 1996 3545 setzt
2022 3486 2107 3546 Else,
2126 3488 2137 3548 —
2181 3492 2272 3552 herbe
2298 3497 2420 3557 Jugend
2445 3499 2493 3559 des
2519 3500 2616 3560 letzten
2642 3505 2868 3565 Dezenniums,
