3392 4320
172 243 289 303 12.

369 240 939 300 Schuitzler's
1007 234 1243 294 Deatl

446 484 532 544 durch
591 488 637 548 ein
695 494 980 554 untergeordnetes
1033 497 1148 557 Organ
1207 500 1305 560 seiner

445 533 578 593 Kanzlei
631 536 811 596 vertreten,
880 539 936 599 der
993 542 1308 602 Unterrichts¬

446 575 655 635 minister
683 578 810 638 schickte,
827 580 948 640 sichtlich
977 582 1192 642 widerwillig,
1214 585 1296 645 einen

448 619 665 679 Sektionsvat,
692 619 752 679 und
783 620 812 680 im
859 624 985 684 übrigen
1021 626 1117 686 stellte
1148 627 1214 687 man
1250 627 1300 687 sich

446 659 677 719 amtlicherseits
712 664 800 724 Kind
835 665 894 725 und
924 669 1017 729 taub.
1043 669 1106 729 Ja,
1131 670 1214 730 wenn
1254 669 1303 729 der

448 703 613 763 Präsident
666 706 753 766 eines
790 709 1064 769 christlichsozialen
1106 713 1303 773 Veteranen¬

444 745 587 805 vereines
617 748 765 808 begraben
799 752 923 812 worden
958 754 1039 814 wäre
1069 754 1135 814 oder
1164 756 1203 816 ein
1237 755 1308 815 ver¬

444 786 561 846 dienter
593 791 931 851 Stammtischpräses,
954 795 1032 855 dann
1071 797 1155 857 wäre
1182 800 1219 860 sie
1246 801 1303 861 alle

440 831 640 891 dagewesen,
662 833 771 893 Mann
804 835 857 895 für
885 837 1014 897 Mann,
1059 842 1123 902 und
1156 840 1183 900 es
1222 842 1302 902 hätte

443 876 497 936 gar
531 876 607 936 nicht
630 876 723 936 Platz
746 880 845 940 geuug
873 882 1000 942 gegeben
1039 882 1088 942 für
1117 882 1160 942 die
1188 887 1293 947 teuren

444 918 653 978 Amtsautos.
676 921 759 981 Aber
787 924 847 984 nur
875 925 919 985 ein
953 925 1097 985 Dichter!
1119 927 1191 987 Noch
1224 929 1296 989 dazu

449 962 547 1022 einer,
570 963 619 1023 der
647 964 696 1024 den
736 967 890 1027 Spießern
929 969 989 1029 und
1023 971 1161 1031 Muckern
1217 972 1299 1032 nicht

443 1004 556 1064 immer
585 1004 612 1064 zu
647 1007 793 1067 Gefallen
828 1010 1014 1070 geschrieben
1054 1013 1121 1073 hat,
1167 1016 1200 1076 da
1235 1016 1302 1076 hält

444 1046 513 1106 man
544 1049 594 1109 sich
629 1049 724 1109 lieber
750 1053 835 1113 fern,
861 1054 945 1114 wenn
986 1055 1066 1115 einem
1112 1056 1192 1116 seine
1222 1056 1302 1116 poli¬

439 1090 521 1150 tische
547 1094 702 1154 Karriere
729 1095 785 1155 lieb
817 1096 868 1156 ist.
905 1097 1023 1157 Damit
1050 1099 1106 1159 wir
1138 1100 1194 1160 uns
1226 1100 1303 1160 recht

440 1136 616 1196 verstehen:
641 1138 696 1198 kein
732 1139 858 1199 Mensch
889 1139 929 1199 ist
955 1141 1005 1201 von
1040 1142 1090 1202 dem
1136 1145 1292 1205 perversen

445 1180 614 1240 Verlangen
658 1183 784 1243 erfüllt,
811 1184 917 1244 irgend
955 1184 1039 1244 einen
1077 1187 1299 1247 Dutzendpoli¬

439 1221 528 1281 tiker,
556 1223 623 1283 mag
656 1225 687 1285 er
719 1224 872 1284 Czermak
899 1225 972 1285 oder
1004 1228 1146 1288 sonstwie
1179 1231 1299 1291 heißen,

439 1267 488 1327 der
513 1266 626 1326 gerade
656 1265 715 1325 auf
745 1269 858 1329 Grund
894 1270 977 1330 einer
1012 1273 1293 1333 beklagenswerten

434 1311 609 1371 politischen
650 1312 876 1372 Konstellation
942 1314 1007 1374 und
1048 1317 1294 1377 groteskerweise

440 1354 785 1414 Unterrichtsminister
817 1356 868 1416 der
900 1360 1059 1420 Republik
1086 1359 1142 1419 ist,
1168 1361 1214 1421 bei
1246 1363 1297 1423 der

437 1396 638 1456 Leichenfeier
670 1398 755 1458 eines
788 1400 930 1460 Dichters
963 1401 994 1461 zu
1027 1402 1132 1462 sehen.
1154 1401 1238 1461 Aber
1265 1404 1296 1464 er

433 1438 493 1498 und
529 1440 574 1500 die
605 1440 737 1500 anderen
778 1443 950 1503 Politiker,
976 1444 1021 1504 die
1052 1446 1112 1506 uns
1148 1443 1158 1503 —
1220 1445 1300 1505 Gott

440 1480 504 1540 sei's
532 1485 656 1545 geklagt
684 1481 694 1541 —
755 1488 917 1548 regieren,
944 1490 1047 1550 sollten
1080 1488 1193 1548 endlich
1232 1491 1296 1551 ein¬

435 1524 540 1584 sehen,
561 1530 614 1590 daß
652 1529 683 1589 es
715 1529 783 1589 eine
811 1530 969 1590 Blamage
1001 1531 1053 1591 für
1085 1532 1175 1592 unser
1207 1533 1291 1593 Land

430 1571 593 1631 bedeutet,
642 1572 731 1632 wenn
769 1572 811 1632 sie
844 1573 890 1633 sich
928 1576 960 1636 so
992 1576 1182 1636 aufführen.
1231 1577 1288 1637 Ein

433 1614 732 1674 kaiserlicher
771 1617 1121 1677 Unterrichtsminister
1177 1620 1209 1680 ist
1243 1621 1298 1681 für

432 1655 481 1715 den
517 1658 628 1718 jungen
664 1658 850 1718 Schnitzler,
897 1663 947 1723 der
983 1664 1103 1724 damals
1139 1664 1199 1724 noch
1235 1664 1290 1724 gar

435 1699 512 1759 nicht
538 1703 687 1763 berühmt
719 1703 800 1763 war,
827 1708 1012 1768 eingetreten
1059 1707 1115 1767 sein
1152 1708 1296 1768 republi¬

430 1743 581 1803 kanischer
615 1745 804 1805 Nachfolger
859 1749 978 1809 schämt
1006 1749 1054 1809 sich
1093 1752 1190 1812 nicht,
1239 1752 1293 1812 der

433 1787 634 1847 Leichenfeier
692 1792 748 1852 für
780 1793 832 1853 den
894 1793 1081 1853 berühmten
1123 1795 1293 1855 Schnitzler

449 1831 687 1891 ernzubleiben.
741 1833 806 1893 Die
839 1835 1088 1895 überzeugtesten
1132 1837 1288 1897 Republi¬

434 1876 522 1936 kaner
550 1876 632 1936 sehen
666 1876 709 1936 sich
749 1876 771 1936 in
805 1879 975 1939 Österreich
1009 1879 1191 1939 manchmal
1214 1882 1279 1942 dazu

432 1918 591 1978 verleitet,
618 1919 668 1979 der
700 1921 891 1981 Monarchie
928 1924 989 1984 eine
1025 1924 1128 1984 Träne
1165 1926 1293 1986 nachzu¬

432 1963 571 2023 weinen:
623 1963 669 2023 die
700 1964 782 2024 ganz
814 1966 926 2026 krassen
984 1966 1143 2026 amtlichen
1185 1968 1287 2028 Unge¬

428 2008 624 2068 zogenheiten
656 2011 708 2071 hat
730 2011 799 2071 man
831 2012 878 2072 sich
910 2011 1032 2071 damals
1059 2011 1122 2071 doch
1150 2013 1228 2073 nicht
1245 2013 1292 2073 er¬

433 2050 538 2110 laubt.

1033 2058 1232 2118 Lucian.

464 2195 544 2255 Die
581 2195 861 2255 Förderung
917 2196 988 2256 des

713 2275 1257 2335 Außland=Geschäftes.

473 2338 694 2398 Erweiterung
731 2334 780 2394 der
802 2337 1081 2397 Rußland-Aktion
1118 2339 1167 2399 der
1189 2339 1252 2399 Ge¬

738 2381 859 2441 meinde
886 2382 994 2442 Wien.

474 2438 517 2498 Im
587 2440 718 2500 Wiener
756 2441 893 2501 Landtag
944 2443 1113 2503 berichtete
1164 2444 1276 2504 gestern

431 2485 587 2545 Stadtrat
610 2485 842 2545 Breitner
870 2485 946 2545 über
979 2485 1032 2545 das
1066 2485 1179 2545 Gesetz,
1223 2483 1287 2543 wo¬

425 2530 516 2590 durch
544 2529 592 2589 die
620 2528 820 2588 Beteiligung
854 2528 902 2588 der
929 2529 1102 2589 Gemeinde
1130 2531 1211 2591 Wien
1244 2528 1281 2588 an

428 2569 481 2629 der
509 2570 870 2630 Bundesaktion
925 2574 983 2634 zur
1012 2572 1200 2632 Förderung
1233 2570 1281 2630 des

428 2615 742 2675 Rußland=Handels
792 2614 874 2674 auf
919 2612 957 2672 65
1018 2617 1276 2677 Millionen

435 2659 661 2719 Schilling
696 2658 812 2718 (bisher
841 2659 876 2719 25
911 2657 1079 2717 Millionen
1114 2658 1288 2718 Schilling)

920 2700 1083 2760 Stadtrat
1128 2700 1281 2760 Breitner

428 2703 536 2763 erhöht
607 2700 732 2760 werden
793 2702 862 2762 soll.

431 2744 502 2804 wies
536 2745 652 2805 darauf
680 2745 751 2805 hin,
774 2745 829 2805 daß
863 2745 907 2805 die
935 2745 1089 2805 russischen
1129 2743 1283 2803 Aufträge

432 2787 458 2847 in
495 2790 542 2850 den
580 2787 675 2847 letzten
718 2790 870 2850 Monaten
924 2787 1003 2847 stark
1051 2784 1273 2844 zugenommen

428 2832 547 2892 haben,
585 2832 731 2892 weshalb
765 2832 808 2892 die
836 2832 1058 2892 Erweiterung
1091 2829 1139 2889 der
1172 2829 1275 2889 Aktion

429 2876 605 2936 notwendig
636 2873 688 2933 sei.
706 2873 771 2933 Die
789 2873 1025 2933 Abgeordneten
1061 2873 1284 2933 Kunschak

430 2918 489 2978 und
520 2919 585 2979 Dr.
604 2916 802 2976 Wagner
833 2918 977 2978 außerten
1014 2917 1134 2977 gewisse
1158 2917 1284 2977 Beden¬

430 2960 472 3020 ken
504 2961 576 3021 über
602 2963 651 3023 die
676 2962 995 3022 Zahlungsfähigkeit
1021 2963 1186 3023 Rußlands
1218 2959 1279 3019 und

430 3003 531 3063 wegen
562 3006 615 3066 des
646 3005 802 3065 russischen
833 3005 1043 3065 Dumpings,
1086 3004 1140 3064 das
1177 3005 1284 3065 insbe¬

439 3049 555 3109 sondere
580 3048 635 3108 den
661 3049 789 3109 Export
808 3049 856 3109 des
889 3049 1140 3109 österreichischen
1172 3049 1276 3109 Holzes

437 3091 536 3151 schwer
564 3094 823 3154 beeinträchtige.

466 3142 539 3202 Das
570 3142 680 3202 Gesetz
699 3145 809 3205 wurde
859 3143 889 3203 in
920 3142 1018 3202 erster
1062 3142 1122 3202 und
1154 3139 1275 3199 zweiter

434 3190 543 3250 Lesung
574 3190 633 3250 vom
678 3187 818 3247 Landtag
849 3187 1196 3247 angenommen.

1450 228 1586 288 box
1659 224 1900 284 43/25

2237 303 3029 363 OBSERVERG

2318 327 2341 387 l.
2358 333 2472 393 Osterr.
2489 349 2635 409 behördl.
2644 369 2936 429 konzessioniertes

2277 372 2502 432 Onternehmen
2531 388 2575 448 für
2603 411 2983 471 Zeitungs-Ausschnitte

2338 429 2438 489 es
2502 447 2540 507 .
2563 461 2826 521 Worene
2869 484 2928 544 .

2407 494 2615 554 TELEPHON
2657 517 2824 577 R-23.0.43

2191 615 2410 675 Ausschnitt
2434 633 2522 693 aus:

2400 723 2606 783 WIENER
2652 715 2871 775 Z2ITUNE

2672 807 2690 867 2
2721 810 2768 870 4.
2789 813 2914 873 OKT.
2935 813 3060 873 1331.

2173 830 2281 890 vom:

2256 957 2869 1017 Tagesnachrichten.

2394 1037 2511 1097 Artur
2546 1039 2773 1099 Schnitzler.

2126 1097 2195 1157 Von
2230 1099 2333 1159 seinem
2378 1096 2481 1156 Hause
2511 1095 2536 1155 in
2576 1096 2625 1156 der
2660 1097 2976 1157 Sternwartestraße
3006 1093 3065 1153 aus

2077 1148 2185 1208 wurde
2228 1147 2348 1207 gestern
2396 1145 2531 1205 mittags
2579 1145 2688 1205 Artur
2731 1145 2981 1205 Schnitzler

2091 1195 2191 1255 Grabe
2223 1195 2365 1255 geleitet.
2397 1193 2444 1253 Er
2476 1194 2560 1254 hatte
2588 1194 2756 1254 letztwillig
2788 1193 2962 1253 bestimmt,
3005 1193 3062 1253 daß

2087 1246 2131 1306 die
2162 1245 2363 1305 Leichenfeier
2394 1242 2474 1302 ohne
2499 1243 2585 1303 jeden
2621 1243 2731 1303 Prunk
2756 1241 2821 1301 und
2853 1240 2877 1300 in
2908 1240 2958 1300 der
2978 1240 3068 1300 aller¬

2088 1294 2282 1354 schlichtesten
2320 1292 2417 1352 Weise
2455 1291 2644 1351 stattfinden
2682 1291 2768 1351 solle.
2812 1288 2881 1348 Der
2909 1289 3060 1349 Holzsarg

2090 1342 2151 1402 war
2188 1342 2213 1402 im
2260 1342 2508 1402 Schlafzimmer
2539 1339 2590 1399 der
2627 1340 2709 1400 Villa
2746 1339 2957 1399 aufgebahrt.
3015 1336 3065 1396 Da

2087 1391 2138 1451 der
2169 1393 2298 1453 Wunsch
2330 1391 2381 1451 des
2412 1390 2577 1450 Dichters,
2604 1389 2655 1449 von
2691 1388 2939 1448 Kranzspenden
2976 1387 3073 1447 abzu¬

2086 1443 2199 1503 sehen,
2220 1440 2276 1500 erst
2297 1440 2415 1500 gestern
2447 1440 2586 1500 bekannt
2612 1437 2741 1497 wurde,
2762 1437 2875 1497 konnte
2907 1434 2983 1494 nicht
3005 1433 3071 1493 ver¬

2091 1490 2209 1550 mieden
2251 1488 2395 1548 werden,
2421 1487 2477 1547 daß
2514 1488 2570 1548 den
2612 1487 2699 1547 Sarg
2736 1487 2838 1547 einige
2875 1482 2957 1542 schon
2999 1484 3071 1544 vor¬

2088 1540 2162 1600 stern
2223 1539 2423 1599 abgegebene
2469 1536 2765 1596 Blumengewinde
2821 1533 2885 1593 und
2941 1533 3066 1593 Kränze

2090 1590 2290 1650 schmückten,
2312 1588 2343 1648 so
2370 1587 2417 1647 ein
2455 1587 2560 1647 Kranz
2593 1584 2645 1644 des
2677 1584 2914 1644 Burgtheaters
2947 1581 3005 1641 mit
3021 1580 3073 1640 der

2952 1628 3052 1688 seinem

2097 1637 2265 1697 Inschrift:
2298 1636 2387 1696 „Das
2424 1634 2582 1694 dankbare
2619 1632 2846 1692 Burgtheater

2087 1688 2205 1748 großen
2239 1685 2363 1745 Dichter
2390 1682 2411 1742 in
2451 1685 2504 1745 den
2537 1683 2656 1743 Jahren
2694 1679 2933 1739 1895—1931.“
2966 1677 3068 1737 Gegen

2098 1737 2161 1797 halb
2196 1736 2230 1796 12
2260 1735 2322 1795 Uhr
2352 1733 2462 1793 wurde
2485 1733 2537 1793 der
2566 1733 2652 1793 Sarg
2705 1731 2780 1791 nach
2821 1730 2872 1790 dem
2925 1730 3074 1790 Zentral¬

2095 1786 2234 1846 friedhof
2263 1784 2425 1844 gebracht.

2134 1842 2179 1902 Im
2220 1841 2502 1901 Zentralfriedhof
2543 1837 2629 1897 hatte
2670 1837 2721 1897 sich
2767 1837 2836 1897 eine
2866 1837 2963 1897 große
2992 1834 3078 1894 Zahl

2095 1892 2151 1952 von
2192 1892 2362 1952 Freunden
2409 1889 2470 1949 und
2492 1888 2671 1948 Verehrern
2713 1885 2770 1945 des
2791 1885 2929 1945 Dichters
2971 1883 3079 1943 einge¬

2093 1942 2236 2002 funden,
2258 1939 2298 1999 um
2340 1939 2370 1999 an
2407 1938 2459 1998 der
2490 1936 2670 1996 Beisetzung
2701 1935 2959 1995 teilzunehmen.
2996 1930 3062 1990 Vom

2095 1990 2500 2050 Unterrichtsministerium
2560 1987 2667 2047 hatten
2716 1984 2770 2044 sich
2819 1983 3078 2043 Ministerialrat

2097 2040 2161 2100 Dr.
2184 2037 2302 2097 Wisoko
2335 2037 2394 2097 und
2427 2034 2692 2094 Regierungsrat
2719 2029 2784 2089 Dr.
2811 2031 3086 2091 Thomasberger,

2100 2087 2146 2147 für
2184 2085 2242 2145 das
2274 2085 2495 2145 Burgtheater
2528 2081 2861 2141 Generalintendant
2893 2079 3082 2139 Schneider¬

2095 2139 2176 2199 han,
2198 2135 2316 2195 Hofrat
2339 2134 2441 2194 Prof.
2463 2133 2631 2193 Reimers,
2653 2133 2706 2193 von
2739 2130 2793 2190 den
2831 2129 2999 2189 Künstlern
3032 2126 3080 2186 die

2098 2187 2224 2247 Frauen
2263 2184 2457 2244 Bleibtreu,
2485 2182 2666 2242 Reinhold,
2705 2179 2904 2239 Pünkösdy,
2943 2178 3086 2238 Mayer,

2101 2234 2144 2294 die
2173 2234 2288 2294 Herren
2327 2231 2503 2291 Herterich,
2526 2231 2653 2291 Aslan,
2670 2228 2802 2288 Moser,
2825 2225 2940 2285 Marr,
2958 2225 3084 2285 Eidlitz,

2100 2283 2242 2343 Straßni
2269 2282 2506 2342 eingefunden.
2554 2279 2628 2339 Von
2676 2276 2728 2336 den
2776 2276 2907 2336 übrigen
2950 2273 3076 2333 Wiener

2100 2333 2253 2393 Theatern
2290 2332 2353 2392 war
2380 2331 2458 2391 ganz
2485 2328 2658 2388 besonders
2685 2326 2838 2386 zahlreich
2870 2326 2922 2386 das
2944 2324 3075 2384 Theater

2101 2381 2128 2441 in
2162 2381 2211 2441 der
2239 2378 2410 2438 Josefstadt
2439 2378 2621 2438 vertreten,
2644 2377 2676 2437 an
2711 2375 2765 2435 der
2794 2372 2892 2432 Spitze
2921 2372 2976 2432 der
3004 2372 3087 2432 Mit¬

2101 2431 2216 2491 glieder
2254 2427 2407 2487 Direktor
2444 2426 2507 2486 Dr.
2539 2426 2666 2486 Geyer,
2698 2423 3078 2483 Direktorstellvertreter

2101 2477 2168 2537 Dr.
2185 2476 2326 2536 Kalbeck,
2344 2475 2394 2535 der
2423 2476 2626 2536 Dramaturg
2654 2473 2705 2533 der
2733 2469 3072 2529 Reinhardt=Bühnen

2097 2527 2124 2587 in
2159 2527 2272 2587 Berlin
2306 2524 2368 2584 Dr.
2391 2524 2504 2584 Horch,
2528 2523 2589 2583 Dr.
2612 2521 2833 2581 Preminger,
2856 2518 2907 2578 von
2947 2518 2997 2578 der
3026 2517 3088 2577 Di¬

2096 2575 2214 2635 rektion
2258 2574 2312 2634 des
2345 2573 2518 2633 Deutschen
2561 2570 2804 2630 Volkstheaters
2843 2569 2950 2629 waren
2989 2566 3085 2626 Kom¬

2104 2626 2291 2686 merzialrat
2319 2623 2496 2683 Geiringer
2546 2620 2606 2680 und
2646 2620 2744 2680 Prof.
2773 2618 2983 2678 Glücksmann
3039 2616 3088 2676 er¬

2105 2676 2261 2736 schienen.
2300 2673 2445 2733 Namens
2489 2669 2542 2729 der
2575 2667 2677 2727 Stadt
2705 2669 2791 2729 Wien
2829 2667 2894 2727 war
2927 2666 3083 2726 Stadtrat

2109 2722 2204 2782 Prof.
2222 2724 2289 2784 Dr.
2307 2721 2448 2781 Tandler
2471 2718 2663 2778 erschienen.
2686 2718 2765 2778 Man
2800 2718 2844 2778 sah
2873 2716 2947 2776 auch
2970 2715 3088 2775 außer¬

2104 2773 2274 2833 ordentlich
2313 2769 2484 2829 zahlreiche
2518 2768 2805 2828 Persönlichkeiten
2855 2766 2915 2826 aus
2955 2763 3081 2823 Wiener

2107 2820 2474 2880 Schriftstellerkreisen;
2512 2817 2566 2877 vom
2615 2814 2858 2874 Schriftsteller=
2891 2812 2949 2872 und
2983 2813 3090 2873 Jour¬

2106 2870 2354 2930 nalistenverein
2393 2868 2620 2928 „Concordia“
2658 2864 2760 2924 waren
2804 2865 2939 2925 zugegen
2983 2861 3090 2921 Präsi¬

2106 2921 2183 2981 dent
2211 2919 2365 2979 Lipschütz
2404 2916 2464 2976 und
2504 2916 2752 2976 Vizepräsident
2786 2914 2857 2974 Dr.
2880 2912 3089 2972 Reichmann,

2106 2970 2164 3030 vom
2208 2968 2457 3028 Schutzverband
2490 2966 2652 3026 deutscher
2680 2963 2901 3023 Schriftsteller
2929 2960 2993 3020 Dr.
3004 2960 3090 3020 Fon¬

2103 3019 2203 3079 tana,
2225 3020 2277 3080 der
2304 3017 2530 3077 Herausgeber
2563 3014 2615 3074 der
2647 3014 2774 3074 „Neuen
2811 3011 2922 3071 Freien
2959 3006 3085 3066 Presse“

2111 3067 2359 3127 Chefredakteur
2389 3066 2458 3126 Dr.
2487 3064 2660 3124 Benedikt,
2690 3062 2938 3122 Chefredakteur
2974 3058 3089 3118 Hofrat

2111 3118 2249 3178 Holzer.

2155 3168 2231 3228 Nach
2260 3166 2347 3226 einer
2376 3166 2441 3226 sehr
2469 3165 2623 3225 einfachen
2657 3163 2966 3223 Trauerzeremonie
2989 3157 3088 3217 folgte

2112 3220 2159 3280 die
2186 3218 2370 3278 Beisetzung
2430 3215 2456 3275 in
2514 3214 2604 3274 einem
2663 3212 2721 3272 von
2774 3211 2827 3271 der
2859 3210 3086 3270 israelitischen

2105 3268 2405 3328 Kultusgemeinde
2439 3264 2650 3324 gewidmeten
2691 3261 2901 3321 Ehrengrab.

2410 3381 2822 3441 Trauerkundgebungen.

2166 3435 2229 3495 Der
2261 3437 2414 3497 Vorstand
2447 3438 2499 3498 des
2531 3438 2954 3498 Schutzverbandes
2981 3437 3107 3497 deut¬

2122 3486 2237 3546 scher
2272 3486 2620 3546 Schriftsteller
2665 3486 2709 3546 in
2743 3485 2992 3545 Österreich
3037 3484 3108 3544 trat

2127 3536 2337 3596 Donnerstag
2369 3536 2463 3596 unter
2496 3534 2616 3594 Vorsitz
2649 3533 2701 3593 des
2738 3536 2948 3596 Präsidenten
2980 3533 3027 3593 O.
3054 3533 3106 3593 M.

2128 3584 2338 3644 Fontana
2387 3584 2425 3644 zu
2463 3584 2549 3644 einer
2577 3584 2819 3644 Trauersitzung
2852 3584 3003 3644 anläßlich
3047 3581 3100 3641 des

2131 3632 2286 3692 Ablebens
2332 3632 2437 3692 Artur
2473 3632 2664 3692 Schnitzlers
2704 3634 2910 3694 zusammen.
2946 3632 3096 3692 Fontana

2126 3682 2284 3742 würdigte
2311 3679 2358 3739 die
2385 3679 2781 3739 Gesamtpersönlichkeit,
2803 3682 2924 3742 Erhard
2956 3679 3109 3739 Busch¬

2127 3727 2206 3787 beck
2232 3728 2282 3788 den
2318 3728 2524 3788 Dramatiker
2555 3729 2615 3789 und
2636 3730 2787 3790 Sonka
2823 3730 2872 3790 den
2913 3728 3094 3788 väterlichen

2126 3775 2258 3835 Berater
2299 3776 2357 3836 und
2392 3778 2524 3838 Freund
2569 3775 2623 3835 des
2658 3778 2972 3838 Schutzverbandes,
3032 3775 3085 3835 dem

2124 3829 2294 3889 Schnitzler
2336 3826 2392 3886 seit
2423 3826 2527 3886 seiner
2553 3826 2744 3886 Gründung
2786 3826 2982 3886 angehörte.
3034 3823 3101 3883 Der

2127 3876 2282 3936 Vorstand
2333 3876 2489 3936 beschloß,
2535 3874 2569 3934 zu
2605 3875 2706 3935 Ehren
2757 3873 2812 3933 des
2848 3873 2989 3933 Dichters
3034 3873 3104 3933 eine

2126 3924 2312 3984 Totenfeier
2337 3924 2366 3984 zu
2400 3924 2635 3984 veranstalten.
2655 3923 2772 3983 Weiter
2802 3924 2904 3984 wurde
2934 3921 2958 3981 im
2993 3921 3100 3981 Sinne

2124 3972 2229 4032 Artur
2261 3973 2446 4033 Schnitzlers
2484 3972 2684 4032 beschlossen,
2722 3973 2774 4033 dem
2828 3969 3108 4029 Unterstützungs¬

2128 4023 2222 4083 fonds
2249 4021 2296 4081 des
2323 4020 2613 4080 Schutzverbandes
2645 4023 2708 4083 eine
2735 4023 2867 4083 größere
2888 4021 3025 4081 Summe
3052 4020 3104 4080 zu¬

2125 4071 2326 4131 zuwenden.
