3248 4384
243 276 268 336 2

393 288 872 348 Schnitzler
941 291 980 351 s
1040 294 1273 354 Death

567 1347 992 1407 ERVERe

227 1348 450 1408 OBS

268 1402 295 1462 I.
309 1402 428 1462 österr.
442 1402 593 1462 behördl.
603 1405 900 1465 konzessioniertes

209 1444 449 1504 Unternehmen
483 1442 530 1502 für
555 1444 708 1504 Zeitungs
723 1446 958 1506 -Ausschnitte

274 1501 435 1561 WIEN,
449 1506 499 1566 I.,
521 1506 809 1566 WOLLZEILE
859 1507 901 1567 11

364 1555 580 1615 TELEPHON
619 1555 801 1615 R-23-0-43

210 1662 367 1722 ournal:

284 1741 406 1801 IREIE
440 1717 595 1777 RATIEE

397 1816 455 1876 26
505 1788 779 1848 O0TOBRE
817 1765 875 1825 1SS

311 2032 563 2092 Feuilleton

463 2178 631 2238 Arthur
678 2181 902 2241 Schnitzler

301 2243 399 2303 Ganz
423 2248 602 2308 Österreich
632 2252 771 2312 trauert
801 2253 835 2313 an
871 2256 922 2316 der
952 2258 1068 2318 Bahre
1097 2259 1184 2319 eines

259 2298 433 2358 Dichters.
474 2298 525 2358 Am
573 2301 769 2361 Vormittag
805 2304 863 2364 des
898 2305 949 2365 21.
980 2307 1083 2367 Oktob

261 2346 396 2406 Arthur
442 2348 640 2408 Schnitzler,
680 2351 775 2411 einer
821 2352 878 2412 der
929 2358 1177 2418 bedeutendsten

255 2393 475 2453 Dramatiker
500 2396 633 2456 unserer
663 2399 756 2459 Zeit,
774 2402 867 2462 sanft
891 2405 1118 2465 ausgelöscht.
1136 2409 1182 2469 In

259 2445 404 2505 wenigen
437 2447 605 2507 Monaten
638 2450 725 2510 hätte
752 2452 784 2512 er
807 2453 909 2513 seinen
942 2456 1001 2516 70.
1018 2458 1185 2518 Geburts¬

249 2493 305 2553 tag
357 2498 459 2558 feiern
517 2501 659 2561 können.
705 2504 778 2564 Das
825 2507 932 2567 ganze
984 2508 1183 2568 literarische

254 2547 497 2607 Deutschland,
515 2549 696 2609 Österreich
748 2555 810 2615 und
861 2555 958 2615 sicher
1009 2558 1083 2618 auch
1135 2558 1185 2618 die

254 2593 404 2653 Schweiz
434 2598 550 2658 hätten
591 2600 625 2660 an
667 2601 770 2661 dieser
806 2605 1073 2665 Dichterehrung
1108 2608 1188 2668 teil¬

248 2646 469 2706 genommen.
521 2647 606 2707 Eine
640 2651 845 2711 rätselhafte
880 2656 1027 2716 Fügung
1068 2659 1181 2719 wollte

254 2693 305 2753 es,
328 2695 384 2755 daß
424 2695 554 2755 Arthur
589 2698 764 2758 Schnitzler
799 2702 855 2762 das
889 2705 1047 2765 Schicksal
1077 2707 1178 2767 seines

259 2746 596 2806 Jugendgefährten,
631 2748 685 2808 des
724 2751 879 2811 Dichters
924 2755 990 2815 und
1030 2757 1178 2817 Drama¬

249 2794 351 2854 tikers
387 2797 483 2857 Hugo
520 2797 580 2857 von
617 2800 900 2860 Hofmannsthal
931 2804 1033 2864 teilen
1070 2806 1184 2866 sollte.

247 2849 529 2909 Hofmännsthal
558 2850 673 2910 wurde
707 2851 746 2911 an
807 2851 868 2911 der
896 2853 1012 2913 Bahre
1069 2856 1173 2916 seines

249 2897 340 2957 durch
373 2898 502 2958 Freitod
530 2901 594 2961 aus
616 2901 669 2961 dem
713 2901 815 2961 Leben
848 2905 1058 2965 gegangenen
1091 2904 1177 2964 Soh¬

249 2946 309 3006 nes
343 2946 403 3006 vom
448 2949 591 3009 Schlage
620 2952 768 3012 gerührt
796 2954 862 3014 und
897 2955 1089 3015 Schnitzler,
1117 2956 1167 3016 den

254 2992 307 3052 der
329 2997 534 3057 Selbstmord
561 3000 653 3060 einer
675 3000 842 3060 geliebten
869 3003 1009 3063 Tochter
1031 3004 1090 3064 vor
1118 3005 1176 3065 we¬

242 3044 340 3104 nigen
376 3047 509 3107 Jahren
544 3047 607 3107 tief
631 3050 817 3110 getroffen,
841 3053 875 3113 ist
905 3054 968 3114 nun
1004 3054 1172 3114 ebenfalls

248 3092 286 3152 an
325 3095 413 3155 einem
463 3098 706 3158 Schlaganfall
734 3101 922 3161 gestorben.
944 3103 1032 3163 Eine
1066 3104 1176 3164 wahr¬

249 3143 323 3203 haft
354 3146 504 3206 tragische
540 3148 737 3208 Parallele.

290 3191 384 3251 Wien
429 3194 467 3254 ist
501 3194 550 3254 die
584 3197 834 3257 Geburtsstadt
868 3201 929 3261 und
968 3201 1029 3261 der
1063 3203 1179 3263 Nähr¬

247 3239 346 3299 boden
385 3245 440 3305 für
468 3245 528 3305 das
562 3248 783 3308 künstlerische
817 3250 965 3310 Schaffen
1005 3253 1054 3313 des
1087 3253 1159 3313 Ver

246 3289 415 3349 storbenen
452 3292 616 3352 gewesen.
659 3295 727 3355 Als
760 3298 854 3358 Sohn
892 3300 981 3360 eines
1019 3301 1172 3361 berühm¬

246 3337 294 3397 ten
333 3342 457 3402 Arztes
496 3346 799 3406 (Laryngologen)
838 3349 962 3409 wählte
995 3352 1173 3412 Schnitzler

242 3387 413 3447 ebenfalls
464 3394 519 3454 die
564 3397 790 3457 medizinische
841 3400 1045 3460 Laufbahn.
1085 3403 1172 3463 Nach

1486 299 1619 359 box
1691 306 1879 366 43/7

1241 2020 1494 2080 mehrjähriger
1517 2023 1649 2083 Praxis
1683 2026 1815 2086 wandte
1838 2029 1871 2089 er
1894 2030 1959 2090 sich
2004 2031 2059 2091 des
2115 2032 2158 2092 li¬

2203 2038 2257 2098 zur
2292 2041 2379 2101 Hand
2414 2041 2501 2101 gehen
2536 2041 2668 2101 konnte.

1228 2070 1425 2130 terarischen
1471 2073 1623 2133 Schaffen
1663 2077 1719 2137 zu,
1748 2077 1776 2137 in
1816 2077 1877 2137 das
1917 2080 1996 2140 aber
2036 2082 2154 2142 immer

2233 2088 2282 2148 In
2320 2089 2406 2149 einem
2450 2090 2599 2150 Nachruf
2631 2092 2717 2152 heißt
2749 2092 2779 2152 es
2811 2094 2873 2154 von
2911 2096 2960 2156 dem
3010 2098 3078 2158 heim

1234 2119 1295 2179 und
1337 2119 1455 2179 immer
1492 2122 1621 2182 wieder
1658 2124 1714 2184 das
1750 2126 1895 2186 Erleben
1942 2128 1993 2188 des
2035 2132 2153 2192 Arztes

2197 2139 2405 2199 gegangenen
2440 2140 2592 2200 Dichter:
2621 2140 2688 2200 „Er
2723 2143 2790 2203 war
2825 2143 2870 2203 ein
2904 2146 3028 2206 feiner,
3056 2147 3101 2207 ein

1235 2169 1439 2229 tiefgründig
1473 2172 1723 2232 hineinspielte.
1746 2175 1819 2235 Mit
1848 2176 1939 2236 einem
1979 2181 2159 2241 Einakter¬

2202 2187 2443 2247 grundgütiger
2467 2190 2610 2250 Mensch,
2634 2190 2673 2250 ein
2709 2191 2817 2251 treuer
2841 2193 2973 2253 Freund
3003 2195 3105 2255 seiner

1225 2217 1340 2277 zyklus
1374 2220 1567 2280 „Anatol",
1584 2223 1639 2283 der
1667 2223 1733 2283 eine
1761 2223 1865 2283 klein:
1888 2227 1981 2287 Welt
2010 2229 2070 2289 aus
2098 2230 2153 2290 der

2198 2237 2370 2297 Freunde,
2388 2238 2445 2298 frei
2468 2236 2526 2296 von
2556 2239 2641 2299 jedem
2682 2241 2913 2301 Eigendünkel
2936 2244 2993 2304 und
3023 2244 3109 2304 jeder

1228 2268 1533 2328 Lebemannsschau
1590 2274 1749 2334 gesehen,
1806 2277 2004 2337 umzirkelt,
2061 2280 2151 2340 faßte

2199 2285 2569 2345 Selbstüberschätzung.
2609 2289 2658 2349 Er
2686 2289 2757 2349 war
2786 2292 2841 2352 von
2875 2292 2962 2352 einer
2991 2291 3106 2351 mimo¬

1226 2316 1408 2376 Schnitzler
1433 2319 1509 2379 rasch
1540 2323 1604 2383 Fuß
1634 2323 1699 2383 auf
1717 2322 1770 2382 den
1800 2325 1959 2385 deutschen
1996 2328 2154 2388 Bühnen.

2193 2334 2360 2394 senhaften
2390 2337 2511 2397 Scheu,
2529 2337 2650 2397 abhold
2674 2339 2725 2399 dem
2773 2341 2853 2401 Lärm
2894 2343 2946 2403 des
2975 2341 3102 2401 offenen

1225 2364 1327 2424 Dann
1360 2367 1435 2427 aber
1462 2370 1597 2430 wandte
1619 2370 1651 2430 er
1679 2372 1727 2432 sich
1754 2374 1916 2434 ernsteren
1944 2378 2143 2438 Problemen

2197 2382 2370 2442 Marktes.
2407 2384 2503 2444 Aber
2528 2387 2557 2447 er
2588 2387 2671 2447 lebte
2696 2387 2744 2447 die
2768 2390 2889 2450 großen
2925 2392 3105 2452 Ereignisse

1223 2418 1279 2478 zu.
1348 2417 1499 2477 Weitere
1557 2421 1766 2481 dramatische
1823 2424 1947 2484 Werke
1999 2428 2150 2488 folgten:

2198 2432 2249 2492 der
2279 2434 2370 2494 Zeit,
2394 2435 2422 2495 in
2463 2435 2509 2495 die
2538 2435 2572 2495 er
2602 2438 2861 2498 hineingeboren
2902 2441 2988 2501 war,
3035 2441 3109 2501 mit.

1230 2465 1439 2525 „Liebelei",
1465 2471 1736 2531 „Paracelsus",
1779 2475 1868 2535 „Der
1917 2479 2026 2539 grüne
2081 2476 2152 2536 Ka-

2194 2480 2295 2540 Seine
2324 2483 2526 2543 Teilnahme
2550 2486 2588 2546 an
2623 2486 2673 2546 dem
2719 2489 2781 2549 Los
2809 2489 2865 2549 der
2911 2489 3097 2549 Enterbten

1223 2513 1349 2573 kadu",
1385 2521 1477 2581 „Der
1524 2522 1628 2582 junge
1675 2521 1911 2581 Medardus",
1952 2528 2149 2588 „Professor

2197 2532 2264 2592 war
2293 2534 2372 2594 alles
2407 2534 2474 2594 eher
2503 2535 2582 2595 denn
2610 2537 2757 2597 gemacht
2780 2540 2859 2600 oder
2888 2540 3102 2600 oberflächlick

1224 2565 1460 2625 Bernhardi“,
1484 2569 1714 2629 „Freiwild",
1739 2573 2034 2633 „Vermächtnis",
2059 2577 2146 2637 „Der

2187 2582 2446 2642 angeschminkt.
2487 2585 2550 2645 Er,
2568 2585 2625 2645 der
2649 2588 2735 2648 sonst
2759 2587 2804 2647 ein
2857 2588 3000 2648 Meister
3047 2588 3099 2648 der

1225 2614 1368 2674 einsame
1405 2617 1531 2677 Weg“,
1562 2620 1646 2680 „Die
1677 2620 1784 2680 letzten
1827 2623 2014 2683 Masken",
2044 2624 2152 2684 „Rei¬

2193 2632 2388 2692 Selbstzucht
2418 2634 2556 2694 gewesen
2591 2635 2642 2695 ist,
2666 2635 2781 2695 konnte
2811 2638 2966 2698 entgegen
3001 2638 3104 2698 seiner

1222 2665 1324 2725 gen“,
1341 2665 1379 2725 um
1423 2668 1482 2728 nur
1510 2668 1558 2728 die
1586 2671 1808 2731 bekanntesten
1841 2672 1867 2732 zu
1901 2674 2052 2734 nennen.
2074 2674 2149 2734 Wir

2190 2680 2343 2740 sonstigen
2387 2683 2455 2743 Art
2492 2683 2522 2743 in
2566 2686 2751 2746 glühender
2789 2687 3011 2747 Leidenschaft
3036 2689 3097 2749 auf

1219 2713 1343 2773 besitzen
1382 2716 1473 2776 einen
1512 2719 1652 2779 einzigen
1707 2722 1831 2782 großen
1892 2722 2021 2782 Roman
2081 2725 2140 2785 von

2189 2729 2348 2789 brausen,
2372 2731 2460 2791 wenn
2493 2731 2526 2791 er
2555 2732 2615 2792 von
2649 2734 2792 2794 Unrecht
2843 2736 2903 2796 und
2954 2737 3102 2797 schnöder

1222 2764 1354 2824 Arthur
1384 2767 1580 2827 Schnitzler,
1605 2770 1673 2830 eine
1703 2770 1870 2830 Synthese
1900 2772 1957 2832 des
1987 2775 2137 2835 geistigen

2188 2779 2323 2839 Gewalt
2353 2781 2488 2841 erfuhr.
2536 2782 2612 2842 Mit
2643 2785 2748 2845 seiner
2778 2786 2901 2846 ganzen
2938 2788 3102 2848 Herzens¬

1222 2810 1284 2870 und
1324 2814 1622 2874 gesellschaftlichen
1663 2817 1803 2877 Wiener
1838 2820 1967 2880 Lebens
2007 2822 2068 2882 vor
2103 2823 2136 2883 30

2183 2829 2309 2889 wärme
2340 2829 2402 2889 und
2432 2830 2797 2890 Liebesbedürftigkeit
2821 2835 2896 2895 hing
2925 2836 2960 2896 er
2984 2835 3018 2895 an
3053 2835 3104 2895 sei¬

1225 2862 1372 2922 Jahren.
1412 2864 1575 2924 Novellen
1604 2868 1660 2928 hat
1683 2868 1716 2928 er
1739 2868 1812 2928 eine
1835 2871 1936 2931 ganze
1965 2871 2066 2931 Reihe
2090 2874 2145 2934 ge¬

2184 2877 2241 2937 nen
2276 2877 2444 2937 Kindern,
2462 2880 2496 2940 an
2525 2880 2629 2940 seinem
2671 2883 2786 2943 Sohn,
2798 2883 2850 2943 der
2873 2886 2901 2946 zu
2932 2886 2983 2946 den
3013 2883 3104 2943 stärk¬

1223 2910 1399 2970 schrieben,
1421 2913 1470 2973 die
1499 2916 1615 2976 wahre
1649 2916 1842 2976 Kleinodien
1881 2919 1969 2979 einer
1997 2922 2146 2982 gepfleg¬

2187 2926 2245 2986 sten
2275 2928 2487 2988 Hoffnungen
2517 2929 2569 2989 der
2593 2931 2751 2991 deutschen
2781 2931 2981 2991 Regiekunst
2999 2934 3092 2994 zählt

1221 2963 1268 3023 ten
1299 2964 1564 3024 Erzählerkunst
1589 2967 1672 3027 sind.
1710 2968 1776 3028 Die
1807 2968 1921 3028 zuletzt
1946 2970 2144 3030 aufgeführ¬

2185 2976 2247 3036 und
2281 2976 2321 3036 an
2356 2979 2463 3039 seiner
2492 2979 2644 3039 Tochter,
2668 2982 2758 3042 deren
2798 2982 2973 3042 plötzliches
3009 2982 3109 3042 Ster¬

1218 3009 1268 3069 ten
1314 3012 1438 3072 Werke
1484 3015 1608 3075 „Spiel
1654 3018 1711 3078 der
1751 3018 2028 3078 Sommerlüfte“
2074 3021 2135 3081 und

2182 3025 2239 3085 ben
2279 3025 2330 3085 ihn
2364 3027 2441 3087 über
2468 3027 2571 3087 Nacht
2617 3029 2655 3089 um
2721 3032 2935 3092 Jahrzehnte
2981 3032 3091 3092 altern

1221 3062 1336 3122 „Gang
1365 3063 1419 3123 zum
1464 3064 1619 3124 Weiher"
1653 3065 1752 3125 gaben
1786 3065 1835 3125 dem
1880 3068 2001 3128 rastlos
2030 3068 2145 3128 arbei¬

2188 3072 2267 3132 ließ.

1216 3110 1329 3170 tenden
1363 3113 1493 3173 Dichter
1526 3114 1765 3174 Gelegenheit,
1787 3116 1863 3176 neue
1896 3116 2075 3176 Probleme
2108 3119 2135 3179 zu

2228 3122 2284 3182 Ein
2324 3125 2412 3185 edler
2445 3127 2700 3187 Repräsentant
2733 3128 2931 3188 Österreichs
2970 3128 3008 3188 ist
3040 3128 3104 3188 mit

1211 3161 1421 3221 behandeln.
1460 3163 1526 3223 Als
1554 3164 1643 3224 Sohn
1671 3164 1759 3224 eines
1788 3167 2136 3227 Burgtheaterarztes

2186 3173 2315 3233 Arthur
2339 3173 2509 3233 Schnitzler
2533 3176 2586 3236 ins
2610 3179 2698 3239 Grab
2728 3179 2904 3239 gesunken,
2922 3179 2986 3239 eine
3011 3179 3104 3239 Dich¬

1219 3208 1311 3268 hatte
1334 3212 1508 3272 Schnitzler
1531 3213 1612 3273 schon
1642 3215 1716 3275 früh
1746 3215 1890 3275 Einblick
1914 3215 1937 3275 in
1967 3217 2024 3277 das
2054 3216 2145 3276 Büh¬

2184 3221 2335 3281 terseele,
2359 3224 2409 3284 die
2438 3224 2465 3284 im
2511 3224 2640 3284 Kampf
2669 3227 2742 3287 ums
2776 3227 2871 3287 Recht
2906 3228 2961 3288 und
2996 3229 3091 3289 gegen

1215 3256 1442 3316 nengeschehen
1474 3262 1659 3322 bekommen
1692 3262 1754 3322 und
1781 3262 1966 3322 zeitlebens
1993 3265 2077 3325 blieb
2104 3266 2135 3326 er

2182 3268 2232 3328 die
2261 3271 2430 3331 Heuchelei
2459 3274 2616 3334 erglühen
2673 3274 2808 3334 konnte,
2854 3277 2921 3337 wie
2973 3277 3096 3337 wenige

1215 3304 1269 3364 dem
1323 3307 1475 3367 Theater
1508 3310 1577 3370 mit
1611 3310 1751 3370 seltenem
1800 3313 2033 3373 Verständnis
2071 3315 2146 3375 ver¬

2185 3319 2284 3379 neben
2317 3319 2399 3379 ihm.
2444 3322 2504 3382 Ein
2543 3325 2736 3385 Aufrührer
2769 3325 2835 3385 war
2868 3325 2923 3385 der
2951 3325 3099 3385 Verstor¬

1213 3355 1364 3415 bunden,
1387 3361 1473 3421 sodaß
1506 3359 1538 3419 er
1566 3358 1614 3418 den
1653 3361 1853 3421 Darstellern
1892 3364 1994 3424 seiner
2022 3364 2135 3424 Werke

2182 3367 2260 3427 bene
2295 3367 2396 3427 nicht.
2443 3370 2550 3430 Seine
2601 3374 2839 3434 messerscharfe
2891 3374 3100 3434 Erkenntnis

1214 3406 1259 3466 oft
1283 3406 1346 3466 mit
1369 3408 1588 3468 wertvollsten
1617 3412 1882 3472 psychologischen
1912 3415 2124 3475 Aufschlüssen
2178 3419 2263 3479 alles
2293 3418 2454 3478 Seienden
2489 3421 2667 3481 vermochte
2691 3424 2719 3484 in
2748 3424 2800 3484 die
2823 3424 2915 3484 Tiefe
2944 3425 3030 3485 eines
3060 3428 3105 3488 je¬
