3344 4384
131 385 254 445 12.
312 389 796 449 Schnitzler
864 386 901 446 s
969 376 1196 436 Death

302 818 1006 878 OBSERVER

383 879 409 939 I.
423 879 547 939 österr.
552 876 703 936 behördl.
712 873 1014 933 konzessioniertes

334 920 571 980 Unternehmen
600 918 645 978 für
677 915 1061 975 Zeitungs-Ausschnitte

394 978 542 1038 WIEN,
570 980 617 1040 I.,
638 976 922 1036 WOLLZEILE
971 978 1017 1038 11

490 1029 702 1089 TELEPHON
739 1027 915 1087 R-23-0-43

915 1094 996 1154 unng

651 1118 743 1178 Meue
762 1118 891 1178 Freiel
911 1124 984 1184 ons
1079 1121 1124 1181 ten

292 1174 511 1234 Ausschnitt
539 1172 626 1232 aus:

552 1276 658 1336 1.
679 1287 806 1347 NOV.
826 1299 894 1359 196

296 1395 402 1455 vom:

342 1453 654 1513 Briefmarken
707 1453 786 1513 mit
816 1452 1237 1512 Dichterporträts.

308 1515 386 1575 Herr
421 1515 465 1575 R.
500 1515 544 1575 G.
573 1515 708 1575 schreibt:
743 1512 821 1572 „Als
862 1514 901 1574 die
935 1511 1262 1571 Generalpostdirektion
1303 1507 1347 1567 die

226 1559 475 1619 begrüßenswerte
514 1557 627 1617 Absicht
665 1557 865 1617 bekanntgab,
899 1557 914 1617 ö
937 1554 1342 1614 sterreichischer

226 1600 395 1660 Dichter
437 1602 555 1662 durch
603 1599 669 1659 die
711 1599 999 1659 Herausgabe
1041 1596 1118 1656 von
1165 1593 1355 1653 Sonder¬

222 1644 391 1704 marken
428 1644 479 1704 mit
505 1644 577 1704 deren
614 1643 680 1703 Bild
707 1641 732 1701 zu
763 1641 923 1701 gedenken,
944 1639 1037 1699 wollte
1063 1639 1098 1699 ich
1125 1638 1165 1698 die
1192 1637 1346 1697 Anregung

221 1687 321 1747 geben,
338 1688 363 1748 im
407 1689 544 1749 Anschluß
576 1687 608 1747 an
640 1686 709 1746 diese
730 1685 836 1745 Aktion
868 1683 921 1743 zur
948 1683 1128 1743 Würdigung
1160 1679 1346 1739 verstorbener

228 1730 338 1790 lebende
371 1730 581 1790 österreichische
613 1727 729 1787 Dichter
761 1726 787 1786 in
824 1726 871 1786 der
903 1724 1018 1784 gleichen
1056 1724 1150 1784 Weise
1183 1721 1208 1781 zu
1246 1719 1351 1779 feiern.

233 1772 299 1832 (Die
336 1772 475 1832 Ausgabe
512 1771 553 1831 der
589 1769 749 1829 erwähnten
791 1769 915 1829 Marken
957 1766 1060 1826 erfolgt
1096 1763 1152 1823 nur
1184 1761 1210 1821 in
1252 1762 1333 1822 diesem

226 1815 347 1875 Jahre.)
374 1817 443 1877 Für
475 1814 559 1874 diesen
597 1814 707 1874 Antrag
745 1813 803 1873 war
840 1811 882 1871 die
915 1811 1089 1871 Aktualität
1121 1808 1253 1868 gegeben,
1280 1805 1343 1865 denn

235 1859 340 1919 Arthur
360 1858 591 1918 chnylor
607 1856 692 1916 sollte
712 1856 828 1916 Anfang
854 1856 893 1916 des
919 1853 1100 1913 kommenden
1125 1850 1230 1910 Jahres
1256 1848 1341 1908 seinen

228 1903 377 1963 siebzigsten
409 1901 585 1961 Geburtstag
617 1901 720 1961 feiern,
747 1898 844 1958 Franz
871 1898 948 1958 Karl
975 1895 1166 1955 Ginzkey
1198 1892 1275 1952 hatte
1302 1890 1353 1950 vor

223 1945 315 2005 kurzem
359 1943 446 2003 seinen
485 1944 654 2004 sechzigsten,
676 1942 768 2002 Anton
802 1939 1031 1999 Wildgans
1064 1936 1150 1996 seinen
1179 1934 1341 1994 fünfzigsten

223 1987 401 2047 Geburtstag
445 1986 504 2046 und
542 1985 644 2045 Stefan
683 1984 844 2044 Zweig
883 1983 958 2043 steht
991 1981 1044 2041 vor
1083 1979 1126 2039 dem
1180 1975 1352 2035 Fünfziger.

223 2032 313 2092 Durch
356 2029 403 2089 den
447 2028 584 2088 Verlust,
617 2027 664 2087 den
707 2026 877 2086 Oesterreich
925 2023 978 2083 mit
1016 2021 1063 2081 dem
1117 2022 1196 2082 Tode
1240 2020 1350 2080 Arthur

228 2074 398 2134 Schnitzlers
428 2072 529 2132 erlitt,
554 2071 644 2131 wurde
675 2070 714 2130 die
745 2069 826 2129 obige
851 2068 1061 2128 Gruppierung
1098 2062 1273 2122 umgestoßen
1309 2058 1323 2118 —

222 2116 252 2176 um
295 2116 320 2176 so
352 2116 429 2176 mehr
455 2116 511 2176 sind
543 2115 589 2175 wir
616 2113 786 2173 veranlaßt,
807 2111 890 2171 dieses
916 2110 1029 2170 Großen
1066 2110 1092 2170 zu
1123 2107 1273 2167 gedenken.
1294 2105 1345 2165 Ich

221 2159 329 2219 möchte
360 2160 448 2220 darum
501 2159 541 2219 die
568 2155 619 2215 von
656 2154 712 2214 mir
744 2154 935 2214 ursprünglich
972 2152 1163 2212 beabsichtigte
1195 2149 1350 2209 Anregung

228 2202 279 2262 mit
316 2202 362 2262 der
404 2200 486 2260 durch
528 2199 574 2259 das
621 2199 750 2259 traurige
787 2196 932 2256 Ereignis
969 2195 1112 2255 bedingten
1160 2190 1351 2250 Abänderung

229 2244 357 2304 hiedurch
399 2244 444 2304 der
481 2241 728 2301 Postverwaltung
769 2238 944 2298 übergeben.
970 2238 1031 2298 Der
1068 2238 1155 2298 große
1192 2234 1345 2294 Leserkreis

228 2289 313 2349 dieser
344 2286 459 2346 Dichter
495 2285 565 2345 wäre
601 2285 621 2345 im
667 2283 782 2343 Inland
823 2283 873 2343 und
909 2280 933 2340 im
979 2280 1110 2340 Ausland
1146 2278 1191 2338 für
1227 2277 1266 2337 die
1297 2274 1357 2334 An¬

228 2330 334 2390 nahme
361 2331 445 2391 dieses
477 2328 662 2388 Vorschlages
700 2328 779 2388 sicher
811 2326 869 2386 sehr
901 2324 1049 2384 dankbar.
1076 2320 1139 2380 Und
1172 2319 1219 2379 der
1251 2320 1351 2380 Erfolg

230 2372 316 2432 dieser
345 2372 443 2432 Aktion
479 2371 553 2431 wäre
582 2370 802 2430 wahrscheinlich
832 2370 895 2430 noch
924 2369 1028 2429 größer
1058 2367 1097 2427 als
1127 2367 1172 2427 der
1197 2367 1242 2427 der
1266 2364 1358 2424 zuerst

236 2417 385 2477 ndhnten

455 3045 1165 3105 »OBSERVER

535 3089 565 3149 I.
579 3092 698 3152 österr,
708 3099 858 3159 behördl.
871 3105 1172 3165 konzessioniertes

495 3135 728 3195 Unternehmen
761 3139 811 3199 für
835 3147 1224 3207 Zeitungs-Ausschnitte

543 3195 692 3255 WIEN,
720 3203 767 3263 I.,
795 3208 1081 3268 WOLLZEILE
1129 3213 1169 3273 11

639 3250 852 3310 TELEPHON
890 3259 1066 3319 R-23-0-43

429 3389 653 3449 Ausschnitt
670 3385 862 3445 auslSAS
895 3397 1054 3457 VIXEEE
1088 3416 1271 3476 TOORNAE

828 3526 901 3586 1.
920 3539 1050 3599 NOV.
1069 3549 1170 3609 1531

427 3613 540 3673 vom:

328 3697 629 3757 (Schnitzler=Spende
673 3692 720 3752 des
769 3689 946 3749 Penklubs.)
995 3689 1051 3749 Dem
1114 3686 1263 3746 Andenken
1316 3686 1402 3746 seines

215 3739 492 3799 Ehrenpräsidenten
527 3736 622 3796 Artur
651 3734 804 3794 Schnitzler
857 3730 905 3790 hat
939 3729 986 3789 der
1020 3726 1145 3786 Penklub
1179 3725 1231 3785 500
1265 3725 1403 3785 Schilling

214 3779 377 3839 gewidmet,
400 3776 445 3836 die
477 3774 504 3834 im
545 3772 640 3832 Sinne
673 3772 717 3832 des
750 3770 922 3830 verewigten
958 3767 1085 3827 Dichters
1117 3765 1194 3825 einem
1240 3764 1398 3824 erkrankten

219 3815 410 3875 Schriftsteller
442 3814 624 3874 zugewendet
652 3809 757 3869 werden
794 3809 894 3869 sollen.
922 3807 1017 3867 Dieser
1045 3807 1154 3867 Betrag
1187 3803 1255 3863 kann
1292 3803 1346 3863 nur
1374 3803 1405 3863 an

217 3856 384 3916 Mitglieder
421 3854 556 3914 vergeben
597 3851 724 3911 werden.
756 3849 805 3909 Die
842 3845 1045 3905 Entscheidung
1086 3845 1208 3905 daruber
1245 3843 1312 3903 steht
1344 3842 1389 3902 dem

213 3894 397 3954 Präsidenten
437 3893 462 3953 im
506 3890 733 3950 Einvernehmen
773 3887 824 3947 mit
850 3887 897 3947 der
927 3887 1090 3947 Gründerin
1129 3884 1181 3944 und
1212 3881 1258 3941 dem
1302 3880 1413 3940 Ehren¬

218 3934 403 3994 schatzmeister
436 3934 485 3994 zu.
513 3930 622 3990 Ferner
659 3928 727 3988 wird
763 3926 872 3986 daran-
887 3925 1036 3985 erinnert,
1060 3925 1109 3985 daß
1146 3923 1200 3983 seit
1228 3919 1328 3979 länger
1364 3919 1405 3979 als

216 3972 393 4032 Jahresfrist
421 3970 462 4030 ein
503 3967 822 4027 Unterstützungsfonds
850 3964 987 4024 errichtet
1014 3964 1128 4024 wurde,
1151 3962 1188 4022 um
1234 3958 1406 4018 bedürftigen

219 4012 396 4072 Mitgliedern
430 4009 490 4069 nach
519 4007 701 4067 Möglichkeit
725 4006 790 4066 rasch
819 4006 898 4066 Hilfe
922 4006 950 4066 zu
978 4002 1086 4062 leisten.
1105 4001 1175 4061 Auch
1203 3999 1325 4059 darüber
1349 3995 1409 4055 ent¬

216 4051 331 4111 scheidet
360 4051 383 4111 im
425 4050 522 4110 kurzen
565 4047 648 4107 Wege
681 4045 722 4105 der
755 4043 908 4103 Präsident
937 4042 1090 4102 zusammen
1127 4040 1178 4100 mit
1206 4039 1252 4099 dem
1295 4036 1406 4096 Ehren¬

217 4090 422 4150 schatzmeister.
448 4089 618 4149 Jedenfalls
649 4084 715 4144 aber
747 4084 855 4144 bleibt,
881 4084 948 4144 nach
984 4084 1061 4144 einem
1108 4079 1411 4139 Vorstandsbeschluß,

217 4131 267 4191 der
291 4130 387 4190 Name
416 4128 461 4188 des
490 4126 688 4186 Unterstützten
723 4125 813 4185 streng
842 4125 967 4185 geheim.

1432 369 1557 429 box
1633 366 1819 426 44/4

1955 839 2678 899 OBSERVER

2038 894 2064 954 I.
2078 894 2201 954 österr.
2211 897 2361 957 behördl.
2371 903 2666 963 konzessioniertes

1999 935 2229 995 Unternehmen
2256 939 2304 999 für
2336 945 2717 1005 Zeitungs-Ausschnitte

2052 994 2193 1054 WIEN,
2221 999 2268 1059 I.,
2296 1003 2580 1063 WOLLZEILE
2621 1008 2668 1068 11

2144 1050 2356 1110 TELEPHON
2395 1056 2564 1116 R-23-0-43

1942 1187 2163 1247 Ausschnitt
2191 1191 2255 1251 aus

2271 1247 2367 1307 Nene
2387 1239 2483 1299 Freie
2494 1230 2639 1290 Presse,
2650 1218 2737 1278 Wien

1939 1411 2053 1471 vom:

2302 1428 2346 1488 1.
2363 1434 2484 1494 NOV.
2517 1441 2607 1501 1931

2178 1538 2502 1598 Danksagung.

1870 1613 2018 1673 Anläßlich
2058 1606 2103 1666 des
2149 1597 2343 1657 Hinscheidens
2390 1586 2499 1646 Arthur
2539 1571 2792 1631 Schnitzlers
2838 1561 2889 1621 sind

1798 1663 1855 1723 und
1893 1660 1944 1720 von
1982 1653 2049 1713 allen
2081 1646 2185 1706 Selen
2280 1632 2426 1692 nnsteihe
2453 1625 2499 1685 en
2542 1617 2677 1677 gersihge
2704 1603 2886 1663 Beelnahund=

1787 1707 1907 1767 kundgel
1919 1697 2007 1757 angen
2050 1688 2249 1748 zugegangen,
2286 1679 2333 1739 daß
2376 1672 2433 1732 wir
2470 1663 2654 1723 außerstande
2696 1651 2775 1711 sind,
2807 1646 2880 1706 jedem

1788 1746 1926 1806 einzelnen
1963 1736 2077 1796 unseren
2114 1726 2305 1786 tiefgefühlten
2341 1716 2424 1776 Dank
2456 1704 2693 1764 auszusprechen.
2720 1694 2787 1754 Wir
2818 1687 2900 1747 bitten

1793 1790 1875 1850 daher
1912 1786 1957 1846 auf
1989 1779 2071 1839 diesem
2123 1770 2210 1830 Wege
2242 1764 2298 1824 alle
2324 1758 2406 1818 jene,
2432 1752 2473 1812 die
2505 1748 2530 1808 in
2572 1744 2654 1804 diesen
2690 1735 2788 1795 Tagen
2830 1727 2911 1787 unser

1799 1833 1953 1893 gedachten,
1975 1825 2019 1885 die
2047 1817 2250 1877 Versicherung
2284 1805 2393 1865 unseres
2427 1796 2575 1856 herzlichen
2609 1786 2729 1846 Dankes
2763 1775 2911 1835 entgegen¬

1801 1877 1978 1937 zunehmen.

2063 1901 2280 1961 Familien
2323 1886 2558 1946 Schnitzler
2602 1873 2680 1933 und
2723 1867 2880 1927 Hajek.

1862 2553 2582 2613 DOBSERVER

1951 2605 1979 2665 I.
1989 2605 2108 2665 österr.
2119 2611 2267 2671 behördl.
2282 2614 2578 2674 konzessioniertes

1903 2647 2139 2707 Unternehmen
2169 2652 2218 2712 für
2243 2659 2627 2719 Zeitungs-Ausschnitte

1956 2708 2101 2768 WIEN,
2130 2713 2178 2773 I.,
2207 2719 2490 2779 WOLLZEILE
2541 2725 2581 2785 11

2049 2763 2267 2823 TELEPHON
2305 2770 2474 2830 R-23-0-43

1846 2901 2066 2961 Ausschnitt
2089 2905 2182 2965 aus:

2160 2983 2251 3043 Heue
2270 2990 2370 3050 Freie
2381 2995 2444 3055 Prc
2573 3009 2591 3069 l

1843 3125 1956 3185 vom:

2157 3126 2239 3186 l.
2250 3129 2379 3189 MOV.
2408 3131 2499 3191 1937

1839 3280 2179 3340 (Schnitzler=Spende
2221 3280 2272 3340 des
2314 3280 2541 3340 Pen=Klubs.)
2582 3283 2644 3343 Dem
2701 3283 2855 3343 Andenken

1741 3328 1827 3388 seines
1860 3325 2131 3385 Ehrenpräsiventen
2180 3328 2288 3388 Arthur
2326 3327 2553 3387 Schnitzler
2592 3325 2640 3385 hat
2679 3325 2727 3385 der
2766 3325 2868 3385 Pen¬

1745 3367 1845 3427 Klub
1871 3367 1926 3427 500
1957 3367 2002 3427 S.
2023 3370 2189 3430 gewidmet,
2205 3370 2245 3430 die
2270 3369 2295 3429 im
2342 3367 2432 3427 Sinne
2463 3367 2503 3427 des
2534 3367 2695 3427 verewigten
2731 3365 2862 3425 Dichters

1739 3409 1813 3469 einem
1853 3409 2025 3469 erkrankten
2060 3411 2262 3471 Schriftsteller
2292 3409 2469 3469 zugewendet
2499 3409 2602 3469 werden
2637 3409 2736 3469 sollen.
2766 3409 2864 3469 Dieser

1743 3451 1843 3511 Betrag
1877 3451 1949 3511 kann
1997 3451 2054 3511 nur
2094 3451 2127 3511 an
2170 3452 2338 3512 Mitglieder
2377 3451 2506 3511 vergeben
2555 3451 2679 3511 werden.
2708 3450 2761 3510 Die
2790 3447 2866 3507 Ent¬

1747 3492 1882 3552 scheidung
1918 3492 2038 3552 darüber
2068 3492 2138 3552 steht
2169 3492 2214 3552 dem
2260 3492 2441 3552 Präsidenten
2476 3492 2501 3552 im
2547 3492 2773 3552 Einvernehmen
2813 3491 2863 3551 mit

1741 3534 1779 3594 der
1803 3534 1966 3594 Gründerin
2000 3534 2053 3594 und
2078 3534 2120 3594 dem
2164 3534 2457 3594 Ehrenschatzmeister
2481 3533 2524 3593 zu.
2544 3532 2654 3592 Ferner
2679 3533 2745 3593 wird
2775 3531 2856 3591 daran

1745 3576 1880 3636 erinnert,
1901 3576 1951 3636 daß
1982 3576 2032 3636 seit
2058 3576 2163 3636 länger
2189 3576 2234 3636 als
2264 3574 2441 3634 Jahresfrist
2467 3574 2502 3634 ein
2538 3574 2860 3634 Unterstützungsfonds

1744 3618 1869 3678 errichtet
1900 3618 2010 3678 wurde,
2035 3618 2065 3678 um
2121 3618 2291 3678 bedürftigen
2338 3615 2518 3675 Mitgliedern
2569 3615 2629 3675 nach
2675 3615 2865 3675 Möglichkeit

1740 3660 1806 3720 rasch
1833 3659 1916 3719 Hilfe
1942 3657 1968 3717 zu
1999 3658 2114 3718 leisten.
2156 3659 2228 3719 Auch
2260 3657 2384 3717 darüber
2411 3657 2572 3717 entscheidet
2598 3656 2618 3716 im
2660 3657 2764 3717 kurzen
2796 3657 2862 3717 Weg

1741 3701 1785 3761 der
1815 3701 1966 3761 Präsident
1996 3701 2153 3761 zusammen
2188 3700 2242 3760 mit
2267 3698 2311 3758 dem
2356 3698 2581 3758 Schatzmeister.
2601 3697 2767 3757 Jedenfalls
2802 3696 2861 3756 aber

1742 3741 1826 3801 bleibt
1862 3743 1922 3803 nach
1958 3743 2028 3803 einem
2068 3740 2355 3800 Vorstandsbeschluß
2401 3740 2440 3800 der
2471 3740 2561 3800 Name
2587 3740 2627 3800 des
2657 3741 2858 3801 Unterstützten

1744 3785 1835 3845 streng
1857 3785 1987 3845 geheim.
