3392 4352
2929 195 3032 255 e
3052 195 3135 255 riten
3166 193 3211 253 Nd

2644 249 2685 309 In
2722 252 2800 312 diese
2822 253 2889 313 acht
2911 255 3015 315 Jahre
3042 253 3141 313 seiner
3167 252 3240 312 fachl

2559 299 2636 359 aber
2659 300 2731 360 auch
2770 299 2831 359 die
2865 300 2998 360 ersten
3032 297 3226 357 Publika

108 327 237 387 12.
288 333 875 393 Schnitzler's
946 336 1173 396 Death

1385 336 1516 396 box
1594 336 1779 396 44/2

2556 345 2820 405 Schnitzler,
2842 343 2888 403 die
2910 344 2956 404 bis
2983 345 3039 405 zum
3082 342 3242 402 Erscheine

2556 389 2608 449 als
2643 388 2709 448 eine
2739 388 2806 448 Art
2830 388 3071 448 Wiegendrucke
3101 386 3250 446 betrachte

2559 428 2577 488 —
2631 432 2683 492 wie
2707 434 2745 494 an
2779 434 2917 494 richtigen
2951 431 3156 491 Inkunabeln
3185 428 3199 488 -

2555 479 2733 539 besonders
2758 479 2896 539 beachtet
2917 476 3036 536 werden
3066 476 3155 536 muß.
3175 475 3239 535 Zun

2556 522 2646 582 Gast
2673 524 2697 584 in
2738 523 2789 583 der
2820 521 3256 581 belletristisch-musikalische

2560 568 2735 628 schönen
2778 567 2942 627 blauen
2974 565 3159 625 Donau"

2560 613 2728 673 monatlich
2778 613 2981 673 herausgab.
3016 611 3110 671 Dort
3150 608 3258 668 erschi¬

2560 658 2668 718 zuerst
2710 658 2751 718 am
2814 655 2865 715 15.
2907 656 3041 716 Jänner
3089 655 3135 715 die
3182 652 3249 712 Not

2564 703 2801 763 Ypsilon",
2822 702 2883 762 mit
2905 700 2956 760 dem
3003 700 3235 760 überleitenden

2564 748 2798 808 Papieren
2877 747 3004 807 eines
3064 745 3254 805 Arztes"

2564 792 2813 852 „Amerika“
2846 792 2946 852 folgte
2979 789 3031 849 das
3063 789 3137 849 erste
3170 788 3254 848 Bru¬

2566 837 2685 897 Kreis:
2716 837 2908 897 „Episode".
2929 834 3022 894 Dann
3064 834 3110 894 die
3137 833 3250 893 Novell

2565 884 2731 944 Tagebuch
2777 882 2863 942 eines
2909 879 3217 939 Hinterbliebenen“

2565 928 2720 988 ristischen
2748 927 2886 987 Thema,
2920 925 2969 985 die
3015 924 3091 984 aber
3137 926 3164 986 in
3192 922 3241 982 di¬

2572 972 2721 1032 Eingang
2753 971 2856 1031 fand;
2893 969 3115 1029 ebensowenig
3162 971 3218 1031 wie

2573 1016 2750 1076 „Alkandis
2778 1013 2890 1073 Lied",
2913 1013 2956 1073 ein
2989 1013 3150 1073 Versstück
3172 1013 3198 1073 in
3226 1011 3242 1071 e

228 1046 960 1106 »OBSERVER

2568 1063 2668 1123 dieser
2701 1060 2881 1120 Zeitschrift
2909 1058 3056 1118 erschien.
3078 1058 3152 1118 Nach
3190 1057 3237 1117 dem

2573 1106 2707 1166 indessen
2749 1106 3186 1166 Feuilletonredakteuroder
3223 1104 3232 1164 „

328 1118 355 1178 I.
368 1115 489 1175 österr.
503 1109 655 1169 behördl.
669 1099 963 1159 konzessioniertes

284 1156 524 1216 Unternehmen
553 1147 605 1207 für
630 1140 1014 1200 Zeitungs-Ausschnitte

2573 1150 2699 1210 worden
2734 1150 2820 1210 war,
2851 1150 2916 1210 und
2962 1150 3073 1210 Artur
3099 1147 3270 1207 Schnitzler

2569 1195 2715 1255 kationen
2765 1196 2934 1256 gefördert
2972 1197 3004 1257 zu
3054 1192 3152 1252 haben
3185 1192 3266 1252 schei¬

332 1216 492 1276 WIEN,
514 1212 562 1272 I.,
591 1206 871 1266 WOLLZEILE
921 1198 962 1258 11

2574 1243 2752 1303 „Donau".
2774 1240 2832 1300 Sie
2853 1240 2974 1300 brachte
3001 1237 3075 1297 aber
3096 1237 3164 1297 1891
3212 1238 3249 1298 nu

431 1261 653 1321 TELEPHON
692 1253 871 1313 R-23-0-43

2568 1288 2712 1348 Versen“
2739 1286 2798 1346 von
2825 1285 2931 1345 Artur
2959 1285 3151 1345 Schnitzler.
3184 1284 3253 1344 Ind

1487 1291 1690 1351 Schnitzler
1731 1291 1783 1351 als
1824 1291 2087 1351 medizinischer
2128 1285 2398 1345 Schriftsteller.

2575 1333 2792 1393 Verbindung
2825 1330 3021 1390 gewonnen.
3044 1330 3085 1390 E.
3102 1330 3160 1390 M.
3177 1329 3266 1389 Kafke

1460 1364 1732 1424 Regierungsrat
1776 1362 1952 1422 Professor
1979 1362 2049 1422 Dr.
2071 1360 2204 1420 Johann
2242 1355 2434 1415 Schnitzler,
2478 1350 2541 1410 aus

2578 1378 2758 1438 auffallend
2807 1378 2869 1438 gut
2913 1376 3083 1436 redigierte
3115 1374 3253 1434 Monats

245 1410 471 1470 Ausschnitt
495 1397 698 1457 ausESS
730 1389 865 1449 VKEX

1375 1409 1628 1469 Groß=Kanizsa
1663 1409 1690 1469 in
1723 1407 1850 1467 Ungarn
1884 1407 2049 1467 gebürtig,
2066 1404 2154 1464 hatte
2177 1402 2248 1462 1800
2277 1402 2320 1462 die
2354 1397 2541 1457 „Wiener

979 1419 1011 1479 3

2579 1425 2684 1485 Kritik
2717 1423 2854 1483 heraus:
2887 1422 3072 1482 „Moderne
3099 1419 3257 1479 Dichtung

1371 1456 1698 1516 Medizinische
1736 1452 1910 1512 Presse“
1942 1451 2132 1511 begründet,
2159 1449 2212 1509 bei
2239 1448 2328 1508 deren
2366 1444 2539 1504 Redaktion

681 1452 699 1512 2
728 1455 774 1515 5.
796 1450 889 1510 K1

2575 1470 2792 1530 bedeutenden
2844 1467 3060 1527 Mitarbeiter
3103 1464 3190 1524 hatte
3232 1462 3247 1522 u

1378 1502 1430 1562 ihm
1479 1500 1531 1560 zum
1574 1500 1689 1560 Schluß
1721 1500 1789 1560 Dr.
1811 1497 1890 1557 Bela
1917 1497 2001 1557 Weiß
2033 1496 2207 1556 assistierte.
2223 1495 2270 1555 Im
2313 1491 2407 1551 letzten
2440 1488 2550 1548 Jahr¬

1378 1547 1464 1607 gang
1498 1544 1596 1604 seiner
1624 1544 1782 1604 Führung
1809 1543 1974 1603 erschienen
2008 1541 2073 1601 1866
2127 1539 2173 1599 die
2213 1537 2366 1597 frühesten
2400 1532 2538 1592 Kritiken
2585 1519 2697 1579 „Freie
2724 1515 2863 1575 Bühne"
2890 1512 2916 1572 in
2950 1511 3081 1571 Berlin.
3102 1509 3194 1569 Dort
3215 1509 3240 1569 in

2582 1559 2641 1619 das
2670 1559 2774 1619 zweite
2797 1556 2896 1616 Stück
2919 1556 2974 1616 aus
3008 1554 3190 1614 „Anatol":
3213 1554 3245 1614 „D

1378 1591 1434 1651 des
1465 1589 1589 1649 damals
1620 1590 1795 1650 24jährigen
1832 1586 1898 1646 Dr.
1919 1586 2022 1646 Artur
2049 1586 2239 1646 Schnitzler.
2255 1582 2301 1642 Am
2342 1580 2394 1640 31.
2420 1579 2533 1639 Jänne

1378 1635 1497 1695 wurde
1525 1637 1597 1697 dort
1624 1634 1676 1694 das
1704 1634 1776 1694 erste
1803 1633 2002 1693 unsignierte
2029 1629 2161 1689 Reserat
2189 1628 2234 1688 des
2268 1628 2335 1688 noch
2362 1624 2540 1684 heimlichen
2588 1605 2653 1665 und
2681 1601 2693 1661 —
2734 1601 2846 1661 immer
2867 1602 2965 1662 außer
2986 1601 3038 1661 der
3059 1599 3198 1659 späteren
3232 1598 3238 1658 O

445 1647 1007 1707 Tagesberich

2584 1650 2751 1710 „Anatols
2778 1649 3120 1709 Hochzeitsmorgen“.
3142 1643 3201 1703 Als
3229 1643 3260 1703 de

1374 1682 1528 1742 Dichters
1575 1679 1740 1739 gedruckt,
1797 1677 1879 1737 über
1931 1677 1977 1737 H.
2019 1676 2199 1736 Eichhorsts
2251 1672 2436 1732 „Handbuch
2493 1668 2550 1728 der

2584 1697 2656 1757 nach
2688 1694 2770 1754 Wien
2802 1694 2904 1754 verleg
2931 1692 2946 1752 :
2988 1691 3050 1751 und
3097 1691 3252 1751 gemeinsa

1378 1728 1541 1788 speziellen
1584 1725 1778 1785 Pathologie
1811 1723 1873 1783 und
1911 1723 2100 1783 Therapie",
2127 1721 2163 1781 am
2211 1718 2258 1778 16.
2285 1718 2364 1778 Mai
2396 1716 2443 1776 die
2475 1714 2548 1774 erste

1378 1772 1470 1832 „Dr.
1491 1771 1597 1831 A—r“
1624 1771 1809 1831 gezeichnete
1830 1768 2048 1828 Besprechung
2076 1765 2148 1825 über
2175 1764 2221 1824 K.
2235 1763 2368 1823 Riegers
2395 1759 2554 1819 „Grund¬
2588 1741 2772 1801 „Moderne
2801 1738 3012 1798 Rundschau"
3039 1733 3258 1793 weiterführte

407 1759 1139 1819 Artur-Schnitzler.

2581 1786 2667 1846 zwei
2697 1783 2894 1843 dichterische
2930 1781 3093 1841 Beiträge
3134 1780 3243 1840 Artur

1378 1816 1429 1876 riß
1471 1818 1521 1878 der
1553 1816 1785 1876 medizinischen
1832 1813 2182 1873 Elektrizitätslehre";
2208 1810 2322 1870 zuletzt
2353 1808 2476 1868 erschien

2585 1831 2691 1891 Neben
2744 1830 2866 1890 einigen
2921 1827 3170 1887 absprechenden
3219 1823 3266 1883 Kr

186 1849 352 1909 Nachruf
375 1849 439 1909 von
476 1847 656 1907 Hermann
693 1843 815 1903 Bahr,
838 1843 1003 1903 Mitglied
1040 1841 1097 1901 der
1127 1840 1343 1900 preußischer

1378 1864 1520 1924 signiert
1547 1861 1631 1921 „Dr.
1652 1861 1695 1921 A.
1716 1860 1805 1920 Sch."
1832 1855 1847 1915 —
1896 1856 1921 1916 in
1960 1858 2048 1918 diesem
2097 1855 2196 1915 Jahre
2228 1855 2260 1915 am
2308 1855 2355 1915 19.
2377 1852 2550 1912 Dezember

2586 1876 2649 1936 und
2681 1873 2819 1933 Dramen
2857 1873 3112 1933 veröffentlichte
3139 1872 3165 1932 er
3192 1869 3266 1929 dort

587 1893 944 1953 Dichterakademie.

1383 1906 1434 1966 ein
1465 1906 1594 1966 Bericht
1621 1906 1697 1966 über
1723 1904 1765 1964 J.
1786 1903 1816 1963 v.
1837 1903 1992 1963 Merings
2018 1903 2110 1963 Werk
2137 1901 2224 1961 „Das
2250 1899 2425 1959 chlorsaure
2457 1897 2549 1957 Kali“

2589 1923 2680 1983 ersten
2714 1921 2881 1981 Premiere
2909 1919 2995 1979 (siehe
3022 1918 3141 1978 unten)
3164 1914 3174 1974 —
3218 1915 3266 1975 der

272 1961 391 2021 Artur
416 1962 607 2022 Schnitzler
632 1959 746 2019 wuchs
770 1958 800 2018 in
831 1958 885 2018 den
921 1959 1083 2019 sechziger
1108 1956 1245 2016 Jahren
1276 1953 1359 2013 auf,
1384 1951 1432 2011 Um
1475 1950 1552 2010 diese
1571 1950 1643 2010 Zeit
1667 1949 1721 2009 gab
1746 1948 1877 2008 Johann
1908 1947 2076 2007 Schnitzler
2095 1946 2142 2006 die
2167 1943 2311 2003 „Wiener
2329 1941 2551 2001 Medizinische

2588 1966 2908 2026 „Denksteine".
2928 1963 2994 2023 Ihm
3037 1964 3134 2024 folgke
3159 1962 3206 2022 die
3231 1960 3255 2020 in

1378 1997 1511 2057 Presse“
1543 1995 1620 2055 auf,
1662 1995 1723 2055 und
1776 1992 1837 2052 sein
1895 1994 2069 2054 bisheriger
2102 1989 2318 2049 Mitarbeiter
2350 1988 2426 2048 Bela
2463 1986 2550 2046 Weis

182 2013 212 2073 in
250 2013 304 2073 der
336 2013 416 2073 Zeit
441 2013 502 2073 der
527 2010 693 2070 Schlacht
718 2007 779 2067 von
816 2007 1007 2067 Sadowa,
1032 2004 1131 2064 deren
1168 2003 1352 2063 Ergebnis

2588 2013 2676 2073 (auch
2710 2012 2915 2072 „Exzentric"
2948 2008 3003 2068 von
3043 2007 3109 2067 1905
3143 2007 3219 2067 fehlt

1377 2042 1543 2102 gründete
1573 2041 1626 2101 als
1661 2041 1887 2101 Herausgeber
1936 2037 1999 2097 und
2049 2034 2343 2094 verantwortlicher
2378 2031 2553 2091 Redakteur

2590 2058 2727 2118 Novelle
2758 2057 2975 2117 „Reichtum".
2994 2056 3042 2116 Im
3091 2053 3223 2113 Jänner

181 2062 251 2122 alle
275 2061 510 2121 Hoffnungen
540 2057 775 2117 Oesterreichs
800 2055 940 2115 knickte.
959 2055 1040 2115 Seit
1065 2052 1276 2112 Oesterreich
1306 2049 1334 2109 in

1382 2088 1515 2148 Anfang
1552 2087 1628 2147 1887
1680 2085 1742 2145 mit
1789 2085 1901 2145 Artur
1933 2082 2107 2142 Schnitzler
2159 2081 2210 2141 die
2262 2078 2555 2138 „Internationale

2588 2103 2803 2163 Rundschau"
2827 2103 2889 2163 mit
2912 2100 2963 2160 der
2986 2100 3116 2160 „Freien
3146 2100 3264 2160 Bühne

180 2109 400 2169 Abendland
446 2108 536 2168 nicht
577 2106 678 2166 mehr
718 2105 984 2165 mitzusprechen
1036 2103 1120 2163 oder
1167 2102 1228 2162 gar
1274 2097 1352 2157 mit¬

1382 2134 1524 2194 klinische
1562 2133 1778 2193 Rundschau"
1836 2130 1952 2190 (später
1989 2128 2131 2188 „Wiener
2174 2127 2311 2187 klinische
2348 2122 2527 2182 Rundschau

2592 2149 2715 2209 einigt,
2748 2148 2796 2208 als
2850 2145 2957 2205 „Freie
2985 2144 3103 2204 Bühne
3152 2143 3205 2203 für

185 2156 355 2216 zuwirken
397 2156 514 2216 hotte,
538 2156 655 2216 mußte
691 2153 926 2213 jugendlicher
962 2148 1133 2208 Tatkraft
1157 2147 1203 2207 ein
1245 2146 1356 2206 Blitz¬

1382 2178 1566 2238 genannt).
1588 2176 1651 2236 Als
1683 2175 1762 2235 Bela
1794 2174 1883 2234 Weiß
1921 2176 1952 2236 zu
1990 2174 2079 2234 Ende
2106 2171 2200 2231 dieses
2232 2170 2354 2230 Jahres
2391 2168 2549 2228 erkrankte

2587 2195 2700 2255 Zeit",
2727 2191 2819 2251 unter
2856 2189 2907 2249 der
2939 2189 3239 2249 verantwortlichen

179 2204 338 2264 ableiter
374 2205 528 2265 gegeben
576 2202 741 2262 werden.
771 2202 829 2262 Ich
872 2197 977 2257 selbst
1008 2197 1102 2257 hielt
1138 2195 1173 2255 es
1215 2193 1338 2253 dahein

1383 2223 1553 2283 übernahm
1600 2222 1635 2282 am
1682 2222 1733 2282 18.
1759 2220 1935 2280 Dezember
1966 2216 2033 2276 1887
2064 2216 2173 2276 Artur
2204 2214 2374 2274 Schnitzler
2410 2213 2456 2273 die
2488 2209 2554 2269 ver¬

184 2252 313 2312 einfach
348 2252 437 2312 nicht
461 2253 556 2313 mehr
585 2250 669 2310 aus,
692 2249 770 2309 fuhr
794 2248 956 2308 zunächst
980 2244 1058 2304 nach
1087 2243 1239 2303 Berlin,
1256 2241 1346 2301 dann

1382 2270 1607 2330 antwortliche
1641 2267 1840 2327 Redaktion,
1881 2264 1926 2324 die
1960 2264 1993 2324 er
2027 2264 2072 2324 bis
2106 2261 2139 2321 9.
2159 2260 2352 2320 September
2386 2258 2458 2318 1894
2492 2254 2558 2314 bei¬
2592 2238 2743 2298 Bölsche.
2777 2237 2870 2297 Dort
2911 2237 3036 2297 erschien
3090 2237 3175 2297 auch,
3216 2235 3242 2295 im

2591 2284 2772 2344 Dezember
2799 2281 2868 2341 1891
2916 2282 2985 2342 noch
3033 2279 3091 2339 von
3145 2281 3197 2341 der

181 2301 269 2361 nach
293 2300 428 2360 Paris,
446 2300 616 2360 Madrid,
635 2300 781 2360 Tanger
806 2295 876 2355 und
900 2294 1041 2354 landete
1065 2293 1253 2353 schließlich
1277 2289 1347 2349 doch

1386 2314 1523 2374 behielt,
1566 2315 1634 2375 also
1687 2313 1755 2373 noch
1798 2311 1839 2371 in
1898 2309 1950 2369 der
1982 2310 2056 2370 Zeit
2083 2307 2182 2367 seiner
2220 2309 2303 2369 ersten
2346 2303 2551 2363 literarischen

2598 2330 2787 2390 gekündigte
2813 2327 2946 2387 Novelle
2971 2325 3161 2385 Schnitzlers
3192 2326 3259 2386 „De

184 2347 313 2407 wieder
337 2347 495 2407 daheim,
507 2347 534 2407 in
564 2347 620 2407 der
649 2341 869 2401 „Modernen
898 2341 1124 2401 Dichtung“,
1136 2338 1210 2398 hier
1233 2335 1351 2395 sollter

1388 2361 1524 2421 Erfolge
1557 2359 1688 2419 geführt
1715 2359 1783 2419 hat.
1826 2355 1946 2415 Zuletzt
1994 2353 2073 2413 wird
2105 2353 2237 2413 Johann
2274 2353 2463 2413 Schnitzler,
2506 2346 2558 2406 der

2592 2376 2759 2436 Pepieren
2787 2374 2873 2434 eines
2900 2374 3036 2434 Arztes"
3058 2371 3247 2431 zubenannt

182 2396 255 2456 alle
289 2395 539 2455 Begabungen
585 2394 641 2454 sich
682 2392 857 2452 entfalten
903 2389 1062 2449 können.
1096 2384 1356 2444 Stadtberüm¬

1384 2404 1475 2464 wohl
1503 2404 1551 2464 die
1579 2406 1702 2466 geistige
1730 2404 1886 2464 Führung
1925 2401 1973 2461 des
2006 2400 2135 2460 Blattes
2162 2398 2346 2458 beibehielt,
2368 2395 2481 2455 wieder
2508 2391 2556 2451 als

2599 2423 2650 2483 dem
2686 2419 2841 2479 Berliner
2865 2419 2981 2479 Verlag
3005 2420 3050 2480 S.
3063 2419 3185 2479 Fischer
3203 2416 3248 2476 füh

187 2446 262 2506 war
289 2443 429 2503 damals
451 2443 510 2503 vor
537 2443 623 2503 allem
667 2441 758 2501 durch
785 2440 839 2500 die
861 2437 990 2497 Pracht
1012 2436 1119 2496 seiner
1141 2434 1345 2494 Krawatten

1390 2451 1620 2511 Herausgeber
1651 2449 1711 2509 und
1747 2446 1998 2506 Chefredakteur
2024 2443 2185 2503 genannt,
2231 2443 2301 2503 nach
2336 2440 2432 2500 seinem
2483 2437 2562 2497 Hin¬

2596 2472 2628 2532 zu
2661 2467 2747 2527 einer
2775 2464 3008 2524 Verbindung.
3025 2464 3182 2524 Zunächst
3204 2462 3247 2522 mu

183 2494 263 2554 Dr.
292 2492 442 2552 Riched
483 2491 811 2551 Beer=Hofmann,
840 2488 909 2548 und
950 2485 1030 2545 bald
1065 2484 1174 2544 stellte
1209 2482 1260 2542 sich
1302 2482 1353 2542 ein

1390 2497 1518 2557 scheiden
1555 2494 1580 2554 im
1622 2495 1787 2555 Frühjahr
1818 2491 1885 2551 1893
1916 2492 1983 2552 eine
2010 2490 2153 2550 Zeitlang
2185 2488 2251 2548 noch
2283 2488 2329 2548 als
2360 2484 2556 2544 Begründer

2596 2515 2704 2575 weitig
2736 2512 3015 2572 unterzukommen
3052 2509 3176 2569 suchen.
3197 2508 3258 2568 Sei

191 2539 410 2599 Gymnasia)
451 2540 532 2600 ein,
556 2538 613 2598 der
648 2537 752 2597 unter
787 2535 844 2595 dem
892 2532 1029 2592 Namen
1071 2530 1180 2590 Loris
1210 2527 1366 2587 schrieb:

1386 2539 1495 2599 Unter
1531 2539 1581 2599 den
1622 2539 1787 2599 Büchern,
1813 2537 1857 2597 die
1888 2535 1993 2595 Artur
2024 2535 2194 2595 Schnitzler
2230 2532 2285 2592 von
2326 2532 2456 2592 Anfang
2491 2526 2561 2586 1887

2603 2556 2711 2616 Stücke
2739 2556 2901 2616 vermehrt
2923 2553 2983 2613 und
3011 2553 3157 2613 erschien,
3174 2553 3233 2613 mit

1386 2586 1442 2646 bis
1468 2586 1561 2646 Ende
1587 2583 1659 2643 1892
1685 2583 1711 2643 in
1747 2583 1793 2643 der
1825 2580 2134 2640 „Internationalen
2166 2577 2320 2637 klinischen
2357 2574 2542 2634 Rundschau

187 2589 296 2649 Hugo
343 2589 383 2649 v.
424 2586 748 2646 fmannsthal.
789 2583 882 2643 Eine
929 2581 1044 2641 Reihe
1097 2578 1160 2638 von
1213 2574 1357 2634 Werken

2592 2604 2715 2664 Versen
2749 2603 2804 2663 von
2833 2600 2967 2660 „Loris"
3001 2598 3123 2658 (Herbst
3146 2598 3235 2658 1892)

188 2636 409 2696 Schnitzlers
440 2634 511 2694 lebt
542 2634 620 2694 noch
650 2633 776 2693 immer
807 2631 914 2691 heiter
945 2630 1034 2690 fort,
1059 2628 1124 2688 und
1161 2627 1233 2687 man
1269 2626 1353 2686 kann
1390 2632 1569 2692 besprochen
1606 2630 1677 2690 hat,
1696 2628 1798 2688 waren
1828 2628 1876 2688 die
1901 2627 2074 2687 Mehrzahl
2099 2625 2200 2685 Werke
2231 2623 2303 2683 über
2333 2621 2387 2681 das
2417 2619 2561 2679 Nerven¬

2598 2649 2637 2709 an
2666 2649 2717 2709 der
2740 2646 2939 2706 „Modernen
2968 2643 3178 2703 Rundschau"
3201 2642 3246 2702 fle

1386 2678 1519 2738 system,
1541 2676 1794 2736 Neurasthenie,
1815 2674 1975 2734 Hysterie,
1997 2673 2068 2733 über
2100 2668 2337 2728 Hypotismus,
2364 2668 2555 2728 Suggestion

188 2685 292 2745 dreist
330 2683 607 2743 voraussagen,
632 2682 699 2742 daß
743 2678 953 2738 „Anatol,
984 2675 1206 2735 „Liebelei“,
1237 2673 1347 2733 „Frei

192 2732 324 2792 wild“,
344 2734 549 2794 „Reigen",
570 2730 668 2790 „Der
696 2727 847 2787 einsame
875 2725 1006 2785 Weg“,
1020 2723 1119 2783 „Der
1146 2720 1252 2780 Gang
1280 2718 1345 2778 zum
1392 2724 1816 2784 Gedankenübertragung,
1837 2721 2121 2781 Psychotherapie;
2148 2719 2274 2779 seltener
2308 2716 2426 2776 befaßte
2454 2712 2486 2772 er
2513 2703 2566 2763 sich
2606 2694 2691 2754 einem
2745 2693 2864 2753 andern
2911 2691 3069 2751 Berliner
3110 2689 3228 2749 Verlag

2599 2739 2798 2799 graphischen
2838 2735 3010 2795 Bureau".
3028 2735 3166 2795 Nachdem
3211 2732 3266 2792 dar

1390 2768 1454 2828 mit
1480 2768 1731 2828 Publikationen
1767 2768 1842 2828 über
1873 2765 2235 2825 Kehlkopfkrankheiten,
2256 2762 2300 2822 die
2331 2759 2427 2819 seinem
2467 2757 2547 2817 Vate

183 2780 356 2840 Weiher"
387 2780 456 2840 und
497 2777 554 2837 das
597 2777 712 2837 „Buch
747 2777 806 2837 der
835 2774 1050 2834 Sprüche",
1074 2769 1190 2829 mögen
1237 2767 1277 2827 sie
1307 2764 1364 2824 zu¬

2596 2786 2725 2846 zweiten
2775 2783 2948 2843 Jahrgang
2997 2780 3094 2840 seines
3144 2780 3241 2840 „Mod

191 2828 314 2888 weilen
353 2828 422 2888 eine
449 2825 616 2885 Zeitlang
654 2825 826 2885 vergessen
859 2823 949 2883 sein,
972 2822 1046 2882 doch
1079 2822 1202 2882 immer
1230 2817 1359 2877 wieder
1397 2815 1606 2875 vorbehalten
1639 2813 1795 2873 schienen,
1817 2814 1951 2874 dagegen
1989 2810 2091 2870 mußte
2118 2810 2150 2870 er
2183 2810 2252 2870 auch
2285 2806 2462 2866 manchmal
2490 2804 2564 2864 über

2596 2831 2671 2891 1894
2715 2831 2905 2891 Schnitzlers
2949 2826 3236 2886 Märchennovelle

1390 2862 1585 2922 allgemeine
1631 2860 1846 2920 medizinische
1897 2855 2103 2915 Handbücher
2154 2855 2324 2915 schreiben,
2365 2851 2470 2911 wobei
2516 2849 2560 2909 ein

188 2876 376 2936 fröhlichen
408 2876 564 2936 Urstand
590 2873 696 2933 feiern
735 2872 891 2932 werden.

2604 2876 2788 2936 genommen
2821 2875 2918 2935 hatte,
2935 2873 3049 2933 konnte
3071 2873 3119 2933 der
3142 2871 3239 2931 junge

1386 2906 1536 2966 gewisser
1567 2904 1769 2964 Sarkasmus
1805 2905 1860 2965 zum
1906 2902 2067 2962 Vorschein
2108 2902 2188 2962 kam.
2214 2900 2512 2960 Erwähnenswert
2537 2892 2572 2952 ist

2603 2924 2663 2984 sein
2692 2922 2813 2982 Drama
2836 2922 2924 2982 „Das
2947 2921 3118 2981 Märchen"
3146 2918 3223 2978 (1891

1393 2950 1477 3010 seine
1504 2951 1598 3011 frühe
1631 2950 1825 3010 Sympathie
1852 2948 1904 3008 für
1931 2948 2110 3008 Siegmund
2142 2947 2299 3007 Freud,
2321 2944 2415 3004 dessen
2453 2939 2568 2999 Ueber¬

2606 2968 2749 3028 Dresden
2787 2965 3047 3025 unterbringen,
3069 2965 3249 3025 begünstigt

1393 2998 1558 3058 setzungen
1624 2995 1693 3055 nach
1739 2995 1884 3055 Charcot
1925 2993 1985 3053 und
2031 2992 2191 3052 Bernheim
2247 2990 2277 3050 er
2323 2991 2573 3051 ausgezeichnet,

391 3014 501 3074 Aus
546 3011 865 3071 Schnitzlers
900 3006 1166 3066 Vorzeit.

2603 3013 2680 3073 dort
2709 3013 2931 3073 beglaubigten
2965 3010 3159 3070 Freundes;
3182 3008 3254 3068 diese

1394 3043 1550 3103 geradezu
1600 3041 1796 3101 meisterhaft
1840 3038 1982 3098 nannte.
2017 3038 2193 3098 Schnitzler
2238 3037 2296 3097 hat
2341 3034 2463 3094 später,
2498 3031 2565 3091 nach

2602 3060 2697 3120 erster
2745 3058 2809 3118 und
2857 3058 2962 3118 letzter
3005 3055 3180 3115 Durchfall
3223 3053 3254 3113 an

1393 3088 1528 3148 Freuds
1553 3086 1678 3146 eigenem
1719 3085 1884 3145 Zeugnis,
1900 3083 1945 3143 als
1975 3082 2096 3142 Dichter
2127 3082 2297 3142 gefunden,
2318 3079 2382 3139 was
2408 3081 2498 3141 jener
2524 3076 2568 3136 als

496 3088 582 3148 Von
617 3085 711 3145 Otto
745 3082 845 3142 Erich
880 3082 1054 3142 Deutsch.

2603 3108 2656 3168 (1.
2673 3103 2846 3163 Dezeber
2873 3100 2976 3160 1893).
2993 3100 3144 3160 Dennoch
3177 3100 3225 3160 kam

1401 3132 1546 3192 Forscher
1582 3131 1713 3191 entdeckt
1744 3130 1849 3190 hatte.
1890 3127 1960 3187 Von
1996 3126 2182 3186 besonderer
2213 3124 2404 3184 Bedeutung
2440 3123 2495 3183 für
2531 3119 2570 3179 die

284 3149 369 3209 Man
424 3148 523 3208 weiß,
563 3148 616 3208 daß
649 3145 757 3205 Artur
788 3144 973 3204 Schnitzler,
1014 3141 1075 3201 mit
1107 3141 1137 3201 23
1169 3140 1291 3200 Jahren
1331 3138 1353 3198 in

2603 3152 2654 3212 S.
2671 3150 2823 3210 Fischers,
2841 3147 2891 3207 der
2915 3147 2937 3207 im
2977 3147 3067 3207 Jahr
3090 3145 3203 3205 darauf
3220 3143 3231 3203 d

1401 3177 1617 3237 Entwicklung
1653 3177 1843 3237 Schnitzlers
1890 3172 2029 3232 scheinen
2076 3171 2148 3231 auch
2200 3170 2281 3230 seine
2313 3168 2452 3228 Kritiken
2493 3165 2570 3225 über

186 3195 282 3255 Wien
316 3197 373 3257 zum
418 3195 542 3255 Doktor
577 3192 627 3252 der
662 3192 803 3252 Medizin
837 3189 1063 3249 promoviert,
1103 3187 1159 3247 den
1194 3184 1357 3244 ärztlichen

2609 3200 2668 3260 gab
2695 3198 2754 3258 und
2782 3198 2827 3258 die
2848 3195 2947 3255 beiden
2981 3192 3093 3252 andern
3120 3190 3239 3250 Bücher

1405 3226 1536 3286 sexuelle
1563 3224 1758 3284 Pathologie
1790 3222 1848 3282 und
1880 3219 2106 3279 Psychopathie
2138 3216 2306 3276 (Ribbing,
2328 3213 2559 3273 Krafft=Ebing

187 3242 297 3302 Beruf
324 3240 371 3300 bis
398 3240 493 3300 lange
515 3240 540 3300 in
579 3240 678 3300 seinen
711 3239 800 3299 Ruhm
849 3236 948 3296 hinein
981 3235 1144 3295 ausgeübt
1171 3231 1240 3291 hat.
1262 3230 1303 3290 Es
1336 3228 1372 3288 ist

2946 3269 3026 3329 Der
3054 3270 3135 3330 erste
3154 3267 3243 3327 Thea

187 3287 265 3347 aber
318 3285 375 3345 fast
408 3285 587 3345 vergessen,
630 3285 687 3345 daß
724 3283 755 3343 er
787 3282 834 3342 sich
872 3281 971 3341 zuerst
1004 3279 1051 3339 als
1088 3275 1367 3335 Fachschrift=
1400 3270 1588 3330 Schuster).
1605 3267 1652 3327 Am
1689 3267 1741 3327 23.
1758 3267 1937 3327 November
1964 3263 2031 3323 1890
2058 3261 2222 3321 berichtete
2249 3263 2274 3323 er
2301 3261 2380 3321 über
2407 3258 2459 3318 das
2491 3258 2580 3318 Werk

1402 3317 1455 3377 des
1488 3315 1655 3375 Schweden
1693 3313 1741 3373 S.
1763 3312 1930 3372 Ribbing:
1974 3312 2055 3372 „Die
2082 3310 2211 3370 sexuelle
2239 3307 2384 3367 Hygiene
2412 3305 2476 3365 und
2509 3303 2573 3363 ihre

185 3332 343 3392 steller
376 3329 450 3389 der
477 3330 683 3390 Medizin
721 3326 858 3386 betätigt
890 3324 959 3384 hat.
1002 3323 1049 3383 Er
1086 3323 1150 3383 war
1182 3321 1234 3381 der
1272 3319 1361 3379 Sohn

2699 3323 2746 3383 Im
2781 3329 2875 3389 selben
2903 3329 3026 3389 Jahn,
3047 3328 3080 3388 am
3115 3327 3148 3387 9.
3163 3325 3257 3385 Oktol

186 3377 242 3437 des
274 3377 443 3437 bekannten
479 3374 649 3434 Laryngo=
681 3374 742 3434 und
773 3372 973 3432 Rhinologen
1010 3371 1144 3431 Johann
1180 3368 1370 3428 Schnitzler,
1396 3361 1550 3421 ethischen
1587 3359 1880 3419 Konsequenzen";
1922 3356 2019 3416 dieses
2050 3354 2184 3414 Referat
2231 3353 2318 3413 wäre
2365 3351 2426 3411 mit
2473 3348 2555 3408 seine

2607 3380 2702 3440 hard,
2739 3377 2793 3437 der
2854 3377 2933 3437 neue
2976 3374 3132 3434 Direktor
3193 3373 3247 3433 des

195 3424 246 3484 der
279 3422 367 3482 selbst
394 3422 462 3482 eine
489 3420 704 3480 medizinische
731 3418 909 3478 Zeitschrift
936 3417 1115 3477 herausgab
1158 3413 1215 3473 und
1247 3413 1273 3473 in
1310 3411 1362 3471 den
1405 3409 1631 3469 prinzipiellen
1668 3404 2020 3464 Auseinandersetzung
2053 3399 2131 3459 über
2168 3397 2378 3457 „unsittliche"
2411 3394 2573 3454 Literatur

2605 3428 2779 3488 „Liebelei"
2804 3427 2858 3487 zur
2889 3425 3100 3485 Aufführung
3131 3425 3191 3485 und
3222 3424 3252 3484 zu

1404 3457 1599 3517 interessant
1624 3453 1744 3513 genug,
1765 3451 1800 3511 um
1845 3449 1960 3509 wieder
1987 3446 2121 3506 gedruckt
2147 3446 2177 3506 zu
2212 3443 2352 3503 werden.
2373 3442 2573 3502 Literarische

197 3467 299 3527 letzten
331 3467 453 3527 Jahren
490 3467 587 3527 seines
618 3466 735 3526 Lebens
767 3464 812 3524 den
849 3464 951 3524 Sohr.
972 3463 1100 3523 Artur,
1121 3458 1187 3518 1886
1219 3459 1264 3519 bis
1296 3455 1362 3515 1888

2603 3476 2689 3536 Aber
2717 3476 2787 3536 auch
2820 3473 2874 3533 das
2907 3473 2971 3533 war
2999 3473 3058 3533 kein
3091 3472 3243 3532 Primeur

195 3512 446 3572 Sekundararzt
468 3514 494 3574 im
536 3512 751 3572 Allgemeinen
778 3509 1010 3569 Krankenhaus
1042 3506 1099 3566 und
1121 3506 1199 3566 dann
1226 3506 1368 3566 Assistent
1400 3503 1578 3563 Anklänge
1626 3500 1683 3560 hat
1731 3499 1800 3559 auch
1837 3497 1884 3557 die
1916 3494 2126 3554 Besprechung
2163 3491 2236 3551 über
2268 3489 2457 3549 Lombrosos
2495 3486 2573 3546 „Der

1406 3548 1532 3608 geniale
1560 3546 1703 3606 Mensch“
1731 3544 1775 3604 (4.
1798 3541 1924 3601 Jänner
1952 3538 2051 3598 1891),
2068 3539 2122 3599 das
2151 3536 2321 3596 Schnitzler
2349 3535 2393 3595 ein
2426 3531 2575 3591 wunder¬
2608 3525 2801 3585 Schnitzlers
2829 3523 2895 3583 war
2923 3523 3005 3583 schon
3055 3523 3093 3583 am
3132 3520 3181 3580 11.
3221 3520 3264 3580 Al

189 3561 231 3621 an
269 3559 321 3619 der
353 3559 411 3619 vom
460 3559 560 3619 Vater
597 3559 761 3619 geleiteten
804 3556 1021 3616 Allgemeinen
1059 3554 1254 3614 Poliklinik,
1297 3553 1365 3613 auch

1420 3595 1506 3655 bares
1533 3593 1628 3653 Buch
1647 3591 1751 3651 nennt
1779 3589 1839 3649 und
1875 3587 1927 3647 dem
1971 3587 1997 3647 er
2033 3588 2093 3648 doch
2129 3586 2251 3646 gewisse
2270 3583 2426 3643 Vorhalte
2453 3580 2576 3640 machen
2612 3574 2777 3634 heimer
2804 3572 3127 3632 Volkstheater
3163 3569 3241 3629 gege

198 3607 278 3667 dabe
316 3607 534 3667 beschäftigte.

2630 3671 2754 3731 gestellt
2776 3667 2831 3727 von
2866 3667 2977 3727 Eleven
3013 3665 3060 3725 der
3090 3664 3220 3724 Wiener

2627 3718 2682 3778 vor
2710 3715 2880 3775 geladenen
2919 3714 3057 3774 Gästen.
3074 3711 3122 3771 An
3157 3709 3249 3769 diesen

2626 3762 2959 3822 Bezirksratswahlen
2999 3759 3075 3819 (auch
3103 3759 3129 3819 in
3163 3757 3255 3817 Rudo

2621 3812 2708 3872 nung
2739 3813 2786 3873 des
2812 3809 3018 3869 Reichsrates
3045 3807 3168 3867 bewegt
3184 3805 3251 3865 war

2626 3860 2675 3920 die
2697 3858 2868 3918 Premiere
2896 3856 2950 3916 von
2978 3855 3099 3915 Ibsens
3144 3852 3242 3912 „Kron

2634 3907 2683 3967 des
2718 3907 2862 3967 Dichters
2890 3903 2979 3963 statt,
3002 3903 3051 3963 der
3074 3900 3157 3960 dann
3192 3899 3241 3959 von

2635 3953 2765 4013 Joachim
2808 3953 2843 4013 an
2873 3950 2926 4010 der
2950 3949 3074 4009 Spitze)
3117 3947 3146 4007 im
3189 3944 3247 4004 „Ka

2634 4001 2730 4061 feiert
2758 3998 2882 4058 wurde.
2900 3998 3006 4058 Artur
3035 3995 3210 4055 Schnitzler

2638 4049 2672 4109 er
2693 4049 2768 4109 denn
2804 4046 2872 4106 auch
2900 4046 2962 4106 mit
2984 4043 3245 4103 Hofmannsthal

2636 4097 2793 4157 Vereines
2822 4094 2963 4154 „Wiener
2992 4091 3081 4151 Freie
3099 4088 3217 4148 Bühne

2637 4144 2665 4204 im
2700 4141 2857 4201 Sommer
2887 4139 2956 4199 1891
2980 4141 3079 4201 Ibsen
3109 4137 3166 4197 zum
3208 4132 3247 4192 Eh

2634 4192 2683 4252 sich
2717 4192 2794 4252 nicht
2823 4188 3001 4248 wundern,
3018 4187 3073 4247 daß
3107 4186 3139 4246 an
3173 4183 3245 4243 jene
