3392 4384
1424 294 1551 354 box
1633 291 1815 351 44/4

135 318 251 378 12.
311 317 905 377 Schnitzlers
965 303 1198 363 Death

1422 832 1500 892 o

885 927 1009 987 Avant
1032 929 1071 989 de
1100 930 1133 990 se
1162 930 1264 990 vouer
1287 931 1349 991 aux
1383 933 1524 993 lettres,
1542 936 1683 996 Arthur
1706 937 1920 997 Schnitzler,
1938 941 1966 1001 le
1995 942 2101 1002 grand

832 978 984 1038 écrivain
1019 979 1047 1039 et
1072 981 1303 1041 dramaturge
1333 981 1524 1041 autrichien
1559 983 1627 1043 qui
1647 984 1744 1044 vient
1770 984 1814 1044 de
1844 986 1995 1046 mourir,
2015 988 2113 1048 avait

842 1026 910 1086 fait
940 1028 998 1088 des
1028 1028 1150 1088 études
1180 1029 1224 1089 de
1254 1029 1430 1089 médecine
1465 1029 1493 1089 et
1518 1029 1621 1089 avait
1646 1034 1753 1094 même
1783 1035 1856 1095 pris
1881 1035 1934 1095 ses
1964 1038 2116 1098 inscrip¬

831 1076 928 1136 tions
956 1076 966 1136 à
999 1076 1026 1136 la
1059 1076 1200 1136 Faculté
1233 1076 1270 1136 de
1298 1076 1454 1136 Vienne.
1482 1077 1530 1137 De
1558 1078 1650 1138 cette
1677 1082 1813 1142 époque
1835 1085 1921 1145 date
1949 1085 1975 1145 la
2003 1087 2111 1147 petite

839 1124 1012 1184 anecdote
1039 1124 1199 1184 suivante
1230 1127 1243 1187 :

825 1170 933 1230 Un
985 1172 1046 1232 des
1078 1172 1326 1232 professeurs,
1352 1175 1460 1235 connu
1502 1175 1594 1235 pour
1621 1178 1765 1238 l'ennui
1792 1181 1998 1241 irrésistible
2045 1184 2106 1244 que

838 1220 1033 1280 dégageait
1060 1220 1117 1280 son
1149 1224 1270 1284 cours,
1292 1224 1476 1284 demanda
1508 1226 1518 1286 à
1550 1224 1603 1284 ses
1630 1226 1761 1286 élèves,
1788 1229 1829 1289 au
1862 1232 1972 1292 début
2004 1232 2109 1292 d'une

837 1271 925 1331 leçon
960 1271 1042 1331 qu'il
1063 1271 1239 1331 comptait
1264 1274 1444 1334 consacrer
1474 1274 1484 1334 à
1514 1275 1542 1335 la
1572 1276 1792 1336 tuberculose
1827 1276 1836 1336 :

880 1315 895 1375 —
946 1316 1061 1376 Quelle
1090 1316 1139 1376 est
1162 1319 1183 1379 la
1217 1321 1366 1381 maladie
1394 1324 1454 1384 qui
1471 1324 1560 1384 nous
1583 1324 1709 1384 affecte
1732 1324 1759 1384 le
1782 1326 1859 1386 plus
1887 1327 1914 1387 et
1937 1329 2002 1389 qui
2020 1330 2107 1390 nous

817 1366 979 1426 menace
1011 1366 1036 1426 le
1068 1366 1174 1426 plus?

880 1415 948 1475 Sur
971 1414 1072 1474 quoi,
1096 1414 1124 1474 la
1153 1414 1231 1474 voix
1260 1417 1299 1477 de
1329 1420 1543 1480 Schnitzler,
1567 1420 1606 1480 au
1635 1423 1719 1483 fond
1753 1423 1793 1483 de
1822 1425 1849 1485 la
1878 1426 1963 1486 salle
1992 1426 2002 1486 :

885 1468 890 1528 —
944 1465 990 1525 La
1019 1462 1171 1522 maladie
1201 1465 1241 1525 du
1271 1468 1451 1528 sommeil,
1475 1471 1655 1531 monsieur
1668 1475 1679 1535 !

988 2540 1344 2600 OBSI

1396 2542 1704 2602 RVER

1076 2596 1098 2656 I.
1112 2596 1232 2656 österr.
1241 2596 1393 2656 behördl.
1407 2599 1712 2659 konzessioniertes

1027 2637 1262 2697 Unternehmen
1294 2638 1342 2698 für
1365 2641 1755 2701 Zeitungs-Ausschnitte

1081 2698 1227 2758 WIEN,
1255 2701 1301 2761 I.,
1328 2701 1616 2761 WOLLZEILE
1663 2704 1709 2764 11

1180 2751 1393 2811 TELEPHON
1431 2752 1607 2812 R-23-0-43

975 2890 1208 2950 Auszchnitt
1237 2893 1331 2953 aus:

925 3015 1163 3075 Schönere
1217 3015 1466 3075 Zikunft,
1479 3015 1633 3075 Wien.

982 3116 1102 3176 vom:

1274 3127 1572 3187 24.1.1932

760 3259 1206 3319 Religionswissenschaft“.—
1233 3259 1301 3319 Dr.
1310 3259 1369 3319 W.
1379 3259 1439 3319 K.,
1458 3257 1568 3317 Wien.
1587 3255 1637 3315 Die
1664 3255 1680 3315 in
1707 3253 1835 3313 unserer
1853 3253 2033 3313 Mitteilung

756 3307 804 3367 vom
845 3310 893 3370 22.
907 3307 1097 3367 November
1120 3304 1190 3364 1931
1209 3301 1421 3361 angeführten
1448 3301 1629 3361 Umstände
1652 3301 1727 3361 über
1745 3301 1802 3361 den
1825 3303 2037 3363 Beweggrund

752 3352 810 3412 des
839 3349 1076 3409 Selbstmordes
1106 3349 1159 3409 der
1189 3346 1330 3406 Tochter
1359 3346 1418 3406 des
1447 3346 1680 3406 verstorbenen
1714 3346 1838 3406 Arthur
1868 3346 2046 3406 Schnitzler

748 3399 834 3459 sind,
853 3397 907 3457 wie
931 3396 989 3456 uns
1013 3394 1071 3454 von
1099 3394 1154 3454 dem
1196 3391 1327 3451 Anwalt
1351 3391 1405 3451 der
1428 3391 1574 3451 l'amilie,
1593 3391 1693 3451 Ierrn
1721 3390 1780 3450 Dr.
1798 3391 2049 3451 Norbert-

759 3445 866 3505 mann,
888 3442 1054 3502 verläßlich
1085 3441 1260 3501 mitgeteilt
1287 3439 1410 3499 wurde,
1432 3439 1607 3499 unrichtig,
1625 3437 1685 3497 was
1711 3439 1766 3499 wir
1788 3436 1903 3496 hiemit
1925 3436 2045 3496 loyaler

762 3488 861 3548 Weise
886 3486 1085 3546 feststellen.
