3392 4256
259 277 376 337 12.
437 286 1030 346 Schnitzler's
1101 291 1327 351 Death

225 1625 312 1685 stigen

368 1626 416 1686 für
441 1629 527 1689 einen
558 1634 717 1694 Menschen
755 1634 865 1694 getan,
884 1637 969 1697 wenn
1007 1640 1073 1700 man
1105 1640 1203 1700 nichts
1234 1643 1295 1703 tat,
1314 1644 1362 1704 als
1388 1646 1436 1706 ihn
1467 1646 1491 1706 in

253 1673 316 1733 mit
363 1676 409 1736 die
438 1679 525 1739 Welt
549 1680 577 1740 zu
612 1680 722 1740 setzen.

214 1717 238 1777 r
264 1718 313 1778 die

394 1724 439 1784 In
475 1736 573 1796 dieser
602 1741 694 1801 Ethik
730 1742 810 1802 eines
845 1744 937 1804 stets,
961 1745 1030 1805 auch
1065 1747 1088 1807 in
1129 1748 1244 1808 Rausch
1285 1750 1348 1810 und
1389 1752 1504 1812 Extase

351 1785 546 1845 überwachen
587 1787 703 1847 Geistes
738 1791 890 1851 schwankt
920 1792 983 1852 und
1018 1795 1130 1855 gleitet
1160 1796 1223 1856 nun
1263 1798 1385 1858 einmal
1415 1801 1507 1861 alles.

223 1817 320 1877 raus.

357 1833 416 1893 „Es
447 1834 557 1894 fließen
592 1838 788 1898 ineinander
819 1840 924 1900 Traum
975 1840 1035 1900 und
1071 1843 1215 1903 Wachen,
1247 1848 1412 1908 Wahrheit
1438 1848 1497 1908 und

222 1881 309 1941 Arme

358 1879 452 1939 Lüge.
485 1884 663 1944 Sicherheit
696 1885 732 1945 ist
760 1888 944 1948 nirgends.“
987 1888 1033 1948 So
1071 1891 1182 1951 spricht
1214 1894 1240 1954 in
1277 1895 1424 1955 berühmt
1452 1896 1504 1956 ge¬

209 1928 312 1988 schen?

350 1927 515 1987 wordenen
556 1932 666 1992 Versen
707 1935 888 1995 Schnitzlers
923 1936 1119 1996 Paracelsus
1156 1939 1215 1999 und
1251 1941 1281 2001 er
1311 1941 1402 2001 fährt
1427 1944 1512 2004 fort,

218 1976 316 2036 stüm,

350 1974 406 2034 das
437 1977 529 2037 große
556 1977 627 2037 Lied
659 1978 710 2038 von
746 1980 797 2040 der
823 1982 1024 2042 Einsamkeit
1045 1985 1096 2045 der
1127 1987 1286 2047 Menschen
1323 1989 1348 2049 zu
1385 1991 1502 2051 singen.

223 2023 291 2083 piel

355 2022 439 2082 „Wir
465 2024 565 2084 wissen
596 2025 690 2085 nichts
721 2027 776 2087 von
807 2031 947 2091 andern,
967 2034 1062 2094 nichts
1088 2034 1143 2094 von
1178 2035 1258 2095 uns.
1289 2036 1354 2096 Wir
1379 2039 1489 2099 spielen

214 2070 311 2130 wort:

351 2070 480 2130 immer.
508 2072 578 2132 Wer
605 2076 637 2136 es
665 2078 761 2138 weiß,
778 2079 816 2139 ist
838 2079 924 2139 klug.

386 2138 455 2198 Das
483 2139 580 2199 Leben
619 2141 661 2201 ein
694 2142 808 2202 Spiel.
868 2147 1057 2207 Irrealität
1095 2149 1241 2209 überall,
1274 2151 1328 2211 wie
1372 2153 1398 2213 in
1448 2153 1501 2213 der

213 2165 306 2225 eilich

348 2186 618 2246 Meisterkomödie
654 2190 708 2250 vom
759 2192 909 2252 „Grünen
945 2195 1115 2255 Kakadu“,
1151 2198 1175 2258 im
1231 2199 1496 2259 Durcheinander

218 2213 305 2273 tziger

347 2231 396 2291 der
426 2234 587 2294 Feudalen
627 2237 686 2297 und
716 2238 927 2298 Verbrecher,
957 2243 985 2303 im
1040 2243 1148 2303 lauten
1198 2246 1404 2306 Maskenball
1443 2247 1501 2307 un¬

234 2261 303 2321 und

344 2280 509 2340 mittelbar
540 2281 600 2341 vor
630 2284 680 2344 dem
727 2285 851 2345 Sausen
887 2289 937 2349 der
973 2290 1169 2350 Guillotine.
1205 2291 1270 2351 Die
1295 2294 1431 2354 Illusion
1467 2294 1501 2354 ist

204 2307 310 2367 wität,

355 2326 470 2386 Arthur
503 2331 671 2391 Schnitzler
709 2332 772 2392 nun
815 2336 952 2396 einmal,
979 2338 1078 2398 hierin
1121 2338 1190 2398 mag
1227 2341 1258 2401 er
1291 2341 1343 2401 als
1376 2343 1496 2403 Ibsens

206 2355 306 2415 Nysie-

348 2377 540 2437 Widerspiel
563 2380 687 2440 gelten,
711 2383 875 2443 bequemer
904 2386 954 2446 als
983 2386 1028 2446 die
1063 2388 1244 2448 Wahrheit.

206 2403 306 2463 uäler

202 2447 240 2507 sie
271 2451 302 2511 so

385 2442 470 2502 Weil
493 2443 524 2503 er
552 2444 632 2504 seine
660 2448 800 2508 Grenzen
833 2449 891 2509 mit
914 2452 1015 2512 feinem
1059 2453 1134 2513 Takt
1156 2456 1366 2516 wahrnahm,
1383 2458 1436 2518 hat
1459 2458 1490 2518 er

200 2497 299 2557 pnose

342 2490 388 2550 sich
424 2491 552 2551 deshalb
589 2493 686 2553 lieber
723 2495 774 2555 das
811 2499 934 2559 Lächeln
976 2499 1022 2559 als
1059 2500 1109 2560 den
1151 2502 1279 2562 Schrei,
1306 2505 1403 2565 lieber
1435 2505 1491 2565 das

203 2545 300 2605 genes

344 2539 496 2599 Gefällige
528 2541 575 2601 als
607 2541 659 2601 das
686 2543 828 2603 Dumpfe
855 2547 907 2607 zum
950 2548 1018 2608 Ziel
1045 2549 1165 2609 gesetzt.
1197 2551 1281 2611 Aber
1308 2553 1418 2613 gerade
1445 2553 1492 2613 die

347 2586 460 2646 Grazie
493 2586 563 2646 läßt
590 2589 671 2649 seine
704 2591 795 2651 Ethik
828 2592 882 2652 der
915 2595 1017 2655 Milde
1050 2597 1082 2657 so
1115 2597 1320 2657 eindringlich
1358 2601 1498 2661 werden.

345 2632 444 2692 Güte,
461 2635 539 2695 nicht
561 2635 692 2695 Gnade!
725 2639 771 2699 So
798 2640 882 2700 heißt
909 2640 988 2700 seine
1015 2643 1226 2703 Forderung,
1247 2646 1305 2706 und
1332 2649 1415 2709 einer
1442 2649 1489 2709 der

205 2657 287 2717 eichen

344 2681 474 2741 Aerzte,
494 2681 585 2741 denen
620 2684 650 2744 er
681 2685 706 2745 so
732 2687 801 2747 gern
837 2688 892 2748 das
923 2688 1014 2748 Wort
1039 2690 1089 2750 des
1125 2693 1351 2753 Räisonneurs
1382 2696 1407 2756 in
1437 2696 1487 2756 den

217 2705 293 2765 wird

350 2727 444 2787 Mund
482 2731 566 2791 legt,
593 2732 740 2792 entlastet
773 2733 841 2793 eine
873 2735 930 2795 vom
978 2738 1131 2798 Gewissen
1174 2743 1316 2803 geplagte
1348 2744 1485 2804 Ehefrau

202 2753 297 2813 denke

342 2775 398 2835 mit
433 2777 483 2837 dem
535 2780 682 2840 köstlichen
722 2783 869 2843 Spruch:
898 2786 1044 2846 Glücklich
1085 2789 1197 2849 machen
1243 2789 1276 2849 ist
1311 2792 1407 2852 besser
1441 2792 1492 2852 als

207 2802 299 2862 willst

345 2825 496 2885 schuldlos
525 2826 608 2886 sein.

196 2849 304 2909 sandt,

382 2896 476 2956 Wenn
514 2898 640 2958 einmal
668 2899 720 2959 der
752 2902 846 2962 große
874 2902 1011 2962 deutsche
1043 2906 1339 2966 Komödiendichter
1371 2910 1497 2970 ersteht,

339 2944 364 3004 so
401 2942 457 3002 hat
488 2944 544 3004 für
581 2947 637 3007 sein
679 2947 823 3007 Schaffen
865 2950 1015 3010 niemand
1052 2953 1237 3013 wirksamer
1274 2956 1319 3016 die
1356 2959 1490 3019 deutsche

336 2995 606 3055 Bühnensprache
634 2998 817 3058 beschwingt
845 2999 893 3059 als
921 3000 1045 3060 Arthur
1073 3003 1261 3063 Schnitzler.

385 3060 447 3120 Als
470 3062 509 3122 ich
532 3063 583 3123 den
617 3066 758 3126 Dichter,
776 3066 798 3126 im
838 3069 1002 3129 vorletzten
1031 3072 1200 3132 Sommer,
1217 3075 1324 3135 zuletzt
1347 3078 1432 3138 traf,
1444 3078 1471 3138 im

222 3105 284 3165 Weg

342 3111 510 3171 Engadin,
532 3114 632 3174 sprach
664 3114 690 3174 er
722 3116 779 3176 mit
806 3117 981 3177 lächelnder
1013 3121 1139 3181 Skepsis
1171 3122 1223 3182 von
1261 3123 1308 3183 den
1345 3126 1477 3186 Aerzten

213 3152 302 3212 aus¬

344 3157 401 3217 und
439 3159 481 3219 die
508 3162 681 3222 Berufung
714 3162 771 3222 auf
798 3165 882 3225 seine
914 3165 1020 3225 eigene
1052 3170 1347 3230 Medizinerwürde
1379 3174 1484 3234 lehnte

189 3198 288 3258 beiden

341 3204 371 3264 er
398 3207 443 3267 als
470 3210 618 3270 verjährt
640 3210 691 3270 ab.
717 3210 788 3270 Nun
820 3213 876 3273 hat
897 3213 944 3273 die
970 3216 1067 3276 Kunst
1094 3216 1145 3276 der
1171 3219 1284 3279 Aerzte
1305 3219 1340 3279 an
1372 3222 1469 3282 diesem

193 3247 302 3307 dern,

341 3254 523 3314 wertvollen
562 3257 655 3317 Leben
695 3260 842 3320 versagt.
877 3261 955 3321 Noch
995 3263 1019 3323 im
1069 3263 1161 3323 Alter
1197 3266 1274 3326 nahm
1324 3269 1353 3329 es
1393 3269 1476 3329 einen

189 3293 228 3353 die
263 3296 296 3356 er

341 3299 459 3359 frischen
498 3300 714 3360 Aufschwung
747 3304 774 3364 in
812 3302 904 3362 einer
931 3305 1028 3365 neuen
1067 3307 1153 3367 Form
1202 3308 1256 3368 der
1283 3314 1494 3374 Erzählung,

189 3341 222 3401 en
255 3344 295 3404 sie

339 3347 364 3407 in
395 3347 446 3407 den
473 3350 719 3410 monologischen
751 3351 895 3411 Novellen
927 3353 978 3413 vom
1019 3356 1184 3416 Leutnant
1205 3357 1312 3417 Gustel
1334 3359 1395 3419 und
1421 3361 1472 3421 von

198 3389 283 3449 ihren

339 3395 485 3455 Fräulein
520 3397 610 3457 Else.
644 3397 711 3457 Mit
740 3399 835 3459 diesen
870 3402 1039 3462 wirklichen
1073 3404 1361 3464 Selbstgesprächen
1401 3410 1479 3470 ohne

196 3437 291 3497 „Ein¬

348 3442 494 3502 Publikum
534 3444 590 3504 hat
619 3445 782 3505 Schnitzler
811 3446 861 3506 sich
890 3448 912 3508 in
946 3448 996 3508 die
1025 3448 1137 3508 Reihen
1172 3451 1256 3511 einer
1291 3454 1386 3514 neuen
1415 3456 1482 3516 Ge¬

207 3484 287 3544 Herr

335 3491 482 3551 neration
514 3493 646 3553 gestellt,
663 3493 753 3553 deren
785 3493 890 3553 Wesen
923 3496 980 3556 sein
1012 3498 1091 3558 Herr
1119 3499 1171 3559 von
1203 3499 1287 3559 Sala
1314 3501 1377 3561 beim
1420 3500 1483 3560 Ab¬

192 3533 287 3593 wenig

335 3539 419 3599 schied
451 3539 503 3599 von
531 3541 583 3601 der
604 3541 683 3601 Welt
704 3544 921 3604 prophezeite:
943 3545 1037 3605 Mehr
1053 3550 1216 3610 Haltung,
1228 3550 1365 3610 weniger
1386 3552 1480 3612 Geist!

1557 297 1682 357 box
1761 303 1949 363 42/7

2064 1605 2159 1665 Wenn
2190 1608 2363 1668 Schnitzler
2400 1611 2478 1671 diese
2515 1613 2695 1673 kommende
2726 1616 2858 1676 Jugend
2901 1617 2942 1677 ein
2973 1621 3123 1681 „besseres
3154 1620 3213 1680 Ge¬

2066 1652 2200 1712 schlecht“
2233 1657 2358 1717 nennt,
2380 1658 2406 1718 so
2439 1658 2547 1718 wußle
2574 1662 2666 1722 selbst
2694 1664 2742 1724 er,
2764 1664 2817 1724 der
2850 1666 3034 1726 Skeptiker,
3056 1667 3110 1727 daß
3148 1669 3207 1729 sein

2062 1700 2192 1760 eigenes
2226 1700 2316 1760 Werk
2351 1704 2446 1764 gewiß
2486 1705 2565 1765 nicht
2594 1707 2661 1767 bloß
2701 1708 2751 1768 vom
2797 1711 2887 1771 Geist
2916 1714 3068 1774 gesegnet
3097 1714 3215 1774 werde,

2065 1744 2152 1804 Denn
2197 1750 2262 1810 was
2302 1750 2373 1810 kann
2423 1753 2511 1813 mehr
2545 1755 2688 1815 Haltung
2733 1759 2909 1819 verraten,
2937 1762 2981 1822 als
3026 1762 3119 1822 grade
3158 1763 3207 1823 der

2064 1792 2183 1852 Spruch
2216 1796 2313 1856 seines
2347 1801 2520 1861 Kavaliers
2553 1803 2656 1863 Sala:
2684 1804 2786 1864 „Gibt
2808 1807 2841 1867 es
2874 1808 2960 1868 einen
2993 1810 3204 1870 anständigen

2061 1843 2250 1903 Menschen,
2272 1846 2321 1906 der
2348 1848 2375 1908 in
2402 1849 2607 1909 irgendeiner
2635 1853 2726 1913 guten
2759 1855 2889 1915 Stunde
2917 1856 2943 1916 in
2971 1857 3089 1917 tiefster
3117 1861 3208 1921 Seele

2063 1891 2094 1951 an
2132 1894 2227 1954 etwas
2259 1896 2396 1956 anderes
2428 1896 2518 1956 denkt
2545 1899 2592 1959 als
2619 1899 2650 1959 an
2682 1902 2735 1962 das
2767 1902 2951 1962 Sterben?“

2102 1956 2231 2016 Arthur
2255 1958 2443 2018 Schnitzlers
2480 1960 2585 2020 Leser,
2604 1962 2727 2022 Arthur
2757 1967 2945 2027 Schnitzlers
2982 1968 3175 2028 Verehrer¬

2063 2002 2115 2062 das
2148 2004 2179 2064 ist
2211 2004 2279 2064 ein
2322 2006 2454 2066 Begriff
2475 2004 2491 2064 —
2544 2011 2686 2071 werden,
2703 2010 2787 2070 wenn
2824 2015 2855 2075 sie
2882 2017 2982 2077 Salas
3009 2019 3204 2079 Forderung

2056 2050 2214 2110 erfüllen,
2236 2052 2288 2112 des
2315 2053 2415 2113 Toten
2448 2057 2622 2117 gedenken.
2659 2061 2754 2121 Denn
2792 2061 2844 2121 das
2871 2064 2998 2124 Denken
3035 2064 3067 2124 an
3099 2067 3199 2127 diesen

2056 2097 2182 2157 Dichter
2217 2099 2293 2159 wird
2327 2099 2421 2159 ihnen
2454 2102 2492 2162 am
2537 2105 2725 2165 deutlichsten
2765 2111 2892 2171 zeigen,
2920 2112 2974 2172 daß
3008 2114 3096 2174 ihnen
3136 2116 3201 2176 eine

2054 2149 2126 2209 gute
2157 2150 2289 2210 Stunde
2314 2150 2446 2210 beschert
2471 2155 2524 2215 ist.

2766 2162 2928 2222 Monty
2960 2165 3154 2225 Jacgks.
