3344 4352
155 325 231 385 2.
290 327 675 387 Schnitzl

824 326 1184 386 sDeatl

718 1197 782 1257 vom

159 1213 244 1273 nitt

678 1332 794 1392 .........

647 1455 719 1515 ...

170 1635 482 1695 Münchener
517 1628 719 1688 Zeitung

210 1765 306 1825 Wite
326 1762 428 1822 benchsen
448 1761 486 1821 Sia
506 1759 544 1819 ale
558 1756 692 1816 Allchselel

214 2025 484 2085 Arthur
537 2018 956 2078 Schnitzler.

160 2094 231 2154 Wir
268 2094 364 2154 haben
406 2091 616 2151 verschiedene
653 2088 750 2148 Arten
797 2086 847 2146 der
884 2085 1063 2145 Literatur¬

142 2136 309 2196 rachtung,
348 2134 397 2194 die
447 2133 515 2193 rein
569 2130 755 2190 ästhetische,
800 2130 848 2190 die
898 2127 1049 2187 ästhetisch

135 2177 286 2237 pralische,
316 2176 360 2236 die
400 2171 805 2231 historisch-biographische
855 2168 918 2228 und
967 2168 1055 2228 deren

129 2218 273 2278 bielarten
301 2216 310 2276 —
357 2216 431 2276 allen
464 2215 548 2275 mehr
572 2213 646 2273 oder
669 2211 795 2271 minder
818 2209 995 2269 gemeinsam
1033 2207 1069 2267 ist

162 2258 430 2318 stillschweigende
464 2253 746 2313 Voraussetzung,
771 2252 823 2312 daß
857 2252 909 2312 der
943 2250 1067 2310 Dichter

135 2302 227 2362 dsein
256 2300 344 2360 Werk
363 2299 460 2359 etwas
489 2297 544 2357 vom
577 2297 674 2357 Leben
703 2294 968 2354 Abtrennbares,
982 2291 1070 2351 Für¬

144 2341 482 2401 zu=Betrachtendes,
507 2338 556 2398 ein
600 2336 674 2396 (sehr
709 2336 826 2396 hohes,
852 2335 920 2395 sehr
954 2333 1071 2393 beacht¬

133 2384 201 2444 hes)
222 2383 408 2443 Phänomen
438 2380 512 2440 vom
556 2379 704 2439 Rande
729 2377 797 2437 des
827 2374 994 2434 Lebens
1024 2374 1077 2434 sei,

135 2425 238 2485 sman
268 2425 321 2485 wie
346 2423 414 2483 eine
435 2422 557 2482 Blume
578 2419 734 2479 pflücken,
749 2419 799 2479 ins
824 2416 946 2476 Wasser
966 2416 1064 2476 stellen

129 2467 148 2527 d
178 2467 295 2527 endlich
330 2468 516 2528 wegwerfen
556 2464 673 2524 könne,
693 2463 811 2523 wosern
851 2459 879 2519 es
914 2458 992 2518 welk
1017 2458 1070 2518 ge¬

131 2509 240 2569 orden.

163 2556 260 2616 Dank
286 2554 384 2614 dieser
416 2550 679 2610 Voraussetzung
710 2548 777 2608 gibt
804 2546 834 2606 es
871 2544 917 2604 die
949 2545 1067 2605 einzige

129 2595 484 2655 teraturbetrachtung,
508 2593 556 2653 die
590 2590 719 2650 unserem
768 2588 864 2648 Leben
902 2586 1075 2646 unmittel¬

127 2646 146 2706 r
166 2637 390 2697 zugutekäme,
405 2636 505 2696 nicht:
520 2634 697 2694 diejenige,
712 2631 817 2691 welche
841 2628 994 2688 Dichtung
1018 2627 1066 2687 als

124 2682 372 2742 tatsächlichen
406 2676 525 2736 Lebens
559 2673 692 2733 obersten
736 2670 802 2730 (und
832 2670 979 2730 gleichsam
1023 2665 1070 2725 ge¬

135 2724 321 2784 windesten)
340 2718 414 2778 Teil
433 2718 572 2778 begreift
591 2716 600 2776 —
642 2713 828 2773 desjenigen
857 2710 996 2770 Lebens,
1015 2709 1066 2769 das

130 2762 134 2822 h
164 2762 297 2822 hernach
331 2761 359 2821 in
398 2759 632 2819 Pfundstürzen
671 2756 733 2816 und
767 2753 957 2813 dergleichen
996 2750 1063 2810 bloß

129 2804 384 2864 obschlächtiger,
414 2801 468 2861 dem
523 2800 636 2860 Sinne
676 2798 744 2858 nach
789 2795 862 2855 aber
892 2795 1005 2855 gleich,
1035 2793 1064 2853 zu

133 2849 210 2909 ßern
241 2846 360 2906 pflegt.

169 2891 257 2951 Hätte
293 2889 361 2949 man
396 2886 529 2946 Arthur
559 2885 751 2945 Schnitzlers
786 2882 884 2942 Werk
914 2879 973 2939 vor
1003 2878 1057 2938 dem

127 2932 182 2992 rieg
216 2932 243 2992 in
276 2931 327 2991 der
355 2929 481 2989 wahren
518 2927 709 2987 Bedeutung
738 2924 788 2984 des
821 2924 951 2984 Wortes
980 2921 1077 2981 „sach¬

117 2966 157 3026 h“
180 2973 393 3033 genommen,
412 2971 476 3031 man
508 2968 589 3028 hätte
617 2967 734 3027 daraus
763 2965 812 3025 des
840 2963 921 3023 alten
949 2962 1080 3022 Oester¬

132 3019 181 3079 ichs
218 3015 408 3075 Untergang
440 3013 466 3073 so
494 3011 657 3071 eindeutig
694 3007 720 3067 zu
757 3006 879 3066 folgern
916 3001 1074 3061 vermocht

122 3060 149 3120 sie
176 3058 235 3118 aus
272 3055 326 3115 dem
372 3052 549 3112 Vibrieren
585 3050 671 3110 eines
708 3047 989 3107 Seismographen
1026 3046 1075 3106 die

123 3099 346 3159 atsächlichkeit
369 3095 457 3155 eines
490 3092 675 3152 Erdbebens
709 3088 736 3148 in
769 3087 861 3147 10000
894 3085 1070 3145 Kilometer

118 3141 318 3201 sutfernung.
366 3135 468 3195 Wenn
510 3134 566 3194 das
609 3132 673 3192 hier
711 3130 767 3190 von
814 3128 987 3188 Schnitzler
1024 3125 1080 3185 be¬

124 3182 223 3242 auptet
251 3180 350 3240 wird,
370 3179 396 3239 so
429 3176 523 3236 nicht,
546 3174 624 3234 weil
651 3174 719 3234 man
756 3171 787 3231 es
819 3171 901 3231 nur
933 3168 969 3228 an
1001 3168 1082 3228 ihm,

128 3222 220 3282 ndern
252 3222 383 3282 sogar
410 3219 445 3279 an
481 3218 529 3278 ihm
573 3216 692 3276 ablesen
728 3213 842 3273 konnte
873 3209 881 3269 —
930 3208 965 3268 an
1001 3210 1080 3270 ihm,

124 3270 147 3330 zer
171 3267 254 3327 nicht
278 3264 305 3324 in
338 3263 389 3323 der
418 3258 510 3318 ersten
549 3258 646 3318 Reihe
675 3255 776 3315 stand,
800 3253 865 3313 was
894 3252 944 3312 den
983 3252 1070 3312 Rang

128 3309 234 3369 etrifft.
276 3303 369 3363 Denn
407 3303 532 3363 nimmt
560 3302 630 3362 man
668 3298 825 3358 Dichtung
864 3295 923 3355 erst
952 3292 1077 3352 einmal

127 3351 208 3411 jeder
238 3347 266 3407 in
305 3347 353 3407 dem
402 3343 604 3403 geforderten
643 3341 739 3401 Maße
774 3338 869 3398 ernst,
894 3335 1005 3395 ergibt
1034 3335 1077 3395 sich

132 3390 286 3450 lgendes:
306 3389 392 3449 was,
407 3386 536 3446 isoliert
561 3383 744 3443 betrachtet,
759 3380 806 3440 als
836 3380 903 3440 eine
927 3377 1076 3437 Neigung

122 3434 156 3494 nd
187 3431 347 3491 Schwäche
379 3428 433 3488 des
469 3427 615 3487 Dichters
651 3424 801 3484 erscheint
837 3422 897 3482 („er
928 3419 983 3479 hat
1008 3418 1078 3478 halt

127 3478 160 3538 ne
189 3473 304 3533 Faible
333 3473 381 3533 für
410 3467 900 3527 Untergangsstimmungen"),
920 3460 972 3520 das
1002 3460 1073 3520 eben

158 3517 215 3577 sein
244 3515 430 3575 Ansprechen
460 3512 517 3572 auf
532 3512 579 3572 die
599 3509 675 3569 Zeit
694 3508 751 3568 und
776 3504 871 3564 somit
891 3500 900 3560 —
938 3501 991 3561 für
1010 3503 1072 3563 uns

153 3559 195 3619 ein
229 3556 396 3616 drängend
425 3553 582 3613 wichtiger
612 3550 688 3610 Teil
712 3547 812 3607 seiner
841 3541 993 3601 Mission,
1013 3540 1075 3600 wo¬

135 3598 148 3658 i
172 3598 218 3658 die
247 3596 372 3656 Frage,
392 3594 536 3654 wieweit
559 3590 615 3650 der
644 3590 769 3650 Dichter
802 3586 1082 3646 leidvoll=lustvoll

129 3640 210 3700 ilhat
239 3640 272 3700 an
306 3637 406 3697 seiner
440 3636 541 3696 Welt,
565 3634 665 3694 längst
694 3632 776 3692 nicht
800 3630 886 3690 mehr
920 3628 963 3688 die
992 3627 1078 3687 wich¬

132 3686 181 3746 gste
207 3682 301 3742 Rolle
327 3679 435 3739 spielt.

169 3718 240 3778 Vor
277 3720 399 3780 einigen
445 3718 553 3778 Tagen
590 3715 698 3775 wurde
735 3715 762 3775 in
808 3712 961 3772 München
1020 3712 1070 3772 ein

122 3764 267 3824 nalisches
308 3760 466 3820 Lustspiel
498 3758 770 3818 erstaufgeführt,
797 3756 892 3816 dessen
938 3753 1073 3813 Summe

122 3807 188 3867 leich
219 3805 267 3865 der
294 3802 497 3862 Feststellung
528 3801 616 3861 war:
652 3799 683 3859 in
714 3798 846 3858 unserer
873 3795 1071 3855 moralischen

118 3849 180 3909 also
209 3849 281 3909 auch
315 3846 343 3906 in
377 3844 511 3904 unserer
541 3842 771 3902 tatsächlichen)
800 3840 891 3900 Welt
920 3837 953 3897 ist
983 3837 1078 3897 nichts

1411 321 1532 381 box
1609 326 1790 386 43/3

1121 1946 1209 2006 mehr
1239 1942 1297 2002 von
1337 1941 1494 2001 Bestand.
1534 1937 1592 1997 Ein
1632 1936 1744 1996 Werk,
1784 1935 1882 1995 dessen
1921 1932 2093 1992 ästhetische

1121 1986 1317 2046 Qualitäten
1356 1984 1432 2044 nicht
1462 1981 1509 2041 die
1539 1980 1668 2040 höchsten
1707 1977 1783 2037 sind,
1808 1975 1860 2035 hat
1889 1974 1989 2034 damit
2019 1971 2095 2031 ohne

1125 2030 1186 2090 jede
1212 2026 1386 2086 lehrhafte,
1402 2024 1474 2084 eher
1495 2024 1520 2084 in
1552 2022 1715 2082 lusthafter
1742 2017 1859 2077 Absicht
1891 2014 1957 2074 eine
1984 2013 2096 2073 Wahr¬

1123 2070 1183 2130 heit
1207 2069 1262 2129 vor
1291 2068 1351 2128 uns
1381 2066 1572 2126 hingestellt,
1586 2064 1633 2124 die
1657 2060 1708 2120 für
1732 2058 1792 2118 uns
1821 2058 1867 2118 die
1891 2055 2096 2115 drängendste

1121 2114 1184 2174 und
1221 2113 1401 2173 wichtigste,
1428 2105 1819 2165 zukunftentscheidendste
1852 2100 2015 2160 geworden
2053 2098 2105 2158 ist.

1196 2165 1290 2225 Hätte
1321 2167 1386 2227 man
1417 2163 1476 2223 aus
1507 2160 1692 2220 Schnitzlers
1723 2157 1833 2217 Werk,
1854 2156 1903 2216 das
1934 2153 1984 2213 der
2009 2152 2094 2212 Vor¬

1123 2210 1296 2270 kriegszeit
1345 2207 1374 2267 in
1430 2204 1517 2264 jeder
1548 2202 1651 2262 Weise
1676 2199 1854 2259 angehört,
1899 2195 2017 2255 ähnlich
2052 2192 2100 2252 die

1121 2250 1260 2310 Summe
1285 2250 1317 2310 zu
1346 2247 1453 2307 ziehen
1487 2243 1613 2303 gehabt,
1637 2242 1659 2302 so
1688 2240 1772 2300 hätte
1801 2240 1866 2300 man
1899 2237 1974 2297 etwa
2007 2234 2091 2294 sagen

1121 2293 1259 2353 müssen:
1298 2290 1326 2350 in
1355 2288 1446 2348 jener
1470 2286 1555 2346 Welt
1580 2286 1608 2346 zu
1638 2284 1723 2344 leben
1767 2282 1876 2342 lohnte
1901 2280 1977 2340 nicht
2001 2279 2101 2339 mehr.

1123 2335 1221 2395 Oder,
1240 2333 1277 2393 um
1315 2332 1347 2392 es
1377 2330 1446 2390 noch
1475 2330 1559 2390 mehr
1588 2329 1616 2389 im
1654 2327 1860 2387 Sprachgeist
1884 2323 1935 2383 der
1964 2321 2085 2381 Schnitz

1123 2375 1276 2435 ler=Welt
1302 2374 1563 2434 auszudrücken:
1608 2372 1667 2432 „es
1702 2368 1816 2428 stand
1846 2365 1954 2425 nicht
1985 2362 2097 2422 mehr

1125 2418 1281 2478 dafür"

1198 2467 1267 2527 Und
1298 2467 1408 2527 warum
1450 2464 1550 2524 nicht?
1596 2461 1661 2521 Die
1682 2458 1838 2518 Antwort
1869 2455 1994 2515 enthält
2015 2455 2090 2515 schon

1124 2511 1178 2571 das
1209 2508 1365 2568 drohende
1396 2503 1633 2563 Strafgericht:
1669 2503 1749 2563 weil
1775 2503 1810 2563 sie
1836 2501 1880 2561 sich
1911 2500 2002 2560 völlig
2032 2500 2082 2560 dem

1126 2550 1275 2610 Genuß
1309 2547 1573 2607 überantwortet
1597 2543 1697 2603 hatte.

1198 2601 1390 2661 Schnitzlers
1446 2597 1613 2657 Menschen
1669 2592 1735 2652 sind
1781 2592 1994 2652 Genießende
2045 2589 2100 2649 des

1125 2643 1246 2703 Lebens
1275 2641 1288 2701 —
1340 2640 1409 2700 man
1442 2639 1530 2699 sollte
1559 2637 1708 2697 meinen,
1732 2634 1806 2694 diese
1839 2634 2015 2694 Liebhaber
2044 2631 2095 2691 des

1126 2685 1268 2745 schönen,
1293 2682 1470 2742 sorglosen,
1495 2679 1710 2739 reizerfüllten
1745 2679 1956 2739 Augenblicks
1991 2674 2094 2734 hätten

1121 2727 1174 2787 das
1213 2727 1333 2787 Höchste
1372 2724 1516 2784 erreicht,
1546 2721 1733 2781 dasjenige,
1763 2719 1801 2779 um
1850 2718 1907 2778 das
1946 2718 2013 2778 man
2052 2715 2100 2775 die

1129 2767 1241 2827 Götter
1269 2765 1433 2825 beneidete
1462 2760 1476 2820 —
1523 2762 1631 2822 woher
1678 2761 1757 2821 denn
1810 2759 1870 2819 nun
1927 2756 1987 2816 also
2035 2756 2109 2816 ihre

1127 2807 1302 2867 schreckliche
1358 2803 1589 2863 Melancholie,
1631 2801 1700 2861 ihre
1751 2801 1993 2861 Zweifelsucht,
2033 2798 2103 2858 ihre

1126 2849 1264 2909 geheime
1303 2846 1480 2906 Sehnsucht
1519 2845 1586 2905 nach
1630 2843 1850 2903 Untergang?
1903 2840 1951 2900 In
1999 2838 2085 2898 einem

1133 2890 1228 2950 seiner
1258 2890 1349 2950 besten
1388 2885 1555 2945 Einakter,
1580 2885 1603 2945 im
1652 2885 1801 2945 „Grünen
1840 2882 2007 2942 Kakadu",
2027 2881 2108 2941 schil¬

1124 2932 1191 2992 dert
1221 2930 1399 2990 Schnitzler
1433 2929 1481 2989 die
1515 2928 1737 2988 französischen
1776 2924 2017 2984 Aristokraten,
2046 2921 2104 2981 wie

1131 2977 1163 3037 sie
1196 2975 1243 3035 sich
1271 2971 1472 3031 Revolution
1510 2968 1687 3028 vorspielen
1725 2967 1818 3027 lassen
1856 2965 1916 3025 und
1955 2965 2010 3025 wie
2043 2964 2099 3024 aus

1134 3016 1181 3076 dem
1225 3015 1330 3075 Spiel
1360 3013 1576 3073 unversehens
1610 3010 1826 3070 Wirklichkeit
1856 3007 1956 3067 wird.

1208 3070 1293 3130 Nicht
1318 3068 1432 3128 anders
1461 3066 1514 3126 als
1543 3066 1567 3126 in
1601 3064 1696 3124 diesem
1739 3064 1902 3124 Gleichnis
1931 3062 1964 3122 ist
1989 3063 2021 3123 es
2051 3060 2103 3120 der

1136 3115 1228 3175 Welt,
1252 3112 1303 3172 der
1332 3109 1508 3169 Schnitzler
1537 3109 1616 3169 leid=
1644 3106 1704 3166 und
1738 3106 1873 3166 lustvoll
1892 3104 2032 3164 anhing,
2055 3101 2106 3161 er¬

1131 3154 1275 3214 gangen:
1321 3152 1376 3212 das
1413 3150 1475 3210 alte
1508 3147 1716 3207 Oesterreich,
1739 3147 1793 3207 das
1825 3147 1943 3207 andere
1980 3145 2102 3205 Dichter

1133 3196 1264 3256 größer,
1297 3195 1414 3255 andere
1451 3192 1678 3252 schmerzlicher
1715 3190 1918 3250 darzustellen
1965 3187 2109 3247 wußten,

1131 3240 1243 3300 zerfiel
1267 3238 1337 3298 nach
1365 3235 1453 3295 jenem
1496 3234 1659 3294 unsagbar
1683 3232 1828 3292 schönen,
1847 3231 1903 3291 von
1941 3228 2109 3288 rätselhaf¬

1131 3281 1178 3341 ter
1211 3279 1342 3339 Trauer
1376 3276 1601 3336 verhangenen
1640 3273 1771 3333 Herbst.
1813 3273 1879 3333 Die
1913 3268 2006 3328 Liebe
2044 3270 2109 3330 war

1133 3321 1242 3381 Genuß
1276 3321 1463 3381 geworden,
1487 3318 1544 3378 und
1573 3315 1620 3375 die
1649 3315 1797 3375 Männer
1831 3313 1893 3373 (bei
1913 3314 2103 3374 Schnitzler)

1134 3365 1320 3425 vermochten
1358 3362 1437 3422 nicht
1465 3360 1553 3420 mehr
1586 3356 1647 3416 mit
1671 3355 1722 3415 dem
1769 3355 1885 3415 Herzen
1923 3355 1955 3415 zu
1988 3353 2109 3413 lieben,

1136 3408 1193 3468 und
1227 3406 1274 3466 die
1303 3404 1432 3464 Frauen
1471 3399 1566 3459 gaben
1600 3399 1648 3459 sich
1682 3398 1854 3458 vergeblich
1888 3396 1945 3456 zum
1989 3395 2108 3455 Opfer.

1129 3447 1244 3507 Welche
1283 3446 1422 3506 panische
1462 3443 1562 3503 Stille
1596 3440 1653 3500 vor
1692 3440 1745 3500 dem
1799 3438 2096 3498 heranbrausenden

1136 3488 1420 3548 Schicksalswind!

1209 3538 1395 3598 Schnitzler,
1410 3535 1464 3595 das
1489 3534 1523 3594 ist
1538 3532 1640 3592 wahr,
1655 3530 1744 3590 erhob
1774 3529 1812 3589 sich
1837 3529 1935 3589 wenig
1960 3529 2038 3589 über
2058 3529 2102 3589 die

1139 3583 1218 3643 Zeit,
1237 3580 1284 3640 die
1308 3578 1340 3638 er
1364 3577 1519 3637 darstellte
1543 3571 1552 3631 —
1599 3571 1622 3631 so
1651 3571 1767 3631 wenig,
1787 3571 1843 3631 daß
1872 3571 1899 3631 er
1923 3569 1975 3629 ihr
1999 3568 2110 3628 nach¬

1132 3622 1227 3682 lebte,
1245 3622 1290 3682 als
1318 3619 1354 3679 sie
1378 3619 1454 3679 schon
1487 3613 1664 3673 „drunten“
1688 3611 1774 3671 war.
1806 3610 1851 3670 Er
1874 3610 1929 3670 gab
1956 3610 2001 3670 die
2025 3610 2106 3670 Ver¬

1133 3664 1228 3724 suche,
1262 3662 1300 3722 sie
1329 3660 1358 3720 im
1406 3658 1606 3718 eigentlichen
1645 3655 1755 3715 Sinne
1789 3653 1817 3713 zu
1856 3652 1989 3712 dichten,
2019 3652 2052 3712 d.
2076 3652 2109 3712 h.

1132 3706 1217 3766 durch
1245 3704 1340 3764 große
1368 3700 1454 3760 Form
1496 3698 1522 3758 zu
1555 3697 1691 3757 erlösen,
1714 3694 1828 3754 wieder
1856 3694 1910 3754 auf
1928 3694 1991 3754 und
2015 3694 2110 3754 über¬

1131 3746 1189 3806 ließ
1217 3745 1280 3805 sich,
1299 3744 1344 3804 ein
1372 3741 1558 3801 anmutiger
1586 3738 1645 3798 und
1669 3735 1937 3795 geschmackvoller
1960 3735 2110 3795 Impres¬

1137 3787 1252 3847 sionist,
1268 3786 1353 3846 ihrem
1394 3783 1490 3843 Reiz.
1520 3781 1590 3841 Das
1621 3779 1778 3839 bestimmt
1798 3777 1899 3837 seinen
1930 3777 2020 3837 Rang
2046 3777 2106 3837 und

1133 3831 1214 3891 wird
1242 3831 1339 3891 seinen
1372 3825 1501 3885 Werken
1535 3822 1577 3882 die
1605 3822 1718 3882 Dauer
1746 3821 1903 3881 weigern.

2230 1924 2309 1984 Aber
2335 1924 2420 1984 wenn
2451 1922 2506 1982 wir
2531 1924 2566 1984 an
2597 1924 2692 1984 seinem
2733 1924 2873 1984 Beispiel
2893 1924 2938 1984 die
2964 1921 3124 1981 Erkennt¬

2152 1968 2200 2028 nis
2234 1968 2357 2028 festigen
2397 1965 2454 2025 von
2493 1962 2545 2022 der
2579 1965 2799 2025 immanenten
2838 1963 3010 2023 Prophetie
3044 1962 3120 2022 aller

2153 2007 2323 2067 Dichtung,
2354 2004 2410 2064 von
2447 2004 2540 2064 ihrer
2571 2004 2793 2064 sachlichen
2830 2006 3031 2066 Wichtigkeit
3063 2001 3124 2061 (die

2153 2048 2227 2108 nicht
2253 2046 2479 2106 durchzusetzen
2510 2044 2545 2104 ist
2570 2045 2630 2105 mit
2657 2046 2736 2106 ihrem
2782 2046 2968 2106 ästhetischen
3004 2046 3129 2106 Rang),

2152 2088 2176 2148 so
2211 2089 2289 2149 wird
2324 2088 2388 2148 uns
2428 2087 2481 2147 das
2516 2085 2713 2145 hellhöriger
2748 2088 2861 2148 machen
2910 2085 2964 2145 für
3009 2085 3122 2145 unsere

2153 2130 2261 2190 eigene
2286 2128 2442 2188 Zukunft,
2462 2129 2507 2189 die
2532 2128 2644 2188 immer
2669 2127 2747 2187 schon
2777 2124 2801 2184 in
2832 2125 2880 2185 den
2910 2127 3037 2187 Werken
3072 2124 3121 2184 der

2148 2168 2407 2228 bevorstehenden
2451 2165 2523 2225 Zeit
2562 2168 2615 2228 als
2654 2167 2720 2227 eine
2755 2168 2894 2228 Ahnung
2928 2166 3024 2226 ruht,
3058 2164 3115 2224 aus

2152 2210 2247 2270 denen
2281 2210 2314 2270 sie
2343 2210 2395 2270 der
2424 2210 2519 2270 tätige
2548 2210 2638 2270 Wille
2663 2208 2839 2268 erkennend
2868 2207 3025 2267 befreien,
3049 2207 3120 2267 aber

2152 2253 2219 2313 auch
2248 2252 2482 2312 abwenden
2521 2252 2607 2312 mag,
2617 2252 2713 2312 sofern
2737 2250 2771 2310 sie
2790 2249 2967 2309 unheilvoll
2982 2249 3029 2309 ist.
3040 2246 3120 2306 Dies

2159 2296 2188 2356 ist
2214 2294 2263 2354 es,
2284 2294 2394 2354 wovon
2431 2291 2460 2351 es
2491 2291 2516 2351 im
2561 2291 2652 2351 Alten
2688 2291 2868 2351 Testament
2894 2291 2919 2351 so
2950 2291 2999 2351 oft
3025 2291 3125 2351 heißt;

2154 2337 2190 2397 sie
2218 2335 2323 2395 hörten
2360 2335 2439 2395 nicht
2461 2335 2519 2395 auf
2541 2335 2609 2395 ihre
2636 2333 2836 2393 Propheten.

2225 2392 2310 2452 Denn
2351 2389 2468 2449 immer
2499 2388 2615 2448 wieder
2656 2386 2828 2446 verweisen
2875 2383 2920 2443 die
2956 2386 3118 2446 Menschen

2149 2434 2199 2494 das
2235 2431 2427 2491 „zwecklose"
2458 2431 2559 2491 Spiel
2585 2428 2635 2488 der
2667 2428 2839 2488 Phantasie
2870 2428 2905 2488 an
2941 2428 2991 2488 den
3027 2425 3123 2485 Rand

2159 2475 2202 2535 des
2236 2473 2374 2533 Lebens.
2413 2470 2485 2530 Und
2519 2470 2585 2530 was
2613 2470 2651 2530 sie
2680 2470 2734 2530 für
2763 2469 2884 2529 unnütz
2907 2470 3028 2530 halten,
3051 2467 3123 2527 ver¬

2158 2516 2261 2576 mögen
2289 2518 2327 2578 sie
2355 2515 2436 2575 nicht
2464 2515 2551 2575 mehr
2579 2514 2605 2574 zu
2639 2512 2763 2572 nützen.

2745 2556 2891 2616 Hanns
2917 2555 3088 2615 Braun.

2243 2647 2300 2707 Auf
2327 2646 2372 2706 dem
2412 2644 2664 2704 Zentralfriedhof
2692 2642 2717 2702 in
2744 2640 2854 2700 Wien
2887 2640 2984 2700 wurde
3017 2641 3114 2701 gestern

2154 2691 2253 2751 mittag
2284 2688 2415 2748 Artur
2446 2685 2673 2745 Schnitzler
2698 2684 2748 2744 zur
2774 2682 2864 2742 letzten
2895 2682 2975 2742 Ruhe
3001 2682 3131 2742 geleitet.

2153 2731 2210 2791 Die
2234 2729 2415 2789 israelitische
2445 2727 2698 2787 Kultusgemeinde
2727 2726 2803 2786 hatte
2833 2721 2875 2781 dem
2914 2721 3119 2781 Verstorbenen

2154 2773 2193 2833 ein
2224 2771 2470 2831 Ehrengrab
2501 2765 2631 2825 gestiftet.
2662 2765 2702 2825 An
2727 2765 2772 2825 den
2803 2763 3124 2823 Beisetzungsfeietlich¬

2160 2813 2238 2873 keiten
2271 2813 2386 2873 nahmen
2418 2810 2461 2870 die
2482 2810 2793 2870 Familienmitglieder
2820 2810 2873 2870 und
2900 2808 2973 2868 viele
2995 2807 3126 2867 Freunde

2158 2858 2212 2918 und
2239 2858 2380 2918 Verehrer
2406 2855 2451 2915 des
2477 2855 2603 2915 Dichters
2634 2852 2694 2912 teil.
