3392 4352
209 274 342 334 2.
405 279 994 339 Schnitzler's
1057 276 1293 336 Death

1502 276 1635 336 box
1712 279 1905 339 42/8

294 2056 389 2116 ihrer
422 2058 581 2118 Dichtung
625 2061 677 2121 aus
711 2061 795 2121 einer
828 2064 1053 2124 eingeborenen
1097 2068 1309 2128 Katholizität
1343 2073 1577 2133 Erzählungen,
1610 2077 1856 2137 Theaterstücken
1900 2079 1931 2139 um
1986 2082 2123 2142 erotische
2157 2084 2326 2144 Probleme

2388 2091 2428 2151 In
2471 2091 2531 2151 der
2563 2094 2696 2154 Sphäre
2728 2097 2789 2157 von
2831 2100 2943 2160 Traum
2986 2103 3046 2163 und
3089 2106 3293 2166 Wirklichkteit
3315 2114 3335 2174 g

290 2101 433 2161 heraus,
468 2103 554 2163 wenn
595 2104 646 2164 ihr
681 2105 778 2165 Werk
825 2106 894 2166 auch
940 2107 997 2167 dem
1051 2111 1297 2171 relativistischen
1338 2114 1378 2174 um
1419 2115 1464 2175 die
1488 2118 1718 2178 Bezauberung
1747 2121 1793 2181 des
1823 2121 2076 2181 Rückenmarkes.
2099 2126 2185 2186 Allen
2214 2130 2340 2190 Werken
2376 2133 2490 2193 langen
2531 2135 2576 2195 ihm
2618 2139 2836 2199 sensationelle
2866 2144 3095 2204 dramatisierte
3125 2153 3297 2213 Novellen,
3321 2155 3360 2215 wi

294 2142 403 2202 Geiste
439 2145 490 2205 des
525 2150 837 2210 Impressionismus
867 2151 1005 2211 schweren
1047 2153 1168 2213 Tribut
1203 2158 1306 2218 zahler

1335 2157 1514 2217 Schnitzlers
1548 2161 1651 2221 hängt
1678 2164 1776 2224 etwas
1809 2168 1999 2228 Morbides,
2027 2169 2168 2229 Giftiges
2201 2172 2261 2232 an,
2283 2174 2342 2234 das

291 2188 415 2248 mußte

2376 2174 2455 2234 etwa
2499 2182 2750 2242 „Paracelsus",
2782 2189 3015 2249 „Gefährtin",
3053 2194 3138 2254 „Der
3176 2195 3274 2255 grüne
3305 2198 3372 2258 Ka¬

1335 2201 1413 2261 nicht
1448 2204 1583 2264 dadurch
1623 2206 1718 2266 besser
1753 2210 1849 2270 wird,
1883 2210 1939 2270 daß
1979 2213 2012 2273 es
2052 2215 2232 2275 genußreich
2272 2215 2328 2275 dar

2374 2218 2489 2278 kadu".
2518 2225 2584 2285 Die
2612 2226 2733 2286 Tragik
2768 2228 2866 2288 dieses
2900 2234 3154 2294 Relativismus,
3183 2240 3276 2300 dieses
3310 2242 3359 2302 sitt

373 2231 474 2291 Nicht
509 2234 537 2294 so
577 2234 769 2294 Schnitzler,
798 2237 854 2297 der
888 2237 996 2297 soeben
1036 2238 1063 2298 in
1104 2241 1199 2301 seinem
1251 2243 1306 2303 70,

1336 2244 1465 2304 geboten
1510 2248 1605 2308 wird.
1640 2244 1684 2304 Er
1730 2252 1803 2312 will
1848 2254 1927 2314 nicht
1978 2256 2090 2316 gesund
2130 2261 2208 2321 sein,
2243 2261 2338 2321 dieser
2372 2262 2462 2322 lichen
2502 2265 2558 2325 und
2598 2270 2817 2330 künstlerischen
2857 2277 3104 2337 „Ignoramus"
3144 2282 3256 2342 brückte
3285 2283 3363 2343 dann

293 2277 480 2337 Altersjahr
519 2279 678 2339 gestorben
718 2280 767 2340 ist.
795 2279 844 2339 Er
878 2281 943 2341 war
977 2283 1004 2343 in
1049 2284 1098 2344 der
1138 2288 1308 2348 Totalität
1336 2291 1556 2351 Wienerarzt,
1585 2294 1617 2354 er
1651 2294 1722 2354 will
1750 2296 1810 2356 mit
1844 2297 1920 2357 allen
1966 2302 2340 2362 Krankheitserscheinun¬

2369 2305 2490 2365 einigen
2527 2312 2737 2372 bedeutenden
2775 2317 2900 2377 Werken
2943 2320 2995 2380 des
3028 2323 3169 2383 Dichters
3207 2330 3274 2390 auch
3312 2330 3348 2390 de

296 2319 386 2379 seiner
418 2322 662 2382 Persönlichkeit
695 2324 752 2384 und
790 2325 886 2385 seines
923 2327 1045 2387 Werkes
1083 2331 1178 2391 diesem
1226 2332 1289 2392 rela

1329 2335 1387 2395 gen
1420 2335 1555 2395 spielen.
1583 2334 1642 2394 „Es
1680 2336 1750 2396 gibt
1778 2338 1804 2398 so
1838 2340 1918 2400 viele
1951 2344 2156 2404 Krankheiten
2195 2345 2248 2405 und
2286 2348 2340 2408 nur

2374 2350 2524 2410 Stempel
2552 2357 2621 2417 auf,
2649 2356 2702 2416 wie
2730 2358 2805 2418 etwa
2843 2362 2935 2422 seinem
2984 2366 3167 2426 Schauspiel
3194 2371 3280 2431 „Der
3307 2370 3350 2430 ein

284 2362 464 2422 tivistischen
512 2365 617 2425 Geiste
655 2368 861 2428 vollkommen
909 2371 1078 2431 verfallen.
1110 2371 1157 2431 Er
1211 2374 1289 2434 nahn

1329 2377 1400 2437 eine
1434 2379 1644 2439 Gesundheit.
1672 2380 1749 2440 Man
1789 2383 1854 2443 muß
1893 2386 2004 2446 imrer
2032 2389 2131 2449 genau
2165 2391 2192 2451 so
2226 2392 2336 2452 gesund

2376 2395 2447 2455 same
2486 2396 2608 2456 Weg".
2647 2400 2718 2460 Aus
2758 2403 2868 2463 Schein
2924 2407 2984 2467 und
3024 2410 3129 2470 Spiel
3168 2411 3284 2471 heraus
3323 2417 3350 2477 er

285 2407 473 2467 überhaupt
507 2409 598 2469 nichts
631 2411 728 2471 ernst,
755 2413 820 2473 auch
858 2413 933 2473 seine
966 2416 1063 2476 Kunst
1091 2418 1182 2478 nicht.
1210 2419 1290 2479 „Wi

1338 2419 1387 2479 sein
1422 2421 1475 2481 wie
1510 2422 1559 2482 die
1589 2425 1707 2485 andern
1747 2425 1761 2485 —
1815 2428 1889 2488 man
1924 2429 1997 2489 kann
2037 2431 2110 2491 aber
2140 2435 2233 2495 ganz,
2258 2436 2336 2496 ganz

2374 2439 2478 2499 kannte
2518 2443 2684 2503 Schnitzler
2723 2446 2773 2506 die
2812 2449 2939 2509 Trauer
2990 2452 3078 2512 einer
3117 2455 3261 2515 sinnlosen
3306 2458 3350 2518 Zu

289 2452 396 2512 spielen
440 2452 569 2512 immer,
596 2455 660 2515 wer
694 2455 725 2515 es
758 2455 855 2515 weiß,
882 2458 920 2518 ist
947 2459 1054 2519 klug",
1082 2464 1152 2524 sagt
1185 2462 1281 2522 einma

1329 2464 1447 2524 anders
1480 2467 1571 2527 krank
1599 2467 1658 2527 sein
1691 2468 1749 2528 wie
1777 2472 1863 2532 jeder
1891 2472 2047 2532 andere",
2074 2475 2155 2535 heißt
2188 2479 2214 2539 es
2247 2479 2333 2539 gleich

2372 2485 2730 2545 sammenhanglosigkeit
2758 2490 2812 2550 des
2845 2494 2964 2554 Lebens
2997 2497 3056 2557 und
3089 2500 3192 2560 fühlte
3219 2502 3289 2562 auch
3317 2500 3365 2560 die

288 2494 356 2554 eine
394 2497 494 2557 seiner
542 2500 779 2560 bedeutendsten
828 2503 1113 2563 Theaterfiguren,
1150 2504 1303 2564 Paracel¬

1329 2506 1360 2566 in
1404 2508 1452 2568 der
1496 2509 1582 2569 ersten
1631 2515 1922 2575 Veröffentlichung
1966 2519 2171 2579 Schnitzlers,
2209 2521 2236 2581 in
2280 2524 2328 2584 den

2370 2527 2568 2587 Einsamkeit,
2591 2530 2619 2590 in
2659 2530 2743 2590 deren
2784 2538 3049 2598 Gefangenschaft
3084 2540 3112 2600 er
3140 2544 3214 2604 sich,
3237 2544 3287 2604 der
3316 2544 3349 2604 be

292 2539 355 2599 sus.
382 2539 455 2599 Das
488 2541 555 2601 war
582 2541 635 2601 der
667 2544 761 2604 ganze
788 2546 973 2606 Schnitzler,
995 2547 1052 2607 nur
1084 2547 1126 2607 ein
1158 2550 1289 2610 Spieler

1331 2547 1383 2607 für
1410 2550 1468 2610 das
1501 2553 1605 2613 Wesen
1638 2555 1701 2615 und
1733 2559 1881 2619 Schaffen
1919 2559 1965 2619 des
1998 2562 2140 2622 Dichters
2173 2565 2331 2625 ungemeir

170 2577 239 2637 Aale

2368 2568 2523 2628 wunderte
2560 2576 2794 2636 Gesellschafts-
2825 2578 2884 2638 und
2921 2583 3149 2643 Salonmensch
3186 2588 3240 2648 mit
3270 2591 3348 2651 seine

284 2577 330 2637 ein
372 2583 505 2643 Spieler
537 2585 598 2645 mit
630 2586 728 2646 seiner
759 2589 872 2649 Kunst,
904 2589 945 2649 ein
982 2591 1115 2651 Spieler
1147 2592 1203 2652 mit
1235 2592 1286 2652 den

1325 2595 1556 2655 bezeichnenden
1614 2600 1866 2660 dramatisierten
1918 2604 2109 2664 Gesprächen
2156 2607 2320 2667 „Anatol“

2358 2613 2669 2673 Lebensauffassung
2709 2621 2847 2681 begeben
2893 2627 2997 2687 muhte

280 2625 406 2685 Leben,
444 2628 492 2688 ein
534 2628 671 2688 Spieler
709 2631 767 2691 mit
810 2631 862 2691 den
905 2634 1047 2694 sittlichen
1090 2636 1285 2696 Problemen

1329 2637 1377 2697 die
1415 2640 1495 2700 schon
1539 2641 1593 2701 den
1642 2645 1755 2705 ganzen
1799 2645 1939 2705 Schnit"
2010 2649 2188 2709 enthalten.
2227 2654 2318 2714 Diese

2451 2661 2615 2721 Schnitzler
2641 2661 2723 2721 hätte
2757 2664 2805 2724 die
2831 2670 2995 2730 Fähigkeit
3013 2673 3152 2733 gehabt,
3169 2676 3259 2736 seiner
3285 2676 3350 2736 Zei

172 2664 253 2724 Ver=
291 2669 377 2729 Aber
415 2670 506 2730 welch
561 2673 603 2733 ein
658 2675 809 2735 Spieler!
847 2676 917 2736 Von
971 2677 1165 2737 unerhörter
1203 2682 1300 2742 Fein¬

1331 2680 1452 2740 Spielen
1486 2685 1543 2745 mit
1571 2685 1618 2745 der
1645 2688 1836 2748 Krankheit,
1858 2691 1911 2751 der
1933 2694 2151 2754 torperlichen,
2173 2694 2321 2754 seelischen

2359 2700 2406 2760 die
2430 2704 2530 2764 große
2554 2706 2789 2766 Zeitkomödie,
2808 2710 2884 2770 oder
2908 2712 2960 2772 den
2991 2715 3102 2775 großen
3132 2719 3344 2779 Gesellschafts

278 2715 458 2775 nervigkeit
485 2715 541 2775 und
573 2718 805 2778 schimmernder
837 2720 970 2780 Pracht!
997 2723 1084 2783 Aber
1111 2724 1141 2784 es
1173 2724 1208 2784 ist
1229 2727 1281 2787 zun

1331 2727 1463 2787 sittlichen
1501 2728 1691 2788 Krankheit,
1713 2732 1808 2792 dieses
1841 2735 2032 2795 Kokettieren
2069 2738 2127 2798 mit
2155 2738 2207 2798 der
2234 2738 2318 2798 Deka

2355 2743 2465 2803 toman
2505 2746 2532 2806 zu
2572 2748 2721 2808 schenken,
2750 2751 2827 2811 aber
2861 2755 2894 2815 er
2928 2756 3005 2816 nahm
3056 2759 3127 2819 sich,
3156 2761 3233 2821 seine
3267 2762 3333 2822 Kun

280 2759 406 2819 großen
433 2759 506 2819 Teil
528 2759 575 2819 die
596 2762 770 2822 schillernde
797 2763 1033 2823 Farbenpracht
1055 2765 1133 2825 einer
1160 2767 1281 2827 Sumpf

1326 2768 1417 2828 denz,
1444 2771 1542 2831 dieses
1575 2774 1753 2834 behagliche
1786 2777 2002 2837 Beschnüffeln
2040 2780 2159 2840 kranker
2192 2783 2332 2843 Körper¬

2358 2783 2420 2843 und
2454 2789 2533 2849 seine
2568 2790 2640 2850 Zeit
2669 2793 2697 2853 ja
2732 2798 2918 2858 überhaupt
2947 2799 3025 2859 nicht
3054 2802 3150 2862 ernst,
3178 2805 3207 2865 er
3236 2807 3359 2867 vergeu¬

277 2804 477 2864 landschaft.
509 2804 617 2864 Dieses
659 2806 813 2866 Schillern
860 2809 953 2869 macht
989 2807 1046 2867 das
1088 2810 1283 2870 Hauptmerk

1326 2810 1384 2870 und
1417 2816 1682 2876 Seclenzustände
1709 2818 1741 2878 ist
1769 2822 2022 2882 Schnitzlerisches
2055 2823 2179 2883 Wesen.
2201 2825 2325 2885 Schnitz

2362 2828 2424 2888 dete
2459 2831 2537 2891 seine
2572 2834 2690 2894 Kräfte
2719 2836 2747 2896 im
2793 2840 2911 2900 Genuß
2952 2843 3008 2903 und
3048 2846 3127 2906 nahm
3179 2848 3223 2908 die
3252 2849 3359 2909 Krone

283 2846 351 2906 mal
386 2846 439 2906 der
479 2847 582 2907 Kunst
617 2849 802 2909 Schnitzlers
842 2851 920 2911 aus.
950 2852 1121 2912 Bisweilen
1166 2855 1287 2915 nehmen

1321 2858 1368 2918 ler
1395 2858 1464 2918 war
1491 2860 1569 2920 schon
1602 2861 1654 2921 der
1681 2864 1808 2924 Dichter
1840 2864 1892 2924 der
1920 2867 2168 2927 Psychoanalyse
2195 2871 2221 2931 zu
2253 2870 2316 2930 eine

2360 2873 2455 2933 hoher
2486 2878 2731 2938 Künstlerschaft
2756 2884 2851 2944 nicht,
2882 2885 2929 2945 die
2960 2885 2989 2945 er
3020 2888 3104 2948 dank
3128 2891 3224 2951 seiner
3254 2892 3344 2952 hoher

280 2885 332 2945 die
365 2891 507 2951 Figuren
545 2893 729 2953 Schnitzlers
767 2894 857 2954 wohl
884 2897 1053 2957 bestimmte
1085 2897 1211 2957 Gestalt
1244 2900 1280 2960 an

1322 2905 1413 2965 Zeit,
1441 2903 1489 2963 als
1522 2904 1620 2964 dieses
1653 2906 1755 2966 Wort
1788 2907 1853 2967 noch
1886 2909 2071 2969 unbekannt
2098 2912 2179 2972 war.

2355 2918 2532 2978 Begabung
2577 2923 2664 2983 hätte
2704 2924 2831 2984 nehmen
2876 2929 3008 2989 können.
3048 2929 3119 2989 Wit
3159 2937 3352 2997 vergeudeter

279 2932 362 2992 dann
407 2935 466 2995 sind
505 2935 534 2995 es
575 2935 652 2995 aber
683 2937 810 2997 vielfach
845 2939 1022 2999 vollendete
1057 2941 1224 3001 Schweine
1259 2941 1283 3001 in

1407 2945 1496 3005 Weil
1528 2947 1697 3007 Schnitzler
1734 2950 1829 3010 nichts
1867 2952 1951 3012 ernst
1984 2953 2094 3013 nahm,
2121 2956 2263 3016 flüchtete
2301 2956 2332 3016 er

2355 2960 2454 3020 Kraft
2487 2965 2559 3025 stieg
2604 2965 2631 3025 er
2670 2965 2719 3025 ins
2759 2970 2874 3030 Grab.
2908 2974 2985 3034 Sein
3030 2977 3261 3037 Skeptizismus
3301 2983 3355 3043 hat

279 2976 406 3036 Garten
446 2977 499 3037 der
535 2979 642 3039 Circe;
677 2980 745 3040 man
786 2981 923 3041 erinnert
953 2983 1001 3043 sich
1037 2985 1193 3045 vielleicht
1223 2986 1281 3046 noe

1323 2989 1370 3049 sich
1402 2989 1428 3049 in
1461 2989 1556 3049 seinen
1588 2992 1715 3052 Werken
1754 2995 1811 3055 vor
1838 2995 1891 3055 den
1924 2998 2162 3058 Wirklichkeiten
2200 3000 2247 3060 des
2280 3002 2332 3062 Le¬

2358 3004 2406 3064 sein
2444 3005 2551 3065 Genie
2590 3010 2772 3070 gebrochen.
2806 3015 2897 3075 Nicht
2935 3019 2983 3079 als
3021 3022 3209 3082 leuchtender
3248 3024 3328 3084 Ster

273 3019 315 3079 an
368 3021 425 3081 den
473 3024 716 3084 Riesenskandal
764 3025 816 3085 der
859 3025 1285 3085 „Reigen"=Aufführungen
1323 3031 1402 3091 bens
1439 3033 1465 3093 in
1508 3034 1549 3094 ein
1592 3036 1650 3096 nur
1688 3040 1850 3100 gespieltes
1888 3041 1988 3101 Leben
2025 3043 2125 3103 hinein
2173 3045 2225 3105 ind
2262 3044 2325 3104 ver¬

2361 3051 2419 3111 ging
2456 3049 2487 3109 er
2525 3052 2615 3112 unter
2652 3055 2710 3115 wie
2742 3058 3017 3118 Hofmannsthal,
3049 3064 3176 3124 sondern
3213 3069 3350 3129 erlöscht¬

284 3064 374 3124 Wien
417 3064 474 3124 und
512 3067 623 3127 Berlin
661 3068 719 3128 vor
746 3070 814 3130 zehn
857 3070 978 3130 Jahren

1308 3075 1416 3135 weilte
1441 3076 1550 3136 immer
1575 3079 1738 3139 besonders
1764 3082 1832 3142 gern
1863 3082 1897 3142 an
1927 3085 1976 3145 den
2006 3088 2322 3148 Kreuzungspunkten

2358 3091 2406 3151 wie
2444 3093 2487 3153 ein
2530 3097 2681 3157 Irrlicht.
2714 3100 2773 3160 Als
2812 3105 2984 3165 Exponent
3017 3106 3076 3166 und
3120 3110 3324 3170 Repräsentan

367 3109 445 3169 Mit
478 3109 573 3169 Recht
600 3112 663 3172 hat
696 3112 759 3172 man
802 3113 971 3173 Schnitzler
1003 3115 1056 3175 den
1094 3118 1273 3178 ausgepräg

1313 3118 1374 3178 von
1416 3121 1524 3181 Traum
1571 3123 1632 3183 und
1669 3124 1885 3184 Wirklichkeit.
1917 3127 2004 3187 Weil
2030 3129 2061 3189 er
2092 3129 2143 3189 die
2175 3132 2267 3192 Liebe
2299 3132 2319 3192 in

2357 3135 2430 3195 eines
2468 3139 2690 3199 schwächlichen
2733 3144 2796 3204 und
2839 3147 2944 3207 sittlich
2982 3150 3134 3210 haltlosen
3177 3153 3346 3213 Relativis¬

281 3153 371 3213 testen
406 3153 552 3213 Erotiker
581 3156 632 3216 des
666 3156 971 3216 Impressionismus
1006 3159 1163 3219 genannt.
1192 3159 1276 3219 Alles

1317 3162 1404 3222 ihrer
1441 3166 1658 3226 existenziellen
1700 3169 1813 3229 Größe
1850 3169 1911 3229 und
1948 3172 2092 3232 sittlichen
2134 3177 2320 3237 Bedeutung

2355 3177 2417 3237 mus
2446 3180 2513 3240 lebt
2554 3180 2570 3240 e
2599 3182 2621 3242 in
2655 3185 2705 3245 der
2734 3189 2909 3249 Geschichte
2938 3192 2989 3252 der
3012 3197 3165 3257 deutschen
3194 3200 3340 3260 Dichtung

207 3195 239 3255 in
284 3195 360 3255 oder
394 3197 465 3257 doch
499 3199 564 3259 fast
598 3201 674 3261 alles
714 3201 802 3261 dreht
836 3201 885 3261 sich
924 3203 951 3263 in
985 3204 1083 3264 seinen
1122 3206 1293 3266 Novellen,
1322 3207 1404 3267 nicht
1437 3213 1563 3273 kannte,
1592 3217 1707 3277 gelang
1747 3216 1796 3276 ihm
1846 3216 1917 3276 auch
1962 3218 2016 3278 nur
2056 3222 2099 3282 die
2138 3225 2331 3285 „Liebelei".
2365 3229 2474 3289 unserer
2508 3229 2585 3289 Zeit
2613 3231 2734 3291 weiter.
