3248 4384
235 282 310 342 2.
358 285 853 345 Schnitzler
921 294 959 354 s
1027 289 1255 349 Death

1481 285 1603 345 box
1690 287 1874 347 43/9

2147 146 2204 206 h

2163 195 2296 255 sei
2322 198 2358 258 zu
2405 198 2528 258 seiner
2570 198 2667 258 Ehre
2724 199 2827 259 nicht
2879 201 2961 261 ver-

2198 249 2347 309 wiegen
2400 249 2415 309 —
2492 249 2617 309 Alfred
2661 249 2791 309 Kerr;
2830 254 2964 314 immer

2178 300 2280 360 eder
2310 301 2356 361 ist
2385 300 2422 360 er
2451 303 2563 363 defür
2592 300 2846 360 eingetreten,
2866 303 2968 363 mehr

2154 354 2350 414 Schnitzler
2381 352 2444 412 auf
2553 351 2754 411 deutschen
2789 355 2965 415 Spielplä¬

2144 406 2184 466 ne
2215 404 2250 464 zu
2282 404 2428 464 setzen,
2446 401 2535 461 doch
2570 404 2708 464 besitzt
2730 404 2828 464 seine
2860 404 2970 464 Stim¬

2148 455 2194 515 me
2228 455 2335 515 heute
2365 457 2472 517 nicht
2496 456 2604 516 mehr
2633 455 2684 515 die
2718 455 2863 515 Macht,
2883 457 2967 517 über

2143 509 2193 569 die
2223 507 2272 567 sie
2298 509 2427 569 früher
2452 506 2651 566 verfügte.
2666 506 2731 566 Die
2756 504 2900 564 Worte,
2915 506 2969 566 die

2148 562 2179 622 er
2207 560 2266 620 dem
2312 560 2411 620 toten
2444 558 2599 618 Dichter
2627 557 2690 617 und
2728 557 2891 617 Freunde
2919 559 2950 619 im

2162 613 2361 673 Berliner
2386 611 2584 671 Tageblatt
2610 609 2624 669 »
2649 608 2848 668 nachruft,
2869 608 2977 668 gehö¬

2145 666 2196 726 ren
2234 664 2271 724 zu
2310 664 2370 724 den
2409 661 2634 721 schönsten,
2673 661 2728 721 die
2771 658 2870 718 Kerr
2913 655 2973 715 ge¬

2140 715 2329 775 schrieben
2364 715 2428 775 hat
2459 715 2523 775 und
2558 714 2612 774 die
2643 714 2732 774 über
2762 713 2970 773 Schnitzler

2150 769 2284 829 gesagt
2309 769 2453 829 werden
2488 767 2670 827 konnten.

2196 843 2244 903 Es
2272 846 2320 906 ist
2342 843 2418 903 hier
2446 843 2549 903 nicht
2577 841 2636 901 der
2659 842 2745 902 Ort,
2767 840 2843 900 eine
2871 839 2974 899 Wür¬

2149 897 2281 957 digung
2319 897 2382 957 des
2425 897 2695 957 umfassenden
2744 894 2977 954 Schnitzler¬

2151 951 2256 1011 schen
2299 949 2447 1009 Werkes
2479 948 2521 1008 zu
2553 948 2664 1008 geben
2707 947 2723 1007 ;
2750 945 2839 1005 dazu
2877 946 2971 1006 fehlt

2153 1004 2216 1064 uns
2241 1002 2300 1062 der
2325 1002 2458 1062 Raum.
2473 1002 2512 1062 Zu
2542 1001 2601 1061 den
2631 996 2881 1056 eigenartigen
2911 996 2975 1056 Er¬

2149 1056 2402 1116 scheinungen
2434 1053 2565 1113 gehört
2592 1053 2718 1113 jedoch
2756 1048 2808 1108 die
2835 1050 2966 1110 relativ

2147 1107 2300 1167 geringe
2370 1106 2650 1166 Bekanntheit,
2709 1100 2820 1160 deren
2889 1103 2968 1163 sich

2146 1160 2358 1220 Schnitzler
2391 1159 2417 1219 in
2451 1158 2679 1218 Frankreich
2718 1156 2782 1216 hat
2810 1154 2967 1214 rühmen

2158 1213 2309 1273 dürfen,
2325 1211 2470 1271 obwohl
2487 1211 2562 1271 sein
2590 1208 2691 1268 Werk
2724 1208 2783 1268 den
2811 1207 2972 1267 Franzo¬

2149 1265 2208 1325 sen
2285 1267 2480 1327 eigentlich
2562 1263 2763 1323 besonders
2851 1261 2965 1321 liegen

2161 1318 2317 1378 müsste.
2372 1318 2485 1378 Wohl
2540 1315 2625 1375 wird
2691 1315 2755 1375 der
2821 1312 2976 1372 Verfas¬

2153 1373 2207 1433 ser
2273 1369 2337 1429 der
2409 1366 2424 1426 «
2458 1369 2632 1429 Fräulein
2703 1365 2785 1425 Else
2818 1365 2856 1425 »,
2916 1366 2970 1426 die

2161 1423 2216 1483 der
2249 1423 2398 1483 Pariser
2433 1420 2564 1480 Verlag
2604 1420 2742 1480 STOCK
2793 1417 2853 1477 vor
2887 1417 2980 1477 Jah-

2157 1478 2211 1538 ren
2242 1477 2347 1537 schon
2378 1477 2402 1537 in
2433 1474 2548 1534 seiner
2575 1474 2730 1534 schönen
2756 1471 2966 1531 Sammlung

2167 1528 2355 1588 «Cabinet
2378 1527 2626 1587 Cosmopolite
2654 1524 2664 1584 »
2692 1523 2978 1583 veröffentlicht

2158 1582 2240 1642 hat,
2257 1581 2450 1641 geschätzt
2473 1581 2538 1641 und
2566 1578 2793 1638 gewürdigt,
2810 1575 2892 1635 doch
2921 1575 2981 1635 be¬

2155 1635 2286 1695 wiesen
2318 1632 2371 1692 die
2403 1632 2698 1692 Gedenknotizen
2736 1628 2794 1688 der
2826 1629 2973 1689 Pariser

2162 1687 2322 1747 Blätter,
2345 1686 2427 1746 dass
2461 1686 2516 1746 ihr
2550 1684 2682 1744 Wissen
2722 1683 2760 1743 um
2805 1681 2982 1741 Schnitz¬

2158 1740 2203 1800 ler
2240 1739 2348 1799 meist
2380 1738 2466 1798 über
2499 1736 2839 1796 Stückwerkswert
2875 1731 2978 1791 nicht

2155 1793 2403 1853 hinausging.
2432 1790 2514 1850 Was
2542 1789 2774 1849 Schnitzlers
2803 1786 2979 1846 Bühnen¬

2161 1844 2381 1904 dichtungen
2416 1841 2585 1901 betrifft,
2603 1841 2636 1901 so
2665 1841 2715 1901 ist
2738 1840 2771 1900 in
2801 1838 2862 1898 den
2891 1838 2980 1898 letz¬

2158 1898 2215 1958 ten
2242 1898 2374 1958 Jahren
2402 1895 2470 1955 nur
2491 1895 2597 1955 durch
2629 1892 2804 1952 deutsche
2831 1892 2983 1952 Ensem¬

2158 1949 2228 2009 bles
2261 1948 2315 2008 der
2348 1948 2506 2008 Versuch
2539 1945 2718 2005 gemacht
2741 1945 2909 2005 worden,
2926 1942 2974 2002 sie

2160 2002 2223 2062 den
2250 1999 2418 2059 Parisern
2446 2001 2477 2061 zu
2504 1999 2768 2059 erschliessen.
2784 1997 2810 2057 Im
2858 1996 2868 2056 «
2895 1996 2984 2056 Ein¬

2161 2054 2279 2114 samen
2314 2053 2387 2113 Weg
2421 2053 2432 2113 »
2455 2053 2517 2113 hat
2540 2053 2664 2113 Eugen
2693 2050 2828 2110 Robert
2851 2050 2913 2110 vor
2936 2047 2980 2107 ei¬

2158 2107 2265 2167 nigen
2297 2104 2431 2164 Jahren
2468 2104 2601 2164 Albert
2628 2104 2875 2164 Bassermann
2912 2101 2974 2161 und

2163 2158 2300 2218 Kaethe
2332 2157 2459 2217 Haack
2496 2155 2734 2215 vorgestellt,
2755 2154 2845 2214 doch
2877 2154 2982 2214 stan¬

2161 2211 2220 2271 den
2264 2210 2318 2270 die
2352 2211 2564 2271 damaligen
2602 2208 2896 2268 Aufführungen
2935 2207 2967 2267 im

2168 2262 2184 2322 «
2219 2264 2404 2324 Gymnase
2440 2262 2473 2322 »,
2519 2262 2580 2322 die
2632 2262 2705 2322 mit
2757 2260 2982 2320 Wedekinds

2167 2316 2177 2376 «
2216 2316 2394 2376 Erdgeist
2427 2313 2443 2373 »
2476 2315 2660 2375 begonnen
2698 2313 2849 2373 hatten,
2872 2313 2979 2373 unter

2167 2370 2290 2430 keinem
2351 2367 2551 2427 besonders
2595 2367 2822 2427 glücklichen
2860 2365 2990 2425 Stern,

2161 2422 2197 2482 so
2235 2420 2319 2480 dass
2351 2418 2408 2478 ihr
2441 2420 2662 2480 vorzeitiger
2700 2417 2868 2477 Abbruch
2906 2417 2974 2477 sich

2168 2474 2269 2534 nicht
2303 2471 2506 2531 vermeiden
2546 2471 2654 2531 liess.
2705 2472 2738 2532 Im
2790 2471 2981 2531 Frühjahr

2166 2528 2224 2588 des
2251 2525 2445 2585 laufenden
2478 2525 2609 2585 Jahres
2636 2525 2699 2585 hat
2721 2522 2889 2582 Fräulein
2921 2519 2989 2579 Bo¬

2163 2580 2231 2640 ner
2263 2579 2331 2639 auf
2374 2579 2473 2639 ihrer
2511 2576 2664 2636 Pariser
2712 2576 2727 2636 «
2770 2576 2975 2636 Deutschen

2167 2632 2296 2692 Bühne
2330 2632 2345 2692 »
2384 2629 2610 2689 Schnitzlers
2654 2628 2664 2688 «
2708 2626 2886 2686 Komödie
2925 2626 2983 2686 der

2174 2683 2289 2743 Worte
2325 2682 2341 2742 »
2371 2683 2538 2743 gezeigt,
2562 2682 2631 2742 und
2666 2681 2700 2741 es
2736 2680 2782 2740 ist
2811 2680 2892 2740 hier
2927 2680 2984 2740 des

2174 2738 2339 2798 längeren
2368 2734 2544 2794 dargetan
2573 2734 2739 2794 worden,
2756 2732 2878 2792 warum
2917 2730 2994 2790 die¬

2168 2788 2202 2848 se
2237 2788 2478 2848 Aufführung
2519 2788 2623 2848 nicht
2652 2786 2882 2846 übermässig
2923 2785 2986 2845 hat

2174 2841 2316 2901 glücken
2356 2839 2521 2899 können.
2566 2840 2875 2900 Demgegenüber
2903 2838 2980 2898 sind

2172 2892 2230 2952 der
2251 2893 2420 2953 reizende
2443 2892 2717 2952 Anatolzyklus
2744 2892 2754 2952 «
2781 2889 2945 2949 Liebelei
2961 2892 2997 2952 »,

2175 2946 2190 3006 «
2223 2946 2291 3006 Der
2329 2946 2445 3006 grüne
2488 2946 2641 3006 Kakadu
2674 2945 2710 3005 »,
2748 2943 2763 3003 «
2796 2942 2991 3002 Professor

2168 3000 2355 3060 Bernardi
2384 3000 2400 3060 »
2429 2997 2498 3057 und
2532 3000 2595 3060 gar
2629 2997 2646 3057 «
2675 2997 2748 3057 Der
2778 2997 2891 3057 junge
2920 2994 2993 3054 Me¬

2174 3053 2311 3113 dardus
2345 3051 2361 3111 »
2395 3050 2421 3110 in
2461 3050 2687 3110 Frankreich
2727 3047 2864 3107 meines
2904 3047 2997 3107 Wis¬

2173 3104 2255 3164 sens
2283 3104 2504 3164 unbekannt
2532 3104 2742 3164 geblieben.
2759 3101 2831 3161 Der
2864 3101 2875 3161 «
2908 3098 2996 3158 Rei¬

2175 3161 2234 3221 gen
2273 3158 2305 3218 »,
2327 3157 2370 3217 um
2420 3155 2479 3215 den
2512 3155 2550 3215 es
2583 3157 2609 3217 in
2642 3155 2898 3215 Deutschland
2931 3152 2990 3212 vor

2176 3209 2307 3269 Jahren
2347 3209 2423 3269 viel
2452 3209 2622 3269 Skandal
2662 3208 2822 3268 gegeben
2872 3206 2998 3266 hatte,

2172 3262 2274 3322 stand
2312 3262 2337 3322 im
2384 3262 2534 3322 vorigen
2570 3260 2679 3320 Jahre
2710 3259 2772 3319 auf
2799 3259 2860 3319 dem
2908 3257 3000 3317 Pro¬

2175 3317 2291 3377 gramm
2339 3313 2402 3373 der
2430 3313 2784 3373 Falconettibühne,
2806 3311 2890 3371 doch
2922 3310 2991 3370 hat

2170 3367 2278 3427 deren
2323 3366 2548 3426 vorzeitiger
2583 3364 2882 3424 Zusammenfall
2912 3363 2990 3423 eine

2179 3418 2421 3478 Aufführung
2458 3418 2515 3478 des
2548 3418 2800 3478 eigenartigen
2843 3415 2990 3475 Werkes

2179 3471 2455 3531 unterbunden.
2506 3471 2541 3531 Im
2607 3469 2804 3529 laufenden
2855 3468 2995 3528 Winter

2179 3525 2259 3585 wird
2300 3525 2486 3585 nunmehr
2522 3522 2587 3582 das
2624 3520 2638 3580 «
2679 3522 2800 3582 Odéon
2846 3520 2881 3580 »,
2907 3520 2997 3580 falls

2175 3579 2299 3639 nichts
2325 3576 2728 3636 dazwischenkommt,
2750 3576 2764 3636 «
2791 3574 2863 3634 Das
2895 3573 2998 3633 weite

2182 3630 2274 3690 Land
2305 3630 2320 3690 »
2352 3630 2414 3690 von
2445 3630 2651 3690 Schnitzler
2678 3627 2739 3687 für
2766 3627 2987 3687 Frankreich

2185 3681 2360 3741 creieren,
2376 3681 2443 3741 und
2469 3681 2567 3741 diese
2588 3681 2856 3741 Aufführung,
2872 3679 2923 3739 die
2950 3678 2995 3738 als

2179 3734 2526 3794 Geburtstagsfeier
2569 3731 2727 3791 gedacht
2764 3731 2858 3791 war,
2901 3731 2990 3791 wird

2182 3788 2398 3848 hoffentlich
2442 3785 2625 3845 erheblich
2663 3785 2749 3845 dazu
2787 3785 3003 3845 beitragen,

2186 3839 2240 3899 dem
2285 3839 2434 3899 Pariser
2462 3836 2805 3896 Theaterpublikum
2862 3836 2900 3896 zu
2939 3834 2999 3894 be¬

2185 3893 2335 3953 weisen,
2358 3893 2449 3953 einen
2488 3890 2547 3950 wie
2574 3890 2725 3950 grossen
2758 3889 2909 3949 Verlust
2931 3889 2995 3949 das

2185 3945 2433 4005 dramatische
2472 3943 2720 4003 Deutschland
2764 3940 2872 4000 durch
2927 3940 2991 4000 den

2189 3997 2247 4057 Tod
2278 3997 2336 4057 des
2360 3997 2531 4057 Dichters
2555 3997 2696 4057 Arthur
2721 3994 2926 4054 Schnitzler
2945 3994 3003 4054 er¬

2184 4051 2284 4111 litten
2324 4051 2407 4111 hat.

2327 4125 2443 4185 H.-A.
2468 4125 2578 4185 Frhr.
2603 4125 2645 4185 v.
2665 4123 2953 4183 MALTZAHN.
