3392 4320
159 213 281 273 12.
345 217 945 277 Schnitzler's
1008 213 1245 273 Death

354 921 1072 981 OBSERVER

442 972 464 1032 l.
478 972 598 1032 österr.
612 975 759 1035 behördl.
773 978 1072 1038 konzessioniertes

398 1015 633 1075 Unternehmen
664 1013 708 1073 für
735 1017 1122 1077 Zeitungs-Avsschnitte

447 1071 600 1131 WIEN.
627 1077 673 1137 I.,
700 1079 981 1139 WOLLZEILE
1028 1080 1074 1140 11

548 1127 764 1187 TELEPHON
803 1131 975 1191 R-23-0-43

341 1267 564 1327 Ausschnitt
596 1277 782 1337 aus:gor
795 1276 932 1336 Neuacte
951 1273 1155 1333 Machricnten

800 1414 1022 1474 2.OMT.
1041 1419 1143 1479 1937

562 1485 703 1545 Artbur
736 1485 987 1545 Schnitler.t.

349 1542 418 1602 Wie
451 1545 515 1605 uns
554 1545 613 1605 aus
651 1548 769 1608 Wien
808 1551 975 1611 gedrahtet
1008 1552 1104 1612 wird,
1132 1555 1169 1615 ist
1202 1554 1239 1614 am

288 1587 438 1647 gestrigen
475 1587 641 1647 Mittwoch
673 1587 730 1647 der
756 1591 886 1651 Dichter
918 1593 1042 1653 Arthur
1074 1594 1250 1654 Schnitzler

290 1623 339 1683 als
370 1627 587 1687 Dramatiker
618 1627 738 1687 sowohl
769 1629 824 1689 wie
855 1630 905 1690 als
941 1633 1097 1693 Erzähler
1127 1634 1258 1694 weltbe¬

290 1664 405 1724 kannt,
431 1664 456 1724 im
502 1667 553 1727 70.
579 1670 801 1730 Lebensjahre
832 1670 1014 1730 gestorben.
1055 1672 1131 1732 Auf
1156 1674 1247 1734 einem

296 1706 518 1766 Spaziergang
555 1709 652 1769 erlitt
684 1709 715 1769 er
751 1710 823 1770 eine
855 1713 1263 1773 Gehirnblutung,

298 1739 337 1799 die
366 1747 434 1807 nach
468 1751 723 1811 mehrstündiger
752 1754 1041 1814 Bewußtlosigkeit
1070 1757 1126 1817 zum
1167 1757 1257 1817 Tode

295 1787 419 1847 führte.

347 1876 514 1936 Schnitzler
540 1876 593 1936 hat
618 1882 738 1942 einmal
763 1879 1010 1939 vonst
1028 1885 1155 1945 gesagt:
1180 1884 1251 1944 „Ich

286 1915 360 1975 habe
391 1918 466 1978 nicht
492 1918 541 1978 den
577 1919 672 1979 Mut,
693 1921 773 1981 nicht
799 1924 849 1984 dad
885 1924 1151 1984 Temperament,
1176 1927 1251 1987 nicht

280 1954 322 2014 die
354 1957 502 2017 Cinfalt,
524 1960 555 2020 um
605 1960 720 2020 jemals
753 1962 885 2022 gläubig
918 1963 1035 2023 Partei
1062 1963 1093 2023 zu
1131 1966 1258 2026 ergrei¬

280 1994 348 2054 sen.
398 1997 446 2057 In
476 2000 633 2060 ähnlichen
663 2002 790 2062 Worten
820 2004 917 2064 haben
947 2005 1025 2065 viele
1050 2005 1152 2065 seiner
1178 2005 1250 2065 Kri¬

276 2034 351 2094 tiker
382 2038 463 2098 über
489 2040 544 2100 den
581 2040 707 2100 Dichter
733 2043 905 2103 geurteilt,
926 2044 997 2104 der,
1023 2044 1068 2104 ein
1099 2046 1266 2106 typischer¬

278 2076 424 2136 Wiener,
450 2079 480 2139 im
531 2080 688 2140 innersten
729 2080 815 2140 Kern
856 2085 957 2145 seines
993 2082 1124 2142 Wesens
1165 2084 1256 2144 wohl

276 2118 392 2178 immer
417 2117 503 2177 mehr
530 2118 570 2178 ein
601 2121 778 2181 gelstvoller
809 2124 966 2184 Causeur,
986 2124 1032 2184 ein
1058 2124 1255 2184 scharfsichti¬

275 2157 328 2217 ger
347 2160 534 2220 Schilderer
559 2160 659 2220 seiner
679 2163 813 2223 sozialen
843 2163 986 2223 Ummelt
1011 2164 1058 2224 als
1083 2166 1126 2226 ein
1155 2166 1251 2226 wirk¬

271 2195 368 2255 licher
387 2198 504 2258 großer
527 2202 686 2262 Gestalter
710 2202 770 2262 und
794 2202 962 2262 Bekenner
986 2203 1069 2263 war.
1098 2205 1251 2265 Immer¬

271 2234 350 2294 hin:
376 2235 421 2295 ein
457 2240 607 2300 Könner,
632 2243 687 2303 wie
718 2241 758 2301 sie
783 2243 878 2303 heute
924 2243 1019 2303 selten
1070 2246 1240 2306 geworden

277 2275 362 2335 sind.

334 2315 448 2375 Erm
486 2317 540 2377 von
573 2318 622 2378 der
649 2321 784 2381 Medizin
818 2322 888 2382 her.
916 2322 1019 2382 Schov
1047 2321 1084 2381 ir
1112 2327 1247 2387 Eliern¬

285 2396 399 2456 hause,
419 2399 443 2459 in
482 2399 533 2459 der
559 2404 705 2464 Familie
751 2408 807 2468 des
853 2411 1062 2471 bedeutenden
1121 2416 1248 2476 Wiener

285 2437 526 2497 Laryngologen
569 2440 629 2500 und
666 2449 1038 2509 Universitätslehrers,
1067 2453 1183 2513 almete
1220 2455 1252 2515 er

281 2472 330 2532 die
356 2476 431 2536 Luft
457 2479 542 2539 jener
573 2483 774 2543 Geistigkeit,
794 2488 839 2548 die
870 2486 910 2546 ein
946 2494 1237 2554 Charakteristikum

284 2513 333 2573 der
358 2515 441 2575 alten
476 2521 608 2581 Wiener
633 2524 863 2584 „Gesellf.haft“
893 2530 976 2590 war,
996 2533 1064 2593 eine
1094 2536 1255 2596 elegante,

284 2557 490 2617 spielerische,
505 2562 651 2622 spezisisch
677 2567 908 2627 österreichische
933 2570 1164 2630 Lufsmischung
1190 2578 1245 2638 aus

280 2595 393 2655 Kunst,
413 2601 629 2661 Wissenschaft
659 2604 723 2664 und
758 2611 1008 2671 kommorziellen
1048 2614 1254 2674 Interessen.

277 2632 326 2692 die
352 2636 473 2696 Arthur
499 2643 690 2703 Schnitzlers
715 2645 857 2705 Schaffen
888 2651 958 2711 früh
983 2652 1069 2712 ihren
1099 2657 1255 2717 Slempel

275 2676 476 2736 aufdrückte.
508 2680 553 2740 Er
580 2684 683 2744 wurde
710 2685 797 2745 selbst
818 2687 911 2747 Arzt,
927 2686 994 2746 tre)
1016 2694 1113 2754 später
1140 2696 1165 2756 in
1197 2697 1243 2757 den

275 2719 585 2779 militärärztlichs::
615 2724 748 2784 Dienst,
792 2727 844 2787 den
888 2729 920 2789 er
974 2733 1084 2793 wegen
1141 2737 1246 2797 seines

280 2757 527 2817 „Leutnant
547 2761 690 2821 Wust!“
725 2765 789 2825 (der
814 2767 863 2827 ihm
908 2769 952 2829 ein
982 2775 1253 2835 Ehrengerichts¬

276 2793 443 2853 verfahren
481 2800 658 2860 einbrachte
706 2806 878 2866 quittieren
921 2811 1047 2871 mußte,
1076 2816 1131 2876 und
1174 2816 1252 2876 wid¬

275 2834 353 2894 mete
378 2836 422 2896 sich
447 2840 550 2900 dann,
565 2843 653 2903 durch
678 2844 727 2904 den
762 2848 963 2908 „Anatol“
988 2852 1067 2912 rasch
1092 2857 1248 2917 berünent

272 2874 457 2934 geworden,
478 2880 553 2940 ganz
578 2882 630 2942 der
654 2885 769 2945 Arbeit
788 2887 850 2947 mit
870 2888 922 2948 der
942 2890 1061 2950 Feder.

324 2915 526 2975 Ueberblickt
557 2921 625 2981 man
665 2924 714 2984 die
749 2926 814 2986 fast
844 2930 1105 2990 unübersehbare
1145 2936 1243 2996 Reihe

267 2954 319 3014 der
344 2956 459 3016 Werke
483 2960 579 3020 dieses
613 2964 771 3024 unerhört
795 2969 991 3029 fruchtbaren
1026 2975 1193 3035 Mannes,
1213 2977 1236 3037 so

268 2993 300 3053 ist
329 2996 426 3056 unter
460 2997 511 3057 ben
549 3004 774 3064 dramatischen
817 3008 891 3068 kaum
939 3011 1051 3071 eines,
1075 3014 1131 3074 das
1169 3018 1238 3078 noch

266 3035 462 3095 regelmäßig
497 3041 526 3101 in
556 3044 610 3104 den
645 3045 866 3105 Spielplänen
920 3051 974 3111 der
1024 3056 1245 3116 (außeröster¬

259 3076 460 3136 reichischen)
500 3082 647 3142 Theater
693 3088 933 3148 wiederkehrte.
998 3091 1071 3151 Und
1101 3095 1160 3155 wie
1190 3098 1234 3158 riß

262 3113 331 3173 mer
362 3116 407 3176 sich
433 3118 508 3178 einst
529 3121 564 3181 um
605 3124 659 3184 sie!
696 3125 786 3185 „Der
812 3129 877 3189 Ruf
898 3130 947 3190 des
974 3133 1135 3193 Lebens",
1150 3139 1235 3199 „Der

264 3154 363 3214 grüne
393 3160 555 3220 Kakadu",
576 3163 664 3223 „Der
689 3165 827 3225 einsame
848 3166 961 3226 Wep“.
981 3174 1070 3234 „Der
1095 3176 1237 3236 Schleier

262 3193 313 3253 der
341 3199 528 3259 Beatrice",
547 3204 743 3264 „Lebendige
767 3207 939 3267 Stunden"
968 3212 1028 3272 und
1062 3214 1117 3274 vor
1146 3218 1220 3278 allem

265 3235 303 3295 hie
332 3236 361 3296 in
395 3240 524 3300 schönste
559 3244 756 3304 wienerische
785 3249 914 3309 Anmut
939 3252 1097 3312 getauchte
1132 3258 1237 3318 „Vie¬

273 3276 398 3336 elet“
418 3276 432 3336 —
476 3281 533 3341 wie
558 3284 654 3344 haben
683 3285 761 3345 diese
785 3287 901 3347 Stücke
925 3292 1051 3352 einmal
1070 3294 1133 3354 mit
1153 3297 1239 3357 ihrer

249 3315 445 3375 Wortmusik
499 3321 561 3381 und
614 3326 700 3386 ihrem
749 3327 964 3387 geschliffenen
1003 3333 1128 3393 Dialog
1162 3337 1228 3397 Be¬

252 3357 433 3417 geisterung
462 3363 653 3423 entzündet!
691 3366 807 3426 Sogar
831 3369 901 3429 eine
925 3372 1023 3432 große
1051 3377 1224 3437 Sensation

245 3396 387 3456 entstand
416 3400 590 3460 seinerzeit
615 3405 652 3465 um
695 3405 747 3465 den
780 3408 903 3468 Namen
937 3412 1069 3472 Arthur
1093 3417 1235 3477 Schnitz¬

247 3436 311 3496 ler.
351 3436 425 3496 Das
460 3441 544 3501 war,
569 3444 618 3504 als
648 3446 677 3506 im
722 3450 850 3510 Winter
886 3450 1004 3510 1021/22
1034 3455 1093 3515 sein
1133 3459 1226 3519 „Rei¬

250 3476 344 3536 gen",
387 3479 546 3539 übrigens
604 3485 759 3545 entgegen
835 3488 891 3548 dem
957 3495 1226 3555 ursprünglichen

250 3515 394 3575 Wunsche
419 3518 466 3578 des
491 3522 660 3582 Dichters,
675 3526 732 3586 auf
752 3527 847 3587 vielen
877 3533 1031 3593 deutschen
1061 3538 1219 3598 Theatern

251 3557 381 3617 gegeben
410 3560 517 3620 wurde
546 3561 606 3621 und
635 3565 676 3625 die
695 3568 840 3628 erotische
864 3574 1107 3634 Eindeutigkeit
1131 3581 1223 3641 dieser

253 3596 373 3656 Szenen
407 3598 470 3658 viel
494 3601 571 3661 Lärm
614 3605 816 3665 hervorrief.

309 3638 409 3698 Jener
438 3638 523 3698 Lärr
567 3643 605 3703 ist
634 3646 705 3706 bald
739 3650 940 3710 verstummt,
969 3653 1026 3713 wie
1055 3656 1088 3716 es
1122 3659 1222 3719 über¬

243 3673 348 3733 haupt
372 3676 410 3736 um
453 3678 501 3738 den
535 3681 664 3741 Dichter
693 3685 745 3745 der
774 3688 946 3748 „Liebelel“
976 3694 1090 3754 immer
1119 3699 1214 3759 stiller

238 3714 363 3774 wurde.
393 3715 465 3775 Von
494 3719 595 3779 seinen
620 3725 847 3785 Erzählungen
876 3730 943 3790 war
968 3736 1209 3796 „Fräulein

246 3751 361 3811 selse“
387 3755 432 3815 die
457 3762 704 3822 erfolgreichste,
725 3768 759 3828 sie
785 3769 820 3829 ist
841 3772 966 3832 formal
987 3777 1032 3837 ein
1062 3778 1218 3838 Meister¬

237 3793 307 3853 stück
333 3799 583 3859 novellistischer
609 3805 725 3865 Kunst.

1454 213 1576 273 box
1651 216 1840 276 42/7

2262 1805 2554 1865 RVER

1845 1811 2094 1871 OBS

1929 1869 1952 1929 l.
1967 1864 2083 1924 österr.
2098 1867 2248 1927 behördl.
2258 1864 2554 1924 konzessioniertes

1880 1909 2111 1969 Unternehmen
2144 1906 2191 1966 für
2215 1906 2602 1966 Zeitungs-Ausschnitte

1931 1966 2077 2026 WIEN,
2107 1969 2155 2029 I.,
2184 1969 2465 2029 WOLLZEILE
2515 1969 2556 2029 11

2032 2016 2250 2076 TELEPHON
2290 2019 2462 2079 R-23-0-43

1832 2163 2053 2223 Ausschnitt
2075 2161 2169 2221 aus:

1853 2467 2163 2527 Ausschnitt
2200 2471 2272 2531 aus

1954 2581 2579 2641 ha

1853 2759 1941 2819 Nr.
1962 2767 2062 2827 2.L
2112 2764 2182 2824 vom

2329 2764 2668 2824 19

1973 2873 2125 2933 Arthur
2153 2878 2358 2938 Schnitzler

1788 2942 1901 3002 Arthur
1927 2948 2158 3008 Schnitzler
2205 2951 2246 3011 ist
2288 2951 2323 3011 am
2370 2954 2524 3014 Mittwoch
2576 2957 2663 3017 gegen

1729 2991 1778 3051 17
1803 2993 1861 3053 Uhr
1887 2993 2000 3053 abendo
2025 2994 2049 3054 in
2074 2996 2157 3056 Wien
2187 2996 2270 3056 einem
2306 2999 2527 3059 Schlaganfall
2542 2999 2675 3059 erlegen.

1777 3059 1837 3119 Der
1868 3061 1984 3121 Dichter
2016 3064 2122 3124 wurde
2148 3065 2183 3125 am
2230 3065 2280 3125 15.
2306 3067 2397 3127 Mal.
2408 3067 2479 3127 1862
2505 3068 2555 3128 als
2581 3067 2667 3127 Sehn

1726 3102 1810 3162 eines
1836 3106 1941 3166 Arztes
1967 3107 1991 3167 in
2022 3107 2102 3167 Wien
2132 3109 2292 3169 geboren.4
2313 3109 2448 3169 Sowohl
2469 3112 2513 3172 als
2534 3112 2669 3172 Drama¬

1725 3147 1813 3207 tiker,
1830 3149 1874 3209 alo
1897 3151 2052 3211 Novellist
2070 3151 2125 3211 und
2148 3153 2203 3213 o
2226 3155 2370 3215 Erzählr
2393 3154 2426 3214 ist
2449 3154 2604 3214 Schnitzler
2627 3152 2676 3212 be¬

1724 3190 1826 3250 rühmt
1849 3193 2028 3253 geworden.
2061 3197 2317 3257 Vielfacher
2345 3199 2409 3259 auch
2438 3199 2486 3259 als
2514 3199 2562 3259 der
2590 3199 2676 3259 Dich=

1722 3232 1766 3292 ter
1791 3235 1835 3295 der
1860 3238 1948 3298 Liebe
1974 3238 2027 3298 und
2053 3238 2101 3298 des
2127 3240 2225 3300 Tödes
2245 3241 2412 3301 bezeichnet
2432 3241 2565 3301 worden.
2580 3240 2673 3300 Seine

1724 3276 1924 3336 Hauptwerke
1957 3281 2036 3341 sind:
2068 3282 2242 3342 „Anatol",
2269 3285 2459 3345 „Liebelei",
2486 3284 2649 3344 „Freiwild

1730 3321 1823 3381 (eines
1848 3324 1936 3384 seiner
1956 3326 2260 3386 Tendenzdramen),
2275 3327 2447 3387 „Professor
2467 3327 2677 3387 Vernhardl“,

1743 3364 1896 3424 Reigen",
1918 3369 2202 3429 „Zwischenspiel".
2225 3372 2309 3432 „Der
2336 3372 2404 3432 Ruf
2441 3372 2493 3432 des
2526 3372 2678 3432 Lebens",

1730 3408 1911 3468 „Sterben",
1931 3414 2229 3474 „Traumnovelle“.
