3436 4256
362 297 943 357 Schnitzler's
1010 300 1238 360 Death

535 547 761 607 EXTRACT
794 550 915 610 FROM

321 655 642 715 Merneng
700 649 869 709 Lelet

298 790 407 850 Date

722 791 787 851 12
831 794 992 854 10-31

247 885 415 945 FAMOUS
440 891 642 951 AUSTRIAN
672 894 831 954 WRITER
865 897 995 957 DEAD.

605 962 786 1022 VIENNA,
810 968 1033 1028 Wednesday.

210 992 273 1052 The
289 992 379 1052 death
403 995 552 1055 oceurred
580 998 732 1058 suddenly
756 1001 862 1061 to-day
882 1004 909 1064 in
937 1005 1054 1065 Vienna

168 1028 207 1088 jof
239 1028 357 1088 Arthur
392 1033 588 1093 Schnitzler,
620 1037 777 1097 Austria's
813 1040 899 1100 most
931 1042 1056 1102 famous

179 1064 263 1124 poet,
284 1067 495 1127 playwright,
515 1070 571 1130 and
600 1072 754 1132 novelist.
791 1076 839 1136 Hle
868 1079 929 1139 was
954 1079 981 1139 in
1010 1079 1058 1139 his

176 1103 241 1163 70th
269 1106 530 1166 year.—Central
547 1109 655 1169 News.

399 1312 635 1372 EXTRACT
663 1320 781 1380 ERON

294 1404 597 1464 Ausgend
640 1410 858 1470 Haradd

663 1562 725 1622 10

313 1712 453 1772 DEATH
520 1702 568 1762 OF
629 1687 926 1747 WELL-KNOWN

363 1755 582 1815 AUSTRIAN
640 1736 893 1796 DRAMATIST

608 1821 773 1881 VIENNA,
792 1811 995 1871 Wednesday.

287 1886 347 1946 The
396 1878 517 1938 famous
566 1867 704 1927 Austrian
757 1855 919 1915 dramatist
964 1845 1020 1905 and

256 1926 401 1986 novelist,
418 1920 454 1980 Dr
479 1914 588 1974 Arthur
605 1903 787 1963 Schnitzler,
800 1893 913 1953 creator
934 1890 962 1950 of
982 1885 1030 1945 the

259 1963 519 2023 world-renowned
550 1950 704 2010 “Anatol,
740 1940 806 2000 dfed
837 1933 903 1993 here
929 1926 1026 1986 to-day

263 2011 295 2071 at
316 2008 365 2068 the
391 2001 440 2061 age
461 1998 494 2058 of
515 1996 555 2056 69.

294 2051 331 2111 Dr
356 2040 534 2100 Schnitzler,
556 2034 613 2094 who
643 2028 696 2088 was
717 2023 783 2083 born
809 2018 833 2078 in
863 2011 970 2071 Vienna
995 2008 1020 2068 in

265 2090 334 2150 1862,
357 2083 500 2143 practised
530 2075 559 2135 as
582 2072 592 2132 a
618 2067 721 2127 doctor
740 2061 784 2121 for
807 2054 924 2114 several
939 2049 1038 2109 years.

264 2123 289 2183 In
316 2121 374 2181 1893
397 2116 430 2176 he
457 2110 574 2170 became
601 2100 719 2160 famous
745 2093 808 2153 with
838 2088 867 2148 an
894 2082 1030 2142 amusing

263 2154 355 2214 series
395 2149 428 2209 of
465 2141 549 2201 short
589 2135 677 2195 plays
714 2125 746 2185 of
783 2120 930 2180 Viennese
970 2110 1036 2170 life,

270 2185 398 2245 centring
424 2177 511 2237 round
537 2172 584 2232 the
610 2163 761 2223 character
783 2153 812 2213 of
831 2150 951 2210 Anatol,
970 2143 1032 2203 who

266 2221 319 2281 was
350 2211 525 2271 introduced
560 2203 586 2263 to
625 2197 675 2257 the
709 2192 831 2252 English
866 2182 968 2242 public
999 2175 1033 2235 by

276 2314 363 2374 which
398 2305 546 2365 appeared
581 2297 603 2357 in
637 2293 709 2353 1896,
736 2287 796 2347 also
832 2280 968 2340 achieved
1002 2273 1036 2333 an

273 2346 494 2406 international
512 2328 856 2388 reputation.—Reuter.

428 2675 657 2735 EXTRACT
685 2673 804 2733 FRON

590 2778 807 2838 Wades
857 2773 1026 2833 Lehe

255 2786 495 2846 Renth

627 2922 928 2982 22103

198 2931 299 2991 Date

389 3046 681 3106 AUSTRIA'S
729 3045 870 3105 MOST

421 3112 662 3172 FAMOUS
696 3111 864 3171 POET.

286 3205 424 3265 Death
460 3207 501 3267 of
529 3207 703 3267 Arthur
731 3207 994 3267 Schnitzler.

317 3255 442 3315 Vienna,
464 3257 726 3317 Thursday.—The
753 3257 834 3317 death
865 3259 1002 3319 occurred

285 3293 427 3353 suddenly
458 3293 612 3353 yesterday
639 3293 664 3353 in
699 3295 811 3355 Vienna
841 3296 871 3356 of
898 3296 1009 3356 Arthur

285 3332 462 3392 Schnitzler,
491 3332 636 3392 Austria's
665 3332 745 3392 most
778 3335 891 3395 famous
927 3335 1008 3395 poet,

281 3370 462 3430 playwright
479 3371 535 3431 and
562 3371 703 3431 novelist.
751 3371 798 3431 He
825 3372 880 3432 was
907 3374 932 3434 in
963 3374 1010 3434 his

289 3407 344 3467 70th
377 3407 459 3467 year.

310 3445 423 3505 Arthur
451 3445 614 3505 Schnitzler
641 3445 700 3505 was
728 3445 795 3505 born
827 3447 854 3507 in
886 3445 999 3505 Vienna

283 3484 305 3544 in
345 3482 420 3542 1862.
483 3484 531 3544 He
567 3481 624 3541 was
661 3484 709 3544 the
745 3484 797 3544 son
838 3484 869 3544 of
905 3484 997 3544 Johan

278 3520 459 3580 Schnitzler,
477 3521 527 3581 the
550 3523 777 3583 laryngologist,
800 3523 850 3583 and
878 3523 1004 3583 himself

280 3556 341 3616 took
371 3558 382 3618 a
408 3559 536 3619 medical
559 3559 662 3619 degree
684 3559 739 3619 and
765 3559 809 3619 for
831 3559 912 3619 some
935 3559 1004 3619 time

282 3595 423 3655 practised
451 3595 482 3655 as
507 3597 518 3657 a
542 3596 715 3656 physician.
762 3595 821 3655 Hlis
845 3595 912 3655 first
936 3595 1002 3655 book

278 3631 338 3691 was
380 3634 547 3694 “Anatol,"
597 3634 608 3694 a
654 3631 745 3691 series
783 3632 817 3692 of
859 3633 1003 3693 dramatic

278 3668 415 3728 sketches
439 3669 470 3729 of
494 3669 505 3729 a
533 3669 627 3729 young
670 3669 783 3729 Vienna
823 3669 905 3729 girl's
941 3669 1003 3729 love

277 3708 473 3768 adventures.
521 3708 548 3768 It
568 3708 622 3768 was
642 3705 795 3765 published
819 3708 842 3768 in
870 3706 924 3766 1893
948 3707 999 3767 and

283 3744 338 3804 was
365 3747 528 3807 translated
563 3747 592 3807 by
627 3747 687 3807 Mr.
717 3744 863 3804 Granville
894 3744 1005 3804 Barker

279 3783 312 3843 in
340 3780 415 3840 1908.

309 3817 356 3877 He
387 3819 469 3879 wrote
499 3819 637 3879 polished
668 3818 750 3878 verce
781 3819 836 3879 and
867 3819 1005 3879 brilliant

279 3857 378 3917 plays,
400 3857 454 3917 but
475 3857 500 3917 is
526 3857 592 3917 best
613 3855 713 3915 known
747 3857 772 3917 in
802 3857 935 3917 England
969 3857 1002 3917 by

279 3894 327 3954 his
356 3894 457 3954 novels
490 3893 522 3953 of
551 3893 697 3953 Viennese
738 3893 786 3953 life
831 3892 920 3952 which
969 3892 1001 3952 he

281 3931 410 3991 depicted
443 3929 507 3989 with
536 3932 548 3992 a
577 3931 722 3991 lightness
755 3929 787 3989 of
820 3929 900 3989 touch
946 3929 998 3989 and

276 3969 413 4029 humour
455 3968 525 4028 that
572 3969 617 4029 are
668 3968 1005 4028 inimitable.—Central

282 4006 384 4066 News.

1455 300 1588 360 box
1665 303 1896 363 43/17

1275 650 1996 710 OBSERVER

1364 724 1388 784 I.
1402 724 1522 784 österr.
1531 720 1682 780 behördl.
1695 713 1996 773 konzessioniertes

1322 764 1558 824 Unternehmen
1586 759 1635 819 für
1662 754 2051 814 Zeitungs-Ausschyitte

1381 823 1520 883 WIEN,
1548 821 1594 881 I.,
1622 819 1910 879 WOLLZEILE
1958 812 1997 872 11

1472 871 1690 931 TELEPHON
1721 865 1899 925 R-23-0-43

1273 1018 1497 1078 Ausschnitt
1520 1013 1613 1073 aus:

1543 1101 1620 1161 The
1649 1111 1775 1171 Timos
1796 1124 1958 1184 London

1288 1243 1392 1303 vom:
1469 1268 1574 1328 22.
1594 1276 1717 1336 OKT.
1738 1272 1842 1332 1937

1539 1391 1808 1451 OBITUARY

1362 1498 1448 1558 THE
1493 1504 1650 1564 BISIIOP
1688 1506 1736 1566 OF
1776 1511 1987 1571 BURNLEY

1332 1556 1401 1616 DR.
1418 1556 1538 1616 HENRY
1565 1558 1676 1618 HENN,
1694 1562 1858 1622 Suffragan
1889 1566 2000 1626 Bishop
2031 1568 2065 1628 of

1292 1595 1433 1655 Burnley
1459 1595 1542 1655 since
1572 1598 1664 1658 1909,
1681 1601 1747 1661 died
1777 1603 1810 1663 at
1835 1604 1973 1664 Burnley
2003 1607 2061 1667 last

1294 1634 1384 1694 night
1406 1635 1427 1695 in
1454 1637 1496 1697 his
1514 1637 1586 1697 74th
1609 1639 1698 1699 year.
1729 1641 1746 1701 A
1777 1643 1905 1703 memoir
1923 1646 2060 1706 appears

1294 1674 1330 1734 on
1354 1675 1431 1735 page
1454 1673 1504 1733 17.

1333 1711 1397 1771 Our
1430 1712 1547 1772 Vienna
1580 1715 1843 1775 Correspondent
1871 1722 2057 1782 announces

1292 1751 1345 1811 the
1367 1750 1475 1810 death,
1488 1753 1521 1813 at
1538 1753 1588 1813 the
1610 1754 1659 1814 age
1680 1756 1709 1816 of
1726 1756 1776 1816 69,
1789 1756 1822 1816 of
1839 1759 1905 1819 DR.
1915 1761 2052 1821 ARTHUR

1292 1789 1513 1849 SCHNITZLER,
1567 1792 1624 1852 the
1691 1795 1836 1855 eminent
1899 1800 2049 1860 Austrian

1288 1828 1446 1888 novelist,
1462 1831 1649 1891 dramatist,
1666 1834 1722 1894 and
1756 1840 1966 1900 playwright.

1780 2160 2113 2220 ERVER

1400 2171 1660 2231 OBS

1485 2227 1512 2287 I.
1527 2225 1649 2285 österr.
1664 2225 1809 2285 behördl.
1823 2222 2119 2282 konzessioniertes

1440 2267 1675 2327 Unternehmen
1708 2264 1757 2324 für
1780 2261 2162 2321 Zeitungs-Ausschnitte

1493 2326 1640 2386 WIEN,
1669 2326 1718 2386 I.,
1747 2324 2029 2384 WOLLZEILE
2079 2323 2120 2383 11

1593 2377 1811 2437 TELEPHON
1843 2374 2019 2434 R-23-0-43

1394 2520 1613 2580 Ausschnitt
1637 2520 1728 2580 aus:

1664 2711 1794 2771 Baet
1817 2708 1898 2768 ana

1574 2845 1715 2905 Beifast
1746 2841 1857 2901 News
1908 2840 2039 2900 Letter

1689 3078 1707 3138 2
1758 3081 1776 3141 2
1808 3086 1906 3146 Wl.
1927 3081 1985 3141 195

1429 3189 1522 3249 THE
1567 3194 1773 3254 CREATOR
1831 3198 1874 3258 OF
1925 3198 2094 3258 ANATOL

1362 3326 1473 3386 Death
1506 3327 1542 3387 of
1564 3329 1579 3389 a
1612 3329 1760 3389 Famous
1787 3332 1946 3392 Austrian
1979 3335 2174 3395 Dramatist

1794 3399 1923 3459 Vienna,
1949 3402 2146 3462 Wednesday.

1396 3437 1458 3497 The
1486 3440 1599 3500 famous
1628 3442 1757 3502 Austrian
1788 3444 1941 3504 dramatist
1965 3448 2015 3508 and
2043 3450 2184 3510 novelist,

1360 3481 1417 3541 Dr.
1448 3481 1558 3541 Arthur
1589 3487 1768 3547 Schnitzler,
1799 3487 1909 3547 creator
1940 3490 1970 3550 of
2001 3491 2046 3551 the
2089 3493 2168 3553 world

1357 3523 1505 3583 renowned
1540 3527 1684 3587 “Anatol
1746 3532 1806 3592 died
1845 3535 1909 3595 here
1940 3535 2031 3595 to-day
2066 3538 2096 3598 at
2123 3538 2168 3598 the

1362 3569 1412 3629 age
1435 3570 1466 3630 of
1485 3571 1530 3631 69.

1394 3616 1447 3676 Dr.
1477 3616 1587 3676 Arthur
1625 3622 1799 3682 Schnitzler,
1834 3622 1894 3682 who
1937 3625 1993 3685 was
2031 3625 2095 3685 born
2141 3626 2164 3686 in

1364 3651 1466 3711 Vienna
1490 3651 1513 3711 in
1540 3652 1618 3712 1862,
1634 3655 1771 3715 practised
1795 3657 1822 3717 as
1846 3659 1858 3719 a
1882 3660 1979 3720 doctor
1999 3661 2038 3721 for
2062 3663 2171 3723 several

1362 3688 1460 3748 years.
1506 3688 1532 3748 In
1575 3690 1635 3750 1893
1669 3690 1703 3750 ho
1738 3693 1851 3753 became
1890 3698 1999 3758 famous
2034 3697 2094 3757 with
2132 3699 2162 3759 an

1357 3723 1485 3783 amusing
1508 3724 1595 3784 series
1618 3724 1647 3784 of
1669 3726 1749 3786 seven
1776 3729 1856 3789 short
1878 3732 1955 3792 plays
1978 3732 2006 3792 of
2029 3735 2168 3795 Viennese

1356 3757 1405 3817 life
1428 3758 1553 3818 centring
1580 3762 1663 3822 round
1690 3765 1735 3825 the
1758 3766 1902 3826 character
1929 3768 1955 3828 of
1979 3771 2088 3831 Anatol
2107 3771 2164 3831 who

1355 3792 1414 3852 was
1453 3795 1617 3855 introduced
1661 3798 1688 3858 to
1732 3801 1778 3861 the
1822 3804 1935 3864 English
1983 3807 2080 3867 public
2128 3807 2162 3867 by

1354 3829 1500 3889 Granville
1541 3833 1647 3893 Barker
1680 3834 1695 3894 a
1732 3836 1852 3896 number
1893 3839 1922 3899 of
1959 3842 2043 3902 yeafs
2084 3842 2168 3902 later.

1385 3866 1522 3926 Reigen"
1555 3869 1567 3929 a
1600 3870 1689 3930 series
1714 3873 1742 3933 of
1767 3875 1812 3935 ten
1845 3878 1983 3938 dramatic
2012 3881 2169 3941 dialogues,

1349 3899 1441 3959 wbich
1466 3905 1603 3965 appeared
1632 3908 1656 3968 in
1684 3908 1765 3968 1896.
1782 3911 1838 3971 also
1862 3914 1996 3974 achieved
2024 3917 2053 3977 an
2081 3917 2165 3977 inter¬

1337 3939 1487 3999 national
1504 3944 1839 4004 reputation.—Reuter.

2401 212 3135 272 OBSERVERe

2407 249 2434 309 I.
2451 255 2573 315 österr.
2589 265 2739 325 behördl.
2760 278 3055 338 konzessioniertes

2376 295 2608 355 Unternehmen
2638 306 2683 366 für
2708 319 3091 379 Zeitungs-Ausschnitte

2441 354 2576 414 WIEN,
2597 364 2641 424 I.,
2662 377 2948 437 WOLLZEILE
2988 387 3026 447 11

2518 414 2732 474 TELEPHON
2769 428 2942 488 R-23-0-43

2352 953 2855 1013 HOSIMNMOORN

2398 1118 2956 1178 CORNTLEERDEAI

2341 1246 2454 1306 Noted
2492 1251 2706 1311 Dramatist
2739 1252 2864 1312 Found
2902 1255 3003 1315 Dead

2350 1310 2393 1370 by
2427 1309 2814 1369 Secretary—Began
2854 1314 2993 1374 Career

2510 1368 2552 1428 as
2583 1369 2595 1429 a
2626 1371 2815 1431 Physician

2335 1482 2405 1542 HIS
2457 1483 2600 1543 PLAYS
2652 1488 2825 1548 STAGED
2883 1491 2997 1551 HERE

2376 1574 2532 1634 VENNA.
2570 1577 2653 1637 Oet.
2693 1577 2727 1637 2
2753 1577 2776 1637 V
2850 1583 2994 1643 Autre

2333 1616 2474 1676 mourned
2502 1619 2583 1679 today
2602 1619 2652 1679 one
2671 1619 2702 1679 of
2717 1619 2757 1679 its
2776 1622 2904 1682 greatest
2923 1624 3009 1684 mod¬

2334 1658 2377 1718 ern
2403 1658 2519 1718 Ilterary
2537 1661 2657 1721 figures,
2671 1661 2722 1721 Dr.
2735 1661 2846 1721 Arthur
2864 1664 3001 1724 Schnitz¬

2328 1698 2384 1758 ler,
2406 1700 2534 1760 novelist
2561 1700 2612 1760 and
2642 1702 2818 1762 dramatist,
2840 1702 2900 1762 who
2931 1705 2995 1765 died

2327 1739 2472 1799 suddenly
2496 1741 2642 1801 yesterday
2666 1744 2697 1804 at
2716 1744 2765 1804 the
2789 1745 2839 1805 age
2858 1747 2889 1807 of
2908 1746 3003 1806 sixty¬

2328 1781 2425 1841 nine.

2364 1825 2405 1885 He
2429 1825 2485 1885 had
2513 1825 2569 1885 not
2588 1825 2658 1885 been
2687 1828 2724 1888 ill
2743 1828 2794 1888 and
2827 1831 2883 1891 was
2907 1831 3000 1891 about

2331 1864 2358 1924 to
2390 1864 2500 1924 dictate
2528 1866 2539 1926 a
2575 1867 2626 1927 new
2666 1868 2764 1928 drama
2795 1870 2874 1930 when
2910 1873 2996 1933 death

2326 1904 2463 1964 overtook
2490 1906 2567 1966 him.
2597 1908 2640 1968 He
2662 1908 2739 1968 went
2761 1910 2786 1970 to
2813 1911 2860 1971 the
2882 1911 2997 1971 theatre

2327 1945 2378 2005 the
2398 1948 2485 2008 night
2501 1948 2595 2008 before
2615 1950 2662 2010 and
2682 1951 2745 2011 took
2769 1953 2812 2013 his
2832 1953 2997 2013 customary

2328 1990 2396 2050 walk
2425 1989 2575 2049 yesterday
2600 1992 2750 2052 morning,
2766 1992 2823 2052 but
2848 1992 2924 2052 when
2953 1995 2997 2055 his

2329 2028 2474 2088 secretary
2502 2031 2608 2091 arrived
2639 2031 2670 2091 at
2697 2033 2741 2093 his
2768 2035 2857 2095 study
2884 2037 2998 2097 shortly

2322 2069 2424 2129 before
2452 2073 2527 2133 noon
2559 2073 2609 2133 she
2637 2073 2732 2133 found
2768 2074 2814 2134 him
2859 2077 2992 2137 slumped

2331 2111 2529 2171 unconscious
2548 2112 2611 2172 over
2630 2114 2674 2174 his
2693 2114 2806 2174 writing
2829 2117 2923 2177 table.
2951 2120 2991 2180 He

2325 2153 2370 2213 did
2401 2153 2454 2213 not
2477 2154 2572 2214 regain
2600 2156 2840 2216 consciousness.

2361 2195 2416 2255 Dr.
2431 2195 2599 2255 Schnitzler
2618 2195 2674 2255 was
2694 2198 2702 2258 a
2726 2198 2876 2258 physician
2904 2201 2927 2261 in
2956 2200 2997 2260 his

2327 2234 2402 2294 early
2431 2236 2498 2296 life,
2519 2237 2656 2297 adopting
2690 2240 2740 2300 the
2770 2240 2928 2300 profession
2966 2243 2995 2303 of

2328 2276 2474 2336 medicine
2500 2278 2525 2338 to
2551 2279 2645 2339 please
2667 2279 2714 2339 his
2736 2280 2851 2340 father,
2869 2281 2881 2341 a
2908 2281 2993 2341 fash¬

2326 2316 2442 2376 tonable
2477 2317 2576 2377 doctor
2607 2318 2636 2378 of
2663 2320 2775 2380 Vienna
2805 2322 2913 2382 during
2948 2324 2995 2384 the

2322 2356 2406 2416 city's
2433 2359 2556 2419 pre-war
2579 2359 2644 2419 days
2668 2361 2698 2421 of
2721 2363 2840 2423 gayety.
2862 2365 2924 2425 But
2942 2364 2994 2424 lit¬

2320 2397 2439 2457 erature
2471 2401 2528 2461 was
2551 2401 2599 2461 his
2622 2401 2688 2461 real
2711 2404 2790 2464 love.
2826 2404 2871 2464 He
2898 2406 2995 2466 aban¬

2327 2439 2415 2499 doned
2444 2443 2488 2503 his
2508 2443 2633 2503 medical
2649 2444 2774 2504 practice
2799 2444 2887 2504 thirty
2912 2446 2992 2506 years

2323 2479 2392 2539 ago.
2427 2481 2483 2541 His
2505 2481 2604 2541 novels
2630 2484 2682 2544 and
2713 2484 2794 2544 plays
2821 2484 2893 2544 have
2920 2487 2989 2547 been

2328 2521 2486 2581 translated
2514 2523 2573 2583 into
2600 2523 2677 2583 most
2700 2526 2731 2586 of
2755 2528 2804 2588 the
2832 2529 2990 2589 languages

2323 2562 2353 2622 of
2377 2562 2426 2622 the
2450 2565 2549 2625 world.

2359 2606 2387 2666 In
2420 2606 2466 2666 his
2494 2607 2615 2667 father's
2639 2610 2769 2670 drawing
2798 2613 2895 2673 room,
2914 2613 2946 2673 as
2975 2613 2988 2673 a

2323 2649 2417 2709 young
2448 2649 2529 2709 man,
2547 2650 2581 2710 he
2607 2652 2668 2712 met
2690 2652 2775 2712 many
2802 2652 2831 2712 of
2857 2653 2995 2713 Vienna's

2324 2689 2459 2749 eminent
2477 2690 2600 2750 authors
2619 2691 2671 2751 and
2698 2693 2870 2753 dramatists
2888 2693 2918 2753 of
2940 2696 2988 2756 the

2319 2729 2426 2789 earlier
2456 2732 2537 2792 days.
2581 2732 2666 2792 When
2705 2735 2738 2795 he
2773 2733 2828 2793 was
2859 2735 2991 2795 twenty-

2320 2774 2401 2834 eight
2429 2774 2470 2834 he
2498 2774 2652 2834 published
2685 2775 2730 2835 his
2758 2775 2826 2835 first
2854 2777 2927 2837 book
2959 2780 2995 2840 of

2323 2812 2415 2872 verse.
2448 2813 2476 2873 It
2496 2815 2548 2875 was
2569 2816 2702 2876 followed
2727 2818 2759 2878 by
2784 2817 2795 2877 a
2820 2819 2937 2879 volume
2962 2819 2989 2879 of

2319 2855 2404 2915 short
2430 2857 2546 2917 stories,
2564 2858 2614 2918 and
2645 2858 2705 2918 from
2744 2859 2812 2919 then
2843 2861 2877 2921 on
2908 2861 2989 2921 there

2322 2896 2403 2956 came
2426 2896 2481 2956 from
2520 2899 2563 2959 his
2585 2899 2636 2959 pen
2662 2899 2683 2959 in
2714 2900 2795 2960 quick
2821 2900 2980 2960 succession

2316 2938 2333 2998 a
2360 2938 2488 2998 number
2511 2941 2541 3001 of
2564 2941 2710 3001 comedies
2732 2941 2763 3001 of
2790 2943 2838 3003 the
2865 2944 2979 3004 modern

2316 2980 2447 3040 German
2475 2983 2593 3043 school.

2352 3022 2429 3082 Most
2462 3024 2492 3084 of
2524 3022 2571 3082 his
2603 3025 2748 3085 dramatic
2786 3026 2879 3086 works
2911 3028 2989 3088 have

2323 3064 2385 3124 been
2410 3063 2572 3123 performed
2593 3066 2618 3126 in
2643 3066 2776 3126 English.
2805 3066 2867 3126 One
2889 3068 2917 3128 of
2934 3069 2984 3129 the

2316 3103 2388 3163 best
2415 3105 2515 3165 known
2552 3106 2578 3166 in
2611 3105 2660 3165 the
2692 3108 2796 3168 United
2833 3108 2932 3168 States
2960 3111 2986 3171 is

2421 3147 2509 3207 Green
2536 3147 2708 3207 Cockatoo,"
2730 3148 2752 3208 in
2783 3150 2871 3210 which
2902 3150 2986 3210 Alex¬

2316 3189 2408 3249 ander
2435 3189 2545 3249 Moissi,
2563 3189 2616 3249 one
2639 3189 2669 3249 of
2692 3192 2882 3252 Schnitzler's
2909 3192 2988 3252 chief

2315 3231 2499 3291 exponents,
2511 3231 2630 3291 played.

2349 3272 2399 3332 His
2429 3272 2626 3332 "Lieutenant
2656 3272 2769 3332 Gustl,"
2800 3274 2891 3334 which
2930 3275 2984 3335 was

2321 3313 2475 3373 translated
2505 3312 2563 3372 into
2588 3314 2700 3374 English
2730 3314 2822 3374 under
2847 3316 2893 3376 the
2918 3317 2980 3377 title

2323 3351 2413 3411 "None
2440 3353 2495 3413 But
2517 3356 2564 3416 the
2586 3356 2702 3416 Brave,"
2724 3357 2745 3417 is
2767 3357 2810 3417 his
2836 3359 2896 3419 best
2918 3358 2986 3418 sell¬

2315 3399 2363 3459 ing
2390 3395 2492 3455 novel.

2351 3440 2403 3500 Nr.
2447 3437 2610 3497 Schnitzler
2659 3440 2712 3500 had
2765 3440 2841 3500 some
2895 3442 2981 3502 noted

2315 3478 2440 3538 brushes
2472 3478 2537 3538 with
2578 3478 2626 3538 the
2663 3481 2764 3541 censor
2801 3481 2824 3541 in
2865 3481 2982 3541 various

2313 3521 2392 3581 parts
2419 3520 2447 3580 of
2473 3520 2519 3580 the
2545 3520 2650 3580 world.
2684 3523 2735 3583 His
2761 3524 2904 3584 “Reigen"
2934 3526 2988 3586 was

2315 3562 2456 3622 banished
2490 3562 2552 3622 from
2607 3562 2652 3622 the
2690 3562 2769 3622 stage
2803 3565 2832 3625 in
2870 3565 2982 3625 several

2313 3604 2463 3664 countries
2488 3604 2532 3664 for
2561 3604 2573 3664 a
2610 3606 2679 3666 time
2708 3607 2760 3667 and
2798 3607 2842 3667 his
2875 3610 2980 3670 "Casa¬

2310 3644 2410 3704 nova’s
2436 3643 2659 3703 Homecoming"
2688 3645 2814 3705 recently
2843 3648 2899 3708 won
2932 3651 2984 3711 out

2311 3686 2336 3746 n
2361 3684 2369 3744 a
2395 3684 2445 3744 tilt
2467 3684 2525 3744 with
2555 3684 2668 3744 censors
2690 3687 2715 3747 in
2740 3687 2795 3747 New
2829 3688 2917 3748 York.

2343 3726 2418 3786 John
2452 3726 2620 3786 Barrymore
2650 3726 2746 3786 played
2780 3729 2830 3789 the
2860 3733 2973 3793 leading

2314 3768 2370 3828 role
2407 3768 2432 3828 in
2469 3768 2660 3828 Schnitzler's
2697 3764 2774 3824 "The
2806 3771 2914 3831 Affairs
2950 3774 2981 3834 of

2312 3808 2433 3868 Anatol"
2458 3810 2479 3870 in
2504 3810 2562 3870 New
2592 3810 2662 3870 York
2688 3813 2708 3873 in
2738 3813 2804 3873 1912
2826 3813 2880 3873 and
2905 3816 2976 3876 later

2313 3846 2361 3906 the
2386 3849 2450 3909 play
2479 3850 2535 3910 was
2560 3853 2681 3913 adapted
2710 3851 2758 3911 for
2783 3853 2832 3913 the
2861 3857 2985 3917 movies,

2313 3888 2377 3948 with
2408 3892 2528 3952 Wallace
2550 3892 2619 3952 Reid
2645 3895 2761 3955 playing
2791 3896 2911 3956 Anatoi.

2337 3932 2394 3992 Dr.
2430 3934 2615 3994 Schnitzler's
2656 3938 2851 3998 grandfather
2891 3941 2970 4001 could

2311 3974 2364 4034 not
2386 3974 2452 4034 read
2481 3974 2510 4034 or
2536 3974 2627 4034 write.
2665 3976 2706 4036 He
2731 3976 2785 4036 was
2811 3980 2822 4040 a
2852 3983 2976 4043 carpen¬

2309 4013 2353 4073 ter
2398 4016 2479 4076 and-
2500 4018 2629 4078 changed
2678 4019 2723 4079 his
2768 4021 2857 4081 name
2902 4022 2962 4082 from

2306 4056 2524 4116 Zimmerman.
