<?xml version="1.0" encoding="UTF-8" standalone="yes"?>
<PcGts xmlns="http://schema.primaresearch.org/PAGE/gts/pagecontent/2013-07-15" xmlns:xsi="http://www.w3.org/2001/XMLSchema-instance" xsi:schemaLocation="http://schema.primaresearch.org/PAGE/gts/pagecontent/2013-07-15 http://schema.primaresearch.org/PAGE/gts/pagecontent/2013-07-15/pagecontent.xsd">
    <Metadata>
        <Creator>prov=READ-COOP:name=PyLaia@TranskribusPlatform:version=2.12.1:model_id=39995:lm=none:date=09_04_2024_22:50</Creator>
        <Created>2019-10-07T20:38:46.090+02:00</Created>
        <LastChange>2024-04-09T22:50:25.811+02:00</LastChange>
        <TranskribusMetadata docId="224459" pageId="9581955" pageNr="331" tsid="157630248" status="IN_PROGRESS" userId="64420" imgUrl="https://files.transkribus.eu/Get?id=WLAGHTKEKYBIYWXWIACWUETK&amp;fileType=view" xmlUrl="https://files.transkribus.eu/Get?id=DGYHUMCQRJRFTZSLZSEXEALE" imageId="6209082"/>
    </Metadata>
    <Page imageFilename="224459_0331.jpeg" imageWidth="3248" imageHeight="4384">
        <ReadingOrder>
            <OrderedGroup id="ro_1712938135390" caption="Regions reading order">
                <RegionRefIndexed index="0" regionRef="tr_1"/>
                <RegionRefIndexed index="1" regionRef="tr_2"/>
            </OrderedGroup>
        </ReadingOrder>
        <TextRegion orientation="0.0" id="tr_1" custom="readingOrder {index:0;}">
            <Coords points="459,657 459,4197 1537,4197 1537,657"/>
            <TextLine id="tr_1_tl_1" custom="readingOrder {index:0;}">
                <Coords points="456,722 483,712 506,717 529,709 570,711 586,719 604,706 615,711 627,706 630,636 593,648 563,647 550,633 534,637 521,631 498,642 459,636"/>
                <Baseline points="465,692 492,687 520,684 547,683 575,683 602,683 630,683"/>
                <Word id="tr_1_tl_1_w1" custom="readingOrder {index:0;}">
                    <Coords points="470,644 470,704 566,704 566,644"/>
                    <TextEquiv>
                        <Unicode>Seite</Unicode>
                    </TextEquiv>
                </Word>
                <Word id="tr_1_tl_1_w2" custom="readingOrder {index:1;}">
                    <Coords points="591,643 591,703 606,703 606,643"/>
                    <TextEquiv>
                        <Unicode>2</Unicode>
                    </TextEquiv>
                </Word>
                <TextEquiv>
                    <Unicode>Seite 2</Unicode>
                </TextEquiv>
            </TextLine>
            <TextLine id="tr_1_tl_2" custom="readingOrder {index:1;}">
                <Coords points="501,853 715,850 761,878 822,845 821,796 807,793 781,803 767,790 694,803 645,795 633,806 621,796 578,803 550,784 500,798"/>
                <Baseline points="510,836 536,838 562,839 589,839 615,840 642,842 668,840 694,839 721,839 747,839 774,839 800,839 827,836"/>
                <Word id="tr_1_tl_2_w1" custom="readingOrder {index:0;}">
                    <Coords points="508,801 508,861 799,861 799,801"/>
                    <TextEquiv>
                        <Unicode>Überspleite</Unicode>
                    </TextEquiv>
                </Word>
                <TextEquiv>
                    <Unicode>Überspleite</Unicode>
                </TextEquiv>
            </TextLine>
            <TextLine id="tr_1_tl_3" custom="readingOrder {index:2;}">
                <Coords points="804,926 981,946 1465,925 1465,870 1400,848 1335,873 1189,841 1113,862 1003,841 934,867 804,845"/>
                <Baseline points="812,922 844,919 877,919 910,921 943,921 976,919 1009,919 1041,919 1074,919 1107,919 1140,917 1173,916 1206,916 1239,916 1271,916 1304,917 1337,919 1370,919 1403,919 1436,919 1469,919"/>
                <Word id="tr_1_tl_3_w1" custom="readingOrder {index:0;}">
                    <Coords points="813,879 813,939 1278,939 1278,879"/>
                    <TextEquiv>
                        <Unicode>Musikalien</Unicode>
                    </TextEquiv>
                </Word>
                <Word id="tr_1_tl_3_w2" custom="readingOrder {index:1;}">
                    <Coords points="1367,879 1367,939 1443,939 1443,879"/>
                    <TextEquiv>
                        <Unicode>u.</Unicode>
                    </TextEquiv>
                </Word>
                <TextEquiv>
                    <Unicode>Musikalien u.</Unicode>
                </TextEquiv>
            </TextLine>
            <TextLine id="tr_1_tl_4" custom="readingOrder {index:3;}">
                <Coords points="813,1024 992,1043 1062,1018 1125,1036 1298,1015 1368,1032 1423,1007 1454,1023 1454,937 1434,931 1338,951 1283,929 1211,951 813,931"/>
                <Baseline points="821,1006 852,1008 884,1009 916,1009 948,1009 980,1011 1011,1012 1043,1012 1075,1012 1107,1012 1139,1012 1170,1010 1202,1009 1234,1009 1266,1009 1298,1007 1329,1006 1361,1006 1393,1006 1425,1006 1457,1006"/>
                <Word id="tr_1_tl_4_w1" custom="readingOrder {index:0;}">
                    <Coords points="822,972 822,1032 1441,1032 1441,972"/>
                    <TextEquiv>
                        <Unicode>Schallplatten!</Unicode>
                    </TextEquiv>
                </Word>
                <TextEquiv>
                    <Unicode>Schallplatten!</Unicode>
                </TextEquiv>
            </TextLine>
            <TextLine id="tr_1_tl_5" custom="readingOrder {index:4;}">
                <Coords points="511,1076 822,1081 822,1014 801,1017 787,1004 722,1029 654,1000 631,1018 511,1003"/>
                <Baseline points="519,1072 544,1070 569,1069 595,1071 620,1072 646,1072 671,1072 696,1072 722,1072 747,1072 773,1070 798,1070 824,1072"/>
                <Word id="tr_1_tl_5_w1" custom="readingOrder {index:0;}">
                    <Coords points="515,1032 515,1092 801,1092 801,1032"/>
                    <TextEquiv>
                        <Unicode>Elnkaut</Unicode>
                    </TextEquiv>
                </Word>
                <TextEquiv>
                    <Unicode>Elnkaut</Unicode>
                </TextEquiv>
            </TextLine>
            <TextLine id="tr_1_tl_6" custom="readingOrder {index:5;}">
                <Coords points="517,1124 608,1137 634,1127 725,1133 755,1121 818,1131 818,1087 801,1081 517,1078"/>
                <Baseline points="525,1119 551,1121 578,1121 605,1120 632,1120 659,1122 686,1120 713,1119 740,1119 767,1119 794,1119 821,1122"/>
                <Word id="tr_1_tl_6_w1" custom="readingOrder {index:0;}">
                    <Coords points="519,1080 519,1140 740,1140 740,1080"/>
                    <TextEquiv>
                        <Unicode>Verkaut</Unicode>
                    </TextEquiv>
                </Word>
                <Word id="tr_1_tl_6_w2" custom="readingOrder {index:1;}">
                    <Coords points="765,1079 765,1139 814,1139 814,1079"/>
                    <TextEquiv>
                        <Unicode>u.</Unicode>
                    </TextEquiv>
                </Word>
                <TextEquiv>
                    <Unicode>Verkaut u.</Unicode>
                </TextEquiv>
            </TextLine>
            <TextLine id="tr_1_tl_7" custom="readingOrder {index:6;}">
                <Coords points="511,1205 567,1194 586,1211 689,1189 729,1200 777,1176 818,1185 818,1128 572,1136 511,1125"/>
                <Baseline points="519,1176 544,1174 569,1173 594,1173 619,1173 644,1173 670,1171 695,1170 720,1170 745,1170 770,1170 795,1170 821,1170"/>
                <Word id="tr_1_tl_7_w1" custom="readingOrder {index:0;}">
                    <Coords points="513,1132 513,1192 794,1192 794,1132"/>
                    <TextEquiv>
                        <Unicode>Umtausch</Unicode>
                    </TextEquiv>
                </Word>
                <TextEquiv>
                    <Unicode>Umtausch</Unicode>
                </TextEquiv>
            </TextLine>
            <TextLine id="tr_1_tl_8" custom="readingOrder {index:7;}">
                <Coords points="804,1223 1477,1237 1477,1176 1452,1163 804,1185"/>
                <Baseline points="812,1221 845,1219 878,1220 912,1220 945,1218 979,1218 1012,1220 1046,1221 1079,1221 1113,1219 1146,1218 1179,1218 1213,1218 1246,1216 1280,1215 1313,1215 1347,1215 1380,1215 1414,1215 1447,1215 1481,1215"/>
                <Word id="tr_1_tl_8_w1" custom="readingOrder {index:0;}">
                    <Coords points="807,1179 807,1239 884,1239 884,1179"/>
                    <TextEquiv>
                        <Unicode>Sehr</Unicode>
                    </TextEquiv>
                </Word>
                <Word id="tr_1_tl_8_w2" custom="readingOrder {index:1;}">
                    <Coords points="917,1178 917,1238 975,1238 975,1178"/>
                    <TextEquiv>
                        <Unicode>gut</Unicode>
                    </TextEquiv>
                </Word>
                <Word id="tr_1_tl_8_w3" custom="readingOrder {index:2;}">
                    <Coords points="1008,1180 1008,1240 1171,1240 1171,1180"/>
                    <TextEquiv>
                        <Unicode>erhaltene</Unicode>
                    </TextEquiv>
                </Word>
                <Word id="tr_1_tl_8_w4" custom="readingOrder {index:3;}">
                    <Coords points="1213,1175 1213,1235 1454,1235 1454,1175"/>
                    <TextEquiv>
                        <Unicode>antiquarische</Unicode>
                    </TextEquiv>
                </Word>
                <TextEquiv>
                    <Unicode>Sehr gut erhaltene antiquarische</Unicode>
                </TextEquiv>
            </TextLine>
            <TextLine id="tr_1_tl_9" custom="readingOrder {index:8;}">
                <Coords points="813,1266 1465,1266 1465,1228 1434,1221 813,1225"/>
                <Baseline points="821,1263 853,1260 885,1260 918,1260 950,1260 983,1260 1015,1260 1047,1258 1080,1257 1112,1257 1145,1257 1177,1257 1209,1257 1242,1257 1274,1257 1307,1257 1339,1257 1371,1257 1404,1257 1436,1257 1469,1257"/>
                <Word id="tr_1_tl_9_w1" custom="readingOrder {index:0;}">
                    <Coords points="811,1220 811,1280 1024,1280 1024,1220"/>
                    <TextEquiv>
                        <Unicode>Musikstücke</Unicode>
                    </TextEquiv>
                </Word>
                <Word id="tr_1_tl_9_w2" custom="readingOrder {index:1;}">
                    <Coords points="1052,1217 1052,1277 1104,1277 1104,1217"/>
                    <TextEquiv>
                        <Unicode>von</Unicode>
                    </TextEquiv>
                </Word>
                <Word id="tr_1_tl_9_w3" custom="readingOrder {index:2;}">
                    <Coords points="1136,1217 1136,1277 1149,1277 1149,1217"/>
                    <TextEquiv>
                        <Unicode>S</Unicode>
                    </TextEquiv>
                </Word>
                <Word id="tr_1_tl_9_w4" custom="readingOrder {index:3;}">
                    <Coords points="1180,1217 1180,1277 1264,1277 1264,1217"/>
                    <TextEquiv>
                        <Unicode>—.40</Unicode>
                    </TextEquiv>
                </Word>
                <Word id="tr_1_tl_9_w5" custom="readingOrder {index:4;}">
                    <Coords points="1292,1217 1292,1277 1464,1277 1464,1217"/>
                    <TextEquiv>
                        <Unicode>aufwärts.</Unicode>
                    </TextEquiv>
                </Word>
                <TextEquiv>
                    <Unicode>Musikstücke von S —.40 aufwärts.</Unicode>
                </TextEquiv>
            </TextLine>
            <TextLine id="tr_1_tl_10" custom="readingOrder {index:9;}">
                <Coords points="813,1309 1461,1307 1461,1264 813,1267"/>
                <Baseline points="821,1299 853,1302 885,1302 917,1302 950,1301 982,1299 1014,1299 1046,1299 1079,1299 1111,1299 1143,1299 1175,1297 1208,1296 1240,1296 1272,1296 1304,1297 1337,1299 1369,1299 1401,1299 1433,1298 1466,1296"/>
                <Word id="tr_1_tl_10_w1" custom="readingOrder {index:0;}">
                    <Coords points="812,1262 812,1322 1009,1322 1009,1262"/>
                    <TextEquiv>
                        <Unicode>Überspielte</Unicode>
                    </TextEquiv>
                </Word>
                <Word id="tr_1_tl_10_w2" custom="readingOrder {index:1;}">
                    <Coords points="1028,1259 1028,1319 1253,1319 1253,1259"/>
                    <TextEquiv>
                        <Unicode>Schallplatten</Unicode>
                    </TextEquiv>
                </Word>
                <Word id="tr_1_tl_10_w3" custom="readingOrder {index:2;}">
                    <Coords points="1287,1257 1287,1317 1338,1317 1338,1257"/>
                    <TextEquiv>
                        <Unicode>von</Unicode>
                    </TextEquiv>
                </Word>
                <Word id="tr_1_tl_10_w4" custom="readingOrder {index:3;}">
                    <Coords points="1362,1259 1362,1319 1371,1319 1371,1259"/>
                    <TextEquiv>
                        <Unicode>S</Unicode>
                    </TextEquiv>
                </Word>
                <Word id="tr_1_tl_10_w5" custom="readingOrder {index:4;}">
                    <Coords points="1390,1258 1390,1318 1436,1318 1436,1258"/>
                    <TextEquiv>
                        <Unicode>1.—</Unicode>
                    </TextEquiv>
                </Word>
                <TextEquiv>
                    <Unicode>Überspielte Schallplatten von S 1.—</Unicode>
                </TextEquiv>
            </TextLine>
            <TextLine id="tr_1_tl_11" custom="readingOrder {index:10;}">
                <Coords points="804,1348 1468,1339 1468,1313 1391,1299 1345,1319 1033,1302 1003,1327 804,1307"/>
                <Baseline points="812,1340 845,1340 878,1340 911,1340 944,1340 977,1340 1010,1340 1043,1340 1076,1340 1109,1337 1142,1337 1175,1337 1208,1337 1241,1337 1274,1337 1307,1338 1340,1340 1373,1338 1406,1337 1439,1335 1472,1331"/>
                <Word id="tr_1_tl_11_w1" custom="readingOrder {index:0;}">
                    <Coords points="807,1300 807,1360 980,1360 980,1300"/>
                    <TextEquiv>
                        <Unicode>aufwärts.</Unicode>
                    </TextEquiv>
                </Word>
                <Word id="tr_1_tl_11_w2" custom="readingOrder {index:1;}">
                    <Coords points="1012,1300 1012,1360 1117,1360 1117,1300"/>
                    <TextEquiv>
                        <Unicode>Große</Unicode>
                    </TextEquiv>
                </Word>
                <Word id="tr_1_tl_11_w3" custom="readingOrder {index:2;}">
                    <Coords points="1163,1297 1163,1357 1336,1357 1336,1297"/>
                    <TextEquiv>
                        <Unicode>Auswahl.</Unicode>
                    </TextEquiv>
                </Word>
                <Word id="tr_1_tl_11_w4" custom="readingOrder {index:3;}">
                    <Coords points="1382,1296 1382,1356 1459,1356 1459,1296"/>
                    <TextEquiv>
                        <Unicode>Vor¬</Unicode>
                    </TextEquiv>
                </Word>
                <TextEquiv>
                    <Unicode>aufwärts. Große Auswahl. Vor¬</Unicode>
                </TextEquiv>
            </TextLine>
            <TextLine id="tr_1_tl_12" custom="readingOrder {index:11;}">
                <Coords points="807,1410 853,1390 890,1406 1098,1382 1136,1399 1235,1394 1235,1351 1159,1336 1121,1351 807,1347"/>
                <Baseline points="815,1379 841,1381 868,1382 894,1382 921,1381 947,1379 974,1381 1000,1382 1027,1380 1053,1379 1080,1379 1106,1379 1133,1379 1159,1379 1186,1379 1212,1379 1239,1382"/>
                <Word id="tr_1_tl_12_w1" custom="readingOrder {index:0;}">
                    <Coords points="806,1342 806,1402 937,1402 937,1342"/>
                    <TextEquiv>
                        <Unicode>führung</Unicode>
                    </TextEquiv>
                </Word>
                <Word id="tr_1_tl_12_w2" custom="readingOrder {index:1;}">
                    <Coords points="971,1339 971,1399 1229,1399 1229,1339"/>
                    <TextEquiv>
                        <Unicode>unverbindlich.</Unicode>
                    </TextEquiv>
                </Word>
                <TextEquiv>
                    <Unicode>führung unverbindlich.</Unicode>
                </TextEquiv>
            </TextLine>
            <TextLine id="tr_1_tl_13" custom="readingOrder {index:12;}">
                <Coords points="508,1463 1471,1468 1471,1405 1396,1390 508,1394"/>
                <Baseline points="516,1463 566,1460 616,1458 667,1457 717,1460 768,1457 818,1458 869,1459 919,1457 970,1457 1020,1457 1071,1457 1121,1457 1172,1456 1222,1455 1273,1456 1323,1454 1374,1456 1424,1457 1475,1457"/>
                <Word id="tr_1_tl_13_w1" custom="readingOrder {index:0;}">
                    <Coords points="519,1417 519,1477 784,1477 784,1417"/>
                    <TextEquiv>
                        <Unicode>Pusikhaus</Unicode>
                    </TextEquiv>
                </Word>
                <Word id="tr_1_tl_13_w2" custom="readingOrder {index:1;}">
                    <Coords points="813,1418 813,1478 890,1478 890,1418"/>
                    <TextEquiv>
                        <Unicode>Leo</Unicode>
                    </TextEquiv>
                </Word>
                <Word id="tr_1_tl_13_w3" custom="readingOrder {index:2;}">
                    <Coords points="919,1417 919,1477 1065,1477 1065,1417"/>
                    <TextEquiv>
                        <Unicode>Tublin</Unicode>
                    </TextEquiv>
                </Word>
                <Word id="tr_1_tl_13_w4" custom="readingOrder {index:3;}">
                    <Coords points="1101,1415 1101,1475 1458,1475 1458,1415"/>
                    <TextEquiv>
                        <Unicode>(Hustk-Union)</Unicode>
                    </TextEquiv>
                </Word>
                <TextEquiv>
                    <Unicode>Pusikhaus Leo Tublin (Hustk-Union)</Unicode>
                </TextEquiv>
            </TextLine>
            <TextLine id="tr_1_tl_14" custom="readingOrder {index:13;}">
                <Coords points="511,1529 1468,1515 1468,1468 1432,1466 511,1471"/>
                <Baseline points="519,1511 566,1511 614,1514 661,1517 709,1514 757,1511 804,1514 852,1511 900,1511 947,1511 995,1511 1043,1511 1090,1511 1138,1511 1186,1511 1233,1511 1281,1511 1329,1509 1376,1508 1424,1505 1472,1508"/>
                <Word id="tr_1_tl_14_w1" custom="readingOrder {index:0;}">
                    <Coords points="517,1471 517,1531 603,1531 603,1471"/>
                    <TextEquiv>
                        <Unicode>Wien</Unicode>
                    </TextEquiv>
                </Word>
                <Word id="tr_1_tl_14_w2" custom="readingOrder {index:1;}">
                    <Coords points="619,1472 619,1532 928,1532 928,1472"/>
                    <TextEquiv>
                        <Unicode>I.,Jasomirgottstr.</Unicode>
                    </TextEquiv>
                </Word>
                <Word id="tr_1_tl_14_w3" custom="readingOrder {index:2;}">
                    <Coords points="934,1471 934,1531 944,1531 944,1471"/>
                    <TextEquiv>
                        <Unicode>6</Unicode>
                    </TextEquiv>
                </Word>
                <Word id="tr_1_tl_14_w4" custom="readingOrder {index:3;}">
                    <Coords points="972,1471 972,1531 1232,1531 1232,1471"/>
                    <TextEquiv>
                        <Unicode>(Stefansplatz),</Unicode>
                    </TextEquiv>
                </Word>
                <Word id="tr_1_tl_14_w5" custom="readingOrder {index:4;}">
                    <Coords points="1238,1468 1238,1528 1460,1528 1460,1468"/>
                    <TextEquiv>
                        <Unicode>Tel.U21-3-76</Unicode>
                    </TextEquiv>
                </Word>
                <TextEquiv>
                    <Unicode>Wien I.,Jasomirgottstr. 6 (Stefansplatz), Tel.U21-3-76</Unicode>
                </TextEquiv>
            </TextLine>
            <TextLine id="tr_1_tl_15" custom="readingOrder {index:14;}">
                <Coords points="457,1651 1529,1639 1529,1593 1292,1578 457,1588"/>
                <Baseline points="465,1636 518,1638 571,1636 625,1636 678,1636 731,1639 785,1636 838,1636 891,1636 945,1636 998,1636 1051,1636 1105,1635 1158,1633 1211,1636 1265,1633 1318,1633 1371,1633 1425,1633 1478,1633 1532,1630"/>
                <Word id="tr_1_tl_15_w1" custom="readingOrder {index:0;}">
                    <Coords points="462,1597 462,1657 577,1657 577,1597"/>
                    <TextEquiv>
                        <Unicode>dieses</Unicode>
                    </TextEquiv>
                </Word>
                <Word id="tr_1_tl_15_w2" custom="readingOrder {index:1;}">
                    <Coords points="604,1596 604,1656 709,1656 709,1596"/>
                    <TextEquiv>
                        <Unicode>Stück</Unicode>
                    </TextEquiv>
                </Word>
                <Word id="tr_1_tl_15_w3" custom="readingOrder {index:2;}">
                    <Coords points="742,1596 742,1656 851,1656 851,1596"/>
                    <TextEquiv>
                        <Unicode>selbst</Unicode>
                    </TextEquiv>
                </Word>
                <Word id="tr_1_tl_15_w4" custom="readingOrder {index:3;}">
                    <Coords points="878,1596 878,1656 1036,1656 1036,1596"/>
                    <TextEquiv>
                        <Unicode>entstand</Unicode>
                    </TextEquiv>
                </Word>
                <Word id="tr_1_tl_15_w5" custom="readingOrder {index:4;}">
                    <Coords points="1074,1595 1074,1655 1121,1655 1121,1595"/>
                    <TextEquiv>
                        <Unicode>als</Unicode>
                    </TextEquiv>
                </Word>
                <Word id="tr_1_tl_15_w6" custom="readingOrder {index:5;}">
                    <Coords points="1148,1593 1148,1653 1195,1653 1195,1593"/>
                    <TextEquiv>
                        <Unicode>ein</Unicode>
                    </TextEquiv>
                </Word>
                <Word id="tr_1_tl_15_w7" custom="readingOrder {index:6;}">
                    <Coords points="1227,1593 1227,1653 1448,1653 1448,1593"/>
                    <TextEquiv>
                        <Unicode>Dokument,</Unicode>
                    </TextEquiv>
                </Word>
                <Word id="tr_1_tl_15_w8" custom="readingOrder {index:7;}">
                    <Coords points="1469,1592 1469,1652 1516,1652 1516,1592"/>
                    <TextEquiv>
                        <Unicode>als</Unicode>
                    </TextEquiv>
                </Word>
                <TextEquiv>
                    <Unicode>dieses Stück selbst entstand als ein Dokument, als</Unicode>
                </TextEquiv>
            </TextLine>
            <TextLine id="tr_1_tl_16" custom="readingOrder {index:15;}">
                <Coords points="454,1697 1530,1692 1530,1646 1486,1639 454,1653"/>
                <Baseline points="462,1690 515,1687 569,1687 622,1687 676,1687 729,1687 783,1687 836,1687 890,1687 943,1684 997,1687 1050,1684 1104,1684 1157,1684 1211,1684 1264,1684 1318,1684 1371,1684 1425,1684 1478,1682 1532,1687"/>
                <Word id="tr_1_tl_16_w1" custom="readingOrder {index:0;}">
                    <Coords points="459,1648 459,1708 533,1708 533,1648"/>
                    <TextEquiv>
                        <Unicode>eine</Unicode>
                    </TextEquiv>
                </Word>
                <Word id="tr_1_tl_16_w2" custom="readingOrder {index:1;}">
                    <Coords points="560,1647 560,1707 628,1707 628,1647"/>
                    <TextEquiv>
                        <Unicode>Tat</Unicode>
                    </TextEquiv>
                </Word>
                <Word id="tr_1_tl_16_w3" custom="readingOrder {index:2;}">
                    <Coords points="649,1647 649,1707 707,1707 707,1647"/>
                    <TextEquiv>
                        <Unicode>der</Unicode>
                    </TextEquiv>
                </Word>
                <Word id="tr_1_tl_16_w4" custom="readingOrder {index:3;}">
                    <Coords points="734,1647 734,1707 998,1707 998,1647"/>
                    <TextEquiv>
                        <Unicode>Dankbarkeit.</Unicode>
                    </TextEquiv>
                </Word>
                <Word id="tr_1_tl_16_w5" custom="readingOrder {index:4;}">
                    <Coords points="1015,1644 1015,1704 1083,1704 1083,1644"/>
                    <TextEquiv>
                        <Unicode>Auf</Unicode>
                    </TextEquiv>
                </Word>
                <Word id="tr_1_tl_16_w6" custom="readingOrder {index:5;}">
                    <Coords points="1105,1644 1105,1704 1216,1704 1216,1644"/>
                    <TextEquiv>
                        <Unicode>meine</Unicode>
                    </TextEquiv>
                </Word>
                <Word id="tr_1_tl_16_w7" custom="readingOrder {index:6;}">
                    <Coords points="1243,1644 1243,1704 1427,1704 1427,1644"/>
                    <TextEquiv>
                        <Unicode>Anregung</Unicode>
                    </TextEquiv>
                </Word>
                <Word id="tr_1_tl_16_w8" custom="readingOrder {index:7;}">
                    <Coords points="1454,1643 1454,1703 1528,1703 1528,1643"/>
                    <TextEquiv>
                        <Unicode>hin,</Unicode>
                    </TextEquiv>
                </Word>
                <TextEquiv>
                    <Unicode>eine Tat der Dankbarkeit. Auf meine Anregung hin,</Unicode>
                </TextEquiv>
            </TextLine>
            <TextLine id="tr_1_tl_17" custom="readingOrder {index:16;}">
                <Coords points="451,1746 1471,1750 1517,1741 1518,1689 451,1708"/>
                <Baseline points="459,1738 512,1738 565,1738 618,1738 671,1738 724,1738 777,1738 830,1738 883,1736 936,1735 989,1735 1042,1735 1095,1735 1148,1735 1201,1735 1254,1735 1307,1735 1360,1734 1413,1732 1466,1732 1520,1729"/>
                <Word id="tr_1_tl_17_w1" custom="readingOrder {index:0;}">
                    <Coords points="457,1698 457,1758 505,1758 505,1698"/>
                    <TextEquiv>
                        <Unicode>die</Unicode>
                    </TextEquiv>
                </Word>
                <Word id="tr_1_tl_17_w2" custom="readingOrder {index:1;}">
                    <Coords points="532,1698 532,1758 581,1758 581,1698"/>
                    <TextEquiv>
                        <Unicode>ich</Unicode>
                    </TextEquiv>
                </Word>
                <Word id="tr_1_tl_17_w3" custom="readingOrder {index:2;}">
                    <Coords points="614,1698 614,1758 684,1758 684,1698"/>
                    <TextEquiv>
                        <Unicode>erst</Unicode>
                    </TextEquiv>
                </Word>
                <Word id="tr_1_tl_17_w4" custom="readingOrder {index:3;}">
                    <Coords points="706,1698 706,1758 788,1758 788,1698"/>
                    <TextEquiv>
                        <Unicode>nach</Unicode>
                    </TextEquiv>
                </Word>
                <Word id="tr_1_tl_17_w5" custom="readingOrder {index:4;}">
                    <Coords points="821,1696 821,1756 934,1756 934,1696"/>
                    <TextEquiv>
                        <Unicode>hartem</Unicode>
                    </TextEquiv>
                </Word>
                <Word id="tr_1_tl_17_w6" custom="readingOrder {index:5;}">
                    <Coords points="978,1695 978,1755 1108,1755 1108,1695"/>
                    <TextEquiv>
                        <Unicode>Ringen</Unicode>
                    </TextEquiv>
                </Word>
                <Word id="tr_1_tl_17_w7" custom="readingOrder {index:6;}">
                    <Coords points="1141,1695 1141,1755 1249,1755 1249,1695"/>
                    <TextEquiv>
                        <Unicode>gegen</Unicode>
                    </TextEquiv>
                </Word>
                <Word id="tr_1_tl_17_w8" custom="readingOrder {index:7;}">
                    <Coords points="1277,1695 1277,1755 1325,1755 1325,1695"/>
                    <TextEquiv>
                        <Unicode>die</Unicode>
                    </TextEquiv>
                </Word>
                <Word id="tr_1_tl_17_w9" custom="readingOrder {index:8;}">
                    <Coords points="1353,1692 1353,1752 1521,1752 1521,1692"/>
                    <TextEquiv>
                        <Unicode>Beschei¬</Unicode>
                    </TextEquiv>
                </Word>
                <TextEquiv>
                    <Unicode>die ich erst nach hartem Ringen gegen die Beschei¬</Unicode>
                </TextEquiv>
            </TextLine>
            <TextLine id="tr_1_tl_18" custom="readingOrder {index:17;}">
                <Coords points="460,1801 1530,1798 1501,1738 460,1750"/>
                <Baseline points="468,1785 521,1785 574,1785 627,1785 681,1785 734,1788 787,1787 841,1785 894,1785 947,1785 1001,1782 1054,1784 1107,1782 1160,1784 1214,1782 1267,1782 1320,1782 1374,1782 1427,1782 1480,1780 1534,1782"/>
                <Word id="tr_1_tl_18_w1" custom="readingOrder {index:0;}">
                    <Coords points="460,1745 460,1805 602,1805 602,1745"/>
                    <TextEquiv>
                        <Unicode>denheit</Unicode>
                    </TextEquiv>
                </Word>
                <Word id="tr_1_tl_18_w2" custom="readingOrder {index:1;}">
                    <Coords points="629,1745 629,1805 692,1805 692,1745"/>
                    <TextEquiv>
                        <Unicode>und</Unicode>
                    </TextEquiv>
                </Word>
                <Word id="tr_1_tl_18_w3" custom="readingOrder {index:2;}">
                    <Coords points="724,1747 724,1807 808,1807 808,1747"/>
                    <TextEquiv>
                        <Unicode>allzu</Unicode>
                    </TextEquiv>
                </Word>
                <Word id="tr_1_tl_18_w4" custom="readingOrder {index:3;}">
                    <Coords points="835,1745 835,1805 977,1805 977,1745"/>
                    <TextEquiv>
                        <Unicode>strenge</Unicode>
                    </TextEquiv>
                </Word>
                <Word id="tr_1_tl_18_w5" custom="readingOrder {index:4;}">
                    <Coords points="1010,1742 1010,1802 1232,1802 1232,1742"/>
                    <TextEquiv>
                        <Unicode>Selbstkritik</Unicode>
                    </TextEquiv>
                </Word>
                <Word id="tr_1_tl_18_w6" custom="readingOrder {index:5;}">
                    <Coords points="1269,1742 1269,1802 1327,1802 1327,1742"/>
                    <TextEquiv>
                        <Unicode>des</Unicode>
                    </TextEquiv>
                </Word>
                <Word id="tr_1_tl_18_w7" custom="readingOrder {index:6;}">
                    <Coords points="1354,1741 1354,1801 1517,1801 1517,1741"/>
                    <TextEquiv>
                        <Unicode>Dichters</Unicode>
                    </TextEquiv>
                </Word>
                <TextEquiv>
                    <Unicode>denheit und allzu strenge Selbstkritik des Dichters</Unicode>
                </TextEquiv>
            </TextLine>
            <TextLine id="tr_1_tl_19" custom="readingOrder {index:18;}">
                <Coords points="466,1844 1520,1831 1520,1795 1469,1786 466,1807"/>
                <Baseline points="474,1836 526,1836 578,1836 631,1836 683,1836 736,1836 788,1836 841,1836 893,1836 946,1836 998,1833 1050,1833 1103,1835 1155,1836 1208,1833 1260,1833 1313,1833 1365,1832 1418,1832 1470,1833 1523,1830"/>
                <Word id="tr_1_tl_19_w1" custom="readingOrder {index:0;}">
                    <Coords points="466,1796 466,1856 730,1856 730,1796"/>
                    <TextEquiv>
                        <Unicode>verwirklichen</Unicode>
                    </TextEquiv>
                </Word>
                <Word id="tr_1_tl_19_w2" custom="readingOrder {index:1;}">
                    <Coords points="762,1796 762,1856 915,1856 915,1796"/>
                    <TextEquiv>
                        <Unicode>konnte,</Unicode>
                    </TextEquiv>
                </Word>
                <Word id="tr_1_tl_19_w3" custom="readingOrder {index:2;}">
                    <Coords points="936,1793 936,1853 1031,1853 1031,1793"/>
                    <TextEquiv>
                        <Unicode>hatte</Unicode>
                    </TextEquiv>
                </Word>
                <Word id="tr_1_tl_19_w4" custom="readingOrder {index:3;}">
                    <Coords points="1064,1794 1064,1854 1126,1854 1126,1794"/>
                    <TextEquiv>
                        <Unicode>das</Unicode>
                    </TextEquiv>
                </Word>
                <Word id="tr_1_tl_19_w5" custom="readingOrder {index:4;}">
                    <Coords points="1159,1793 1159,1853 1359,1853 1359,1793"/>
                    <TextEquiv>
                        <Unicode>„Deutsche</Unicode>
                    </TextEquiv>
                </Word>
                <Word id="tr_1_tl_19_w6" custom="readingOrder {index:5;}">
                    <Coords points="1397,1792 1397,1852 1518,1852 1518,1792"/>
                    <TextEquiv>
                        <Unicode>Volks¬</Unicode>
                    </TextEquiv>
                </Word>
                <TextEquiv>
                    <Unicode>verwirklichen konnte, hatte das „Deutsche Volks¬</Unicode>
                </TextEquiv>
            </TextLine>
            <TextLine id="tr_1_tl_20" custom="readingOrder {index:19;}">
                <Coords points="454,1888 1507,1883 1494,1836 1316,1873 1260,1841 454,1841"/>
                <Baseline points="462,1887 514,1885 566,1887 619,1887 671,1886 724,1885 776,1885 829,1884 881,1887 934,1884 986,1884 1038,1884 1091,1884 1143,1884 1196,1884 1248,1884 1301,1884 1353,1884 1406,1882 1458,1881 1511,1881"/>
                <Word id="tr_1_tl_20_w1" custom="readingOrder {index:0;}">
                    <Coords points="460,1845 460,1905 615,1905 615,1845"/>
                    <TextEquiv>
                        <Unicode>theater“</Unicode>
                    </TextEquiv>
                </Word>
                <Word id="tr_1_tl_20_w2" custom="readingOrder {index:1;}">
                    <Coords points="648,1845 648,1905 702,1905 702,1845"/>
                    <TextEquiv>
                        <Unicode>die</Unicode>
                    </TextEquiv>
                </Word>
                <Word id="tr_1_tl_20_w3" custom="readingOrder {index:2;}">
                    <Coords points="729,1844 729,1904 912,1904 912,1844"/>
                    <TextEquiv>
                        <Unicode>zyklische</Unicode>
                    </TextEquiv>
                </Word>
                <Word id="tr_1_tl_20_w4" custom="readingOrder {index:3;}">
                    <Coords points="945,1844 945,1904 1160,1904 1160,1844"/>
                    <TextEquiv>
                        <Unicode>Aufführung</Unicode>
                    </TextEquiv>
                </Word>
                <Word id="tr_1_tl_20_w5" custom="readingOrder {index:4;}">
                    <Coords points="1215,1844 1215,1904 1279,1904 1279,1844"/>
                    <TextEquiv>
                        <Unicode>der</Unicode>
                    </TextEquiv>
                </Word>
                <Word id="tr_1_tl_20_w6" custom="readingOrder {index:5;}">
                    <Coords points="1328,1841 1328,1901 1494,1901 1494,1841"/>
                    <TextEquiv>
                        <Unicode>„Anatol“</Unicode>
                    </TextEquiv>
                </Word>
                <TextEquiv>
                    <Unicode>theater“ die zyklische Aufführung der „Anatol“</Unicode>
                </TextEquiv>
            </TextLine>
            <TextLine id="tr_1_tl_21" custom="readingOrder {index:20;}">
                <Coords points="457,1943 1523,1942 1495,1885 1064,1919 459,1891"/>
                <Baseline points="465,1938 518,1938 571,1938 624,1938 677,1935 730,1936 783,1937 836,1937 889,1936 942,1935 995,1935 1048,1935 1101,1935 1154,1935 1207,1932 1260,1935 1313,1934 1366,1932 1419,1932 1472,1932 1526,1932"/>
                <Word id="tr_1_tl_21_w1" custom="readingOrder {index:0;}">
                    <Coords points="457,1898 457,1958 590,1958 590,1898"/>
                    <TextEquiv>
                        <Unicode>Szenen</Unicode>
                    </TextEquiv>
                </Word>
                <Word id="tr_1_tl_21_w2" custom="readingOrder {index:1;}">
                    <Coords points="633,1895 633,1955 782,1955 782,1895"/>
                    <TextEquiv>
                        <Unicode>gewagt</Unicode>
                    </TextEquiv>
                </Word>
                <Word id="tr_1_tl_21_w3" custom="readingOrder {index:2;}">
                    <Coords points="814,1896 814,1956 875,1956 875,1896"/>
                    <TextEquiv>
                        <Unicode>und</Unicode>
                    </TextEquiv>
                </Word>
                <Word id="tr_1_tl_21_w4" custom="readingOrder {index:3;}">
                    <Coords points="912,1895 912,1955 1025,1955 1025,1895"/>
                    <TextEquiv>
                        <Unicode>damit</Unicode>
                    </TextEquiv>
                </Word>
                <Word id="tr_1_tl_21_w5" custom="readingOrder {index:4;}">
                    <Coords points="1078,1895 1078,1955 1196,1955 1196,1895"/>
                    <TextEquiv>
                        <Unicode>dieser</Unicode>
                    </TextEquiv>
                </Word>
                <Word id="tr_1_tl_21_w6" custom="readingOrder {index:5;}">
                    <Coords points="1254,1892 1254,1952 1527,1952 1527,1892"/>
                    <TextEquiv>
                        <Unicode>Jugendarbeit,</Unicode>
                    </TextEquiv>
                </Word>
                <TextEquiv>
                    <Unicode>Szenen gewagt und damit dieser Jugendarbeit,</Unicode>
                </TextEquiv>
            </TextLine>
            <TextLine id="tr_1_tl_22" custom="readingOrder {index:21;}">
                <Coords points="457,2007 1526,1998 1503,1935 457,1946"/>
                <Baseline points="465,1985 518,1985 571,1985 624,1985 677,1985 731,1985 784,1985 837,1985 890,1983 943,1985 997,1985 1050,1983 1103,1985 1156,1985 1209,1985 1263,1982 1316,1982 1369,1982 1422,1982 1475,1980 1529,1979"/>
                <Word id="tr_1_tl_22_w1" custom="readingOrder {index:0;}">
                    <Coords points="457,1945 457,2005 576,2005 576,1945"/>
                    <TextEquiv>
                        <Unicode>dieser</Unicode>
                    </TextEquiv>
                </Word>
                <Word id="tr_1_tl_22_w2" custom="readingOrder {index:1;}">
                    <Coords points="603,1945 603,2005 716,2005 716,1945"/>
                    <TextEquiv>
                        <Unicode>ersten</Unicode>
                    </TextEquiv>
                </Word>
                <Word id="tr_1_tl_22_w3" custom="readingOrder {index:2;}">
                    <Coords points="749,1943 749,2003 982,2003 982,1943"/>
                    <TextEquiv>
                        <Unicode>Talentprobe</Unicode>
                    </TextEquiv>
                </Word>
                <Word id="tr_1_tl_22_w4" custom="readingOrder {index:3;}">
                    <Coords points="1010,1945 1010,2005 1248,2005 1248,1945"/>
                    <TextEquiv>
                        <Unicode>Schnitzlers,</Unicode>
                    </TextEquiv>
                </Word>
                <Word id="tr_1_tl_22_w5" custom="readingOrder {index:4;}">
                    <Coords points="1270,1942 1270,2002 1318,2002 1318,1942"/>
                    <TextEquiv>
                        <Unicode>die</Unicode>
                    </TextEquiv>
                </Word>
                <Word id="tr_1_tl_22_w6" custom="readingOrder {index:5;}">
                    <Coords points="1351,1942 1351,2002 1383,2002 1383,1942"/>
                    <TextEquiv>
                        <Unicode>er</Unicode>
                    </TextEquiv>
                </Word>
                <Word id="tr_1_tl_22_w7" custom="readingOrder {index:6;}">
                    <Coords points="1410,1940 1410,2000 1523,2000 1523,1940"/>
                    <TextEquiv>
                        <Unicode>selbst</Unicode>
                    </TextEquiv>
                </Word>
                <TextEquiv>
                    <Unicode>dieser ersten Talentprobe Schnitzlers, die er selbst</Unicode>
                </TextEquiv>
            </TextLine>
            <TextLine id="tr_1_tl_23" custom="readingOrder {index:22;}">
                <Coords points="451,2154 621,2128 1062,2131 1062,2085 1030,2073 709,2052 544,2088 451,2056"/>
                <Baseline points="459,2123 489,2123 519,2123 550,2123 580,2123 610,2121 641,2120 671,2120 701,2120 732,2122 762,2122 792,2120 823,2120 853,2120 883,2120 914,2120 944,2119 974,2117 1005,2117 1035,2118 1066,2120"/>
                <Word id="tr_1_tl_23_w1" custom="readingOrder {index:0;}">
                    <Coords points="455,2083 455,2143 542,2143 542,2083"/>
                    <TextEquiv>
                        <Unicode>Dr.</Unicode>
                    </TextEquiv>
                </Word>
                <Word id="tr_1_tl_23_w2" custom="readingOrder {index:1;}">
                    <Coords points="565,2080 565,2140 703,2140 703,2080"/>
                    <TextEquiv>
                        <Unicode>David</Unicode>
                    </TextEquiv>
                </Word>
                <Word id="tr_1_tl_23_w3" custom="readingOrder {index:2;}">
                    <Coords points="740,2080 740,2140 1048,2140 1048,2080"/>
                    <TextEquiv>
                        <Unicode>Feuchtwang:</Unicode>
                    </TextEquiv>
                </Word>
                <TextEquiv>
                    <Unicode>Dr. David Feuchtwang:</Unicode>
                </TextEquiv>
            </TextLine>
            <TextLine id="tr_1_tl_24" custom="readingOrder {index:23;}">
                <Coords points="457,2195 1492,2195 1530,2189 1532,2128 457,2157"/>
                <Baseline points="465,2189 518,2191 571,2186 625,2183 678,2183 732,2183 785,2182 839,2180 892,2182 946,2180 999,2180 1052,2181 1106,2182 1159,2180 1213,2180 1266,2183 1320,2180 1373,2179 1427,2177 1480,2177 1534,2180"/>
                <Word id="tr_1_tl_24_w1" custom="readingOrder {index:0;}">
                    <Coords points="457,2149 457,2209 509,2209 509,2149"/>
                    <TextEquiv>
                        <Unicode>....</Unicode>
                    </TextEquiv>
                </Word>
                <Word id="tr_1_tl_24_w2" custom="readingOrder {index:1;}">
                    <Coords points="547,2144 547,2204 647,2204 647,2144"/>
                    <TextEquiv>
                        <Unicode>Nicht</Unicode>
                    </TextEquiv>
                </Word>
                <Word id="tr_1_tl_24_w3" custom="readingOrder {index:2;}">
                    <Coords points="675,2143 675,2203 733,2203 733,2143"/>
                    <TextEquiv>
                        <Unicode>dem</Unicode>
                    </TextEquiv>
                </Word>
                <Word id="tr_1_tl_24_w4" custom="readingOrder {index:3;}">
                    <Coords points="787,2140 787,2200 1078,2200 1078,2140"/>
                    <TextEquiv>
                        <Unicode>weltberühmten</Unicode>
                    </TextEquiv>
                </Word>
                <Word id="tr_1_tl_24_w5" custom="readingOrder {index:4;}">
                    <Coords points="1111,2140 1111,2200 1253,2200 1253,2140"/>
                    <TextEquiv>
                        <Unicode>Dichter</Unicode>
                    </TextEquiv>
                </Word>
                <Word id="tr_1_tl_24_w6" custom="readingOrder {index:5;}">
                    <Coords points="1281,2139 1281,2199 1392,2199 1392,2139"/>
                    <TextEquiv>
                        <Unicode>gelten</Unicode>
                    </TextEquiv>
                </Word>
                <Word id="tr_1_tl_24_w7" custom="readingOrder {index:6;}">
                    <Coords points="1424,2137 1424,2197 1519,2197 1519,2137"/>
                    <TextEquiv>
                        <Unicode>diese</Unicode>
                    </TextEquiv>
                </Word>
                <TextEquiv>
                    <Unicode>.... Nicht dem weltberühmten Dichter gelten diese</Unicode>
                </TextEquiv>
            </TextLine>
            <TextLine id="tr_1_tl_25" custom="readingOrder {index:24;}">
                <Coords points="457,2243 1523,2234 1523,2195 1417,2182 457,2195"/>
                <Baseline points="465,2233 518,2233 571,2233 624,2230 677,2230 730,2230 783,2230 836,2232 889,2231 942,2230 995,2230 1048,2231 1101,2231 1154,2230 1207,2230 1260,2230 1313,2230 1366,2230 1419,2228 1472,2227 1526,2221"/>
                <Word id="tr_1_tl_25_w1" custom="readingOrder {index:0;}">
                    <Coords points="457,2193 457,2253 585,2253 585,2193"/>
                    <TextEquiv>
                        <Unicode>kurzen</Unicode>
                    </TextEquiv>
                </Word>
                <Word id="tr_1_tl_25_w2" custom="readingOrder {index:1;}">
                    <Coords points="622,2190 622,2250 740,2250 740,2190"/>
                    <TextEquiv>
                        <Unicode>Worte</Unicode>
                    </TextEquiv>
                </Word>
                <Word id="tr_1_tl_25_w3" custom="readingOrder {index:2;}">
                    <Coords points="777,2190 777,2250 839,2250 839,2190"/>
                    <TextEquiv>
                        <Unicode>des</Unicode>
                    </TextEquiv>
                </Word>
                <Word id="tr_1_tl_25_w4" custom="readingOrder {index:3;}">
                    <Coords points="870,2190 870,2250 1087,2250 1087,2190"/>
                    <TextEquiv>
                        <Unicode>Nachrufes,</Unicode>
                    </TextEquiv>
                </Word>
                <Word id="tr_1_tl_25_w5" custom="readingOrder {index:4;}">
                    <Coords points="1108,2190 1108,2250 1257,2250 1257,2190"/>
                    <TextEquiv>
                        <Unicode>sondern</Unicode>
                    </TextEquiv>
                </Word>
                <Word id="tr_1_tl_25_w6" custom="readingOrder {index:5;}">
                    <Coords points="1294,2190 1294,2250 1356,2250 1356,2190"/>
                    <TextEquiv>
                        <Unicode>dem</Unicode>
                    </TextEquiv>
                </Word>
                <Word id="tr_1_tl_25_w7" custom="readingOrder {index:6;}">
                    <Coords points="1408,2187 1408,2247 1521,2247 1521,2187"/>
                    <TextEquiv>
                        <Unicode>währ¬</Unicode>
                    </TextEquiv>
                </Word>
                <TextEquiv>
                    <Unicode>kurzen Worte des Nachrufes, sondern dem währ¬</Unicode>
                </TextEquiv>
            </TextLine>
            <TextLine id="tr_1_tl_26" custom="readingOrder {index:25;}">
                <Coords points="451,2298 1529,2289 1529,2247 1460,2237 850,2270 451,2243"/>
                <Baseline points="459,2281 512,2283 566,2282 619,2282 673,2281 727,2281 780,2282 834,2284 888,2282 941,2281 995,2281 1049,2284 1102,2283 1156,2281 1210,2281 1263,2281 1317,2280 1371,2279 1424,2279 1478,2278 1532,2278"/>
                <Word id="tr_1_tl_26_w1" custom="readingOrder {index:0;}">
                    <Coords points="451,2242 451,2302 531,2302 531,2242"/>
                    <TextEquiv>
                        <Unicode>haft</Unicode>
                    </TextEquiv>
                </Word>
                <Word id="tr_1_tl_26_w2" custom="readingOrder {index:1;}">
                    <Coords points="582,2241 582,2301 824,2301 824,2241"/>
                    <TextEquiv>
                        <Unicode>vornehmen,</Unicode>
                    </TextEquiv>
                </Word>
                <Word id="tr_1_tl_26_w3" custom="readingOrder {index:2;}">
                    <Coords points="875,2241 875,2301 1017,2301 1017,2241"/>
                    <TextEquiv>
                        <Unicode>gütigen</Unicode>
                    </TextEquiv>
                </Word>
                <Word id="tr_1_tl_26_w4" custom="readingOrder {index:3;}">
                    <Coords points="1083,2241 1083,2301 1386,2301 1386,2241"/>
                    <TextEquiv>
                        <Unicode>Edelmenschen;</Unicode>
                    </TextEquiv>
                </Word>
                <Word id="tr_1_tl_26_w5" custom="readingOrder {index:4;}">
                    <Coords points="1442,2238 1442,2298 1502,2298 1502,2238"/>
                    <TextEquiv>
                        <Unicode>dem</Unicode>
                    </TextEquiv>
                </Word>
                <TextEquiv>
                    <Unicode>haft vornehmen, gütigen Edelmenschen; dem</Unicode>
                </TextEquiv>
            </TextLine>
            <TextLine id="tr_1_tl_27" custom="readingOrder {index:26;}">
                <Coords points="454,2342 1530,2334 1530,2298 1405,2279 454,2299"/>
                <Baseline points="462,2338 515,2334 569,2332 622,2332 676,2332 729,2332 783,2330 836,2331 890,2331 943,2332 997,2332 1050,2329 1104,2329 1157,2331 1211,2332 1264,2332 1318,2332 1371,2331 1425,2329 1478,2329 1532,2329"/>
                <Word id="tr_1_tl_27_w1" custom="readingOrder {index:0;}">
                    <Coords points="459,2293 459,2353 584,2353 584,2293"/>
                    <TextEquiv>
                        <Unicode>großen</Unicode>
                    </TextEquiv>
                </Word>
                <Word id="tr_1_tl_27_w2" custom="readingOrder {index:1;}">
                    <Coords points="620,2292 620,2352 756,2352 756,2292"/>
                    <TextEquiv>
                        <Unicode>Kenner</Unicode>
                    </TextEquiv>
                </Word>
                <Word id="tr_1_tl_27_w3" custom="readingOrder {index:2;}">
                    <Coords points="787,2290 787,2350 847,2350 847,2290"/>
                    <TextEquiv>
                        <Unicode>der</Unicode>
                    </TextEquiv>
                </Word>
                <Word id="tr_1_tl_27_w4" custom="readingOrder {index:3;}">
                    <Coords points="872,2290 872,2350 1185,2350 1185,2290"/>
                    <TextEquiv>
                        <Unicode>Menschenseele,</Unicode>
                    </TextEquiv>
                </Word>
                <Word id="tr_1_tl_27_w5" custom="readingOrder {index:4;}">
                    <Coords points="1206,2292 1206,2352 1266,2352 1266,2292"/>
                    <TextEquiv>
                        <Unicode>dem</Unicode>
                    </TextEquiv>
                </Word>
                <Word id="tr_1_tl_27_w6" custom="readingOrder {index:5;}">
                    <Coords points="1312,2289 1312,2349 1523,2349 1523,2289"/>
                    <TextEquiv>
                        <Unicode>Analytiker</Unicode>
                    </TextEquiv>
                </Word>
                <TextEquiv>
                    <Unicode>großen Kenner der Menschenseele, dem Analytiker</Unicode>
                </TextEquiv>
            </TextLine>
            <TextLine id="tr_1_tl_28" custom="readingOrder {index:27;}">
                <Coords points="460,2397 1530,2388 1530,2348 1457,2334 460,2344"/>
                <Baseline points="468,2383 521,2382 574,2380 627,2380 681,2383 734,2383 787,2383 841,2383 894,2383 947,2383 1001,2386 1054,2382 1107,2381 1160,2381 1214,2380 1267,2380 1320,2380 1374,2380 1427,2380 1480,2378 1534,2380"/>
                <Word id="tr_1_tl_28_w1" custom="readingOrder {index:0;}">
                    <Coords points="460,2342 460,2402 518,2402 518,2342"/>
                    <TextEquiv>
                        <Unicode>der</Unicode>
                    </TextEquiv>
                </Word>
                <Word id="tr_1_tl_28_w2" custom="readingOrder {index:1;}">
                    <Coords points="545,2340 545,2400 709,2400 709,2340"/>
                    <TextEquiv>
                        <Unicode>Psyche,</Unicode>
                    </TextEquiv>
                </Word>
                <Word id="tr_1_tl_28_w3" custom="readingOrder {index:2;}">
                    <Coords points="731,2343 731,2403 874,2403 874,2343"/>
                    <TextEquiv>
                        <Unicode>Denker</Unicode>
                    </TextEquiv>
                </Word>
                <Word id="tr_1_tl_28_w4" custom="readingOrder {index:3;}">
                    <Coords points="901,2343 901,2403 964,2403 964,2343"/>
                    <TextEquiv>
                        <Unicode>und</Unicode>
                    </TextEquiv>
                </Word>
                <Word id="tr_1_tl_28_w5" custom="readingOrder {index:4;}">
                    <Coords points="997,2341 997,2401 1256,2401 1256,2341"/>
                    <TextEquiv>
                        <Unicode>philosophisch</Unicode>
                    </TextEquiv>
                </Word>
                <Word id="tr_1_tl_28_w6" custom="readingOrder {index:5;}">
                    <Coords points="1295,2340 1295,2400 1517,2400 1517,2340"/>
                    <TextEquiv>
                        <Unicode>abgeklärten</Unicode>
                    </TextEquiv>
                </Word>
                <TextEquiv>
                    <Unicode>der Psyche, Denker und philosophisch abgeklärten</Unicode>
                </TextEquiv>
            </TextLine>
            <TextLine id="tr_1_tl_29" custom="readingOrder {index:28;}">
                <Coords points="463,2448 1529,2437 1495,2383 463,2396"/>
                <Baseline points="471,2433 524,2433 577,2433 630,2433 683,2433 736,2433 789,2433 842,2431 895,2430 948,2433 1001,2433 1054,2432 1107,2430 1160,2430 1213,2430 1266,2430 1319,2429 1372,2427 1425,2427 1478,2427 1532,2427"/>
                <Word id="tr_1_tl_29_w1" custom="readingOrder {index:0;}">
                    <Coords points="463,2393 463,2453 584,2453 584,2393"/>
                    <TextEquiv>
                        <Unicode>Geist;</Unicode>
                    </TextEquiv>
                </Word>
                <Word id="tr_1_tl_29_w2" custom="readingOrder {index:1;}">
                    <Coords points="606,2393 606,2453 701,2453 701,2393"/>
                    <TextEquiv>
                        <Unicode>nicht</Unicode>
                    </TextEquiv>
                </Word>
                <Word id="tr_1_tl_29_w3" custom="readingOrder {index:2;}">
                    <Coords points="728,2392 728,2452 860,2452 860,2392"/>
                    <TextEquiv>
                        <Unicode>zuletzt</Unicode>
                    </TextEquiv>
                </Word>
                <Word id="tr_1_tl_29_w4" custom="readingOrder {index:3;}">
                    <Coords points="887,2391 887,2451 950,2451 950,2391"/>
                    <TextEquiv>
                        <Unicode>dem</Unicode>
                    </TextEquiv>
                </Word>
                <Word id="tr_1_tl_29_w5" custom="readingOrder {index:4;}">
                    <Coords points="998,2392 998,2452 1103,2452 1103,2392"/>
                    <TextEquiv>
                        <Unicode>Juden</Unicode>
                    </TextEquiv>
                </Word>
                <Word id="tr_1_tl_29_w6" custom="readingOrder {index:5;}">
                    <Coords points="1141,2390 1141,2450 1167,2450 1167,2390"/>
                    <TextEquiv>
                        <Unicode>in</Unicode>
                    </TextEquiv>
                </Word>
                <Word id="tr_1_tl_29_w7" custom="readingOrder {index:6;}">
                    <Coords points="1199,2390 1199,2450 1288,2450 1288,2390"/>
                    <TextEquiv>
                        <Unicode>ihm,</Unicode>
                    </TextEquiv>
                </Word>
                <Word id="tr_1_tl_29_w8" custom="readingOrder {index:7;}">
                    <Coords points="1310,2388 1310,2448 1368,2448 1368,2388"/>
                    <TextEquiv>
                        <Unicode>den</Unicode>
                    </TextEquiv>
                </Word>
                <Word id="tr_1_tl_29_w9" custom="readingOrder {index:8;}">
                    <Coords points="1405,2387 1405,2447 1442,2447 1442,2387"/>
                    <TextEquiv>
                        <Unicode>er</Unicode>
                    </TextEquiv>
                </Word>
                <Word id="tr_1_tl_29_w10" custom="readingOrder {index:9;}">
                    <Coords points="1469,2387 1469,2447 1521,2447 1521,2387"/>
                    <TextEquiv>
                        <Unicode>nie</Unicode>
                    </TextEquiv>
                </Word>
                <TextEquiv>
                    <Unicode>Geist; nicht zuletzt dem Juden in ihm, den er nie</Unicode>
                </TextEquiv>
            </TextLine>
            <TextLine id="tr_1_tl_30" custom="readingOrder {index:29;}">
                <Coords points="457,2506 1529,2498 1506,2435 457,2458"/>
                <Baseline points="465,2481 518,2481 571,2481 625,2481 678,2481 731,2484 785,2481 838,2481 891,2481 945,2481 998,2481 1051,2481 1105,2481 1158,2481 1211,2481 1265,2478 1318,2478 1371,2478 1425,2478 1478,2478 1532,2478"/>
                <Word id="tr_1_tl_30_w1" custom="readingOrder {index:0;}">
                    <Coords points="462,2441 462,2501 712,2501 712,2441"/>
                    <TextEquiv>
                        <Unicode>verleugnete,</Unicode>
                    </TextEquiv>
                </Word>
                <Word id="tr_1_tl_30_w2" custom="readingOrder {index:1;}">
                    <Coords points="733,2441 733,2501 883,2501 883,2441"/>
                    <TextEquiv>
                        <Unicode>sondern</Unicode>
                    </TextEquiv>
                </Word>
                <Word id="tr_1_tl_30_w3" custom="readingOrder {index:2;}">
                    <Coords points="944,2441 944,2501 1009,2501 1009,2441"/>
                    <TextEquiv>
                        <Unicode>bei</Unicode>
                    </TextEquiv>
                </Word>
                <Word id="tr_1_tl_30_w4" custom="readingOrder {index:3;}">
                    <Coords points="1055,2441 1055,2501 1256,2501 1256,2441"/>
                    <TextEquiv>
                        <Unicode>passender</Unicode>
                    </TextEquiv>
                </Word>
                <Word id="tr_1_tl_30_w5" custom="readingOrder {index:4;}">
                    <Coords points="1286,2438 1286,2498 1522,2498 1522,2438"/>
                    <TextEquiv>
                        <Unicode>Gelegenheit</Unicode>
                    </TextEquiv>
                </Word>
                <TextEquiv>
                    <Unicode>verleugnete, sondern bei passender Gelegenheit</Unicode>
                </TextEquiv>
            </TextLine>
            <TextLine id="tr_1_tl_31" custom="readingOrder {index:30;}">
                <Coords points="460,2538 714,2571 894,2538 960,2573 1082,2536 1367,2565 1529,2532 1472,2484 462,2506"/>
                <Baseline points="468,2535 521,2534 574,2534 627,2535 680,2535 734,2532 787,2532 840,2532 893,2532 946,2532 1000,2532 1053,2530 1106,2532 1159,2530 1212,2532 1266,2529 1319,2527 1372,2529 1425,2529 1478,2527 1532,2526"/>
                <Word id="tr_1_tl_31_w1" custom="readingOrder {index:0;}">
                    <Coords points="460,2494 460,2554 539,2554 539,2494"/>
                    <TextEquiv>
                        <Unicode>auch</Unicode>
                    </TextEquiv>
                </Word>
                <Word id="tr_1_tl_31_w2" custom="readingOrder {index:1;}">
                    <Coords points="576,2494 576,2554 602,2554 602,2494"/>
                    <TextEquiv>
                        <Unicode>in</Unicode>
                    </TextEquiv>
                </Word>
                <Word id="tr_1_tl_31_w3" custom="readingOrder {index:2;}">
                    <Coords points="640,2492 640,2552 808,2552 808,2492"/>
                    <TextEquiv>
                        <Unicode>manchem</Unicode>
                    </TextEquiv>
                </Word>
                <Word id="tr_1_tl_31_w4" custom="readingOrder {index:3;}">
                    <Coords points="862,2492 862,2552 978,2552 978,2492"/>
                    <TextEquiv>
                        <Unicode>seiner</Unicode>
                    </TextEquiv>
                </Word>
                <Word id="tr_1_tl_31_w5" custom="readingOrder {index:4;}">
                    <Coords points="1010,2491 1010,2551 1210,2551 1210,2491"/>
                    <TextEquiv>
                        <Unicode>poetischen</Unicode>
                    </TextEquiv>
                </Word>
                <Word id="tr_1_tl_31_w6" custom="readingOrder {index:5;}">
                    <Coords points="1274,2487 1274,2547 1401,2547 1401,2487"/>
                    <TextEquiv>
                        <Unicode>Werke</Unicode>
                    </TextEquiv>
                </Word>
                <Word id="tr_1_tl_31_w7" custom="readingOrder {index:6;}">
                    <Coords points="1460,2486 1460,2546 1522,2546 1522,2486"/>
                    <TextEquiv>
                        <Unicode>be¬</Unicode>
                    </TextEquiv>
                </Word>
                <TextEquiv>
                    <Unicode>auch in manchem seiner poetischen Werke be¬</Unicode>
                </TextEquiv>
            </TextLine>
            <TextLine id="tr_1_tl_32" custom="readingOrder {index:31;}">
                <Coords points="460,2600 491,2605 509,2597 523,2602 540,2593 546,2596 555,2588 584,2591 586,2553 550,2548 543,2542 532,2551 524,2548 517,2553 483,2541 462,2541"/>
                <Baseline points="468,2586 498,2583 528,2583 558,2583 588,2583"/>
                <Word id="tr_1_tl_32_w1" custom="readingOrder {index:0;}">
                    <Coords points="460,2543 460,2603 578,2603 578,2543"/>
                    <TextEquiv>
                        <Unicode>tonte.</Unicode>
                    </TextEquiv>
                </Word>
                <TextEquiv>
                    <Unicode>tonte.</Unicode>
                </TextEquiv>
            </TextLine>
            <TextLine id="tr_1_tl_33" custom="readingOrder {index:32;}">
                <Coords points="547,2637 1526,2636 1501,2562 1333,2597 989,2602 741,2561 547,2590"/>
                <Baseline points="555,2630 603,2630 652,2630 701,2630 749,2630 798,2632 847,2633 895,2630 944,2630 993,2630 1042,2630 1090,2630 1139,2630 1188,2630 1236,2629 1285,2628 1334,2628 1382,2628 1431,2628 1480,2628 1529,2622"/>
                <Word id="tr_1_tl_33_w1" custom="readingOrder {index:0;}">
                    <Coords points="547,2590 547,2650 593,2650 593,2590"/>
                    <TextEquiv>
                        <Unicode>Es</Unicode>
                    </TextEquiv>
                </Word>
                <Word id="tr_1_tl_33_w2" custom="readingOrder {index:1;}">
                    <Coords points="624,2590 624,2650 696,2650 696,2590"/>
                    <TextEquiv>
                        <Unicode>war</Unicode>
                    </TextEquiv>
                </Word>
                <Word id="tr_1_tl_33_w3" custom="readingOrder {index:2;}">
                    <Coords points="723,2590 723,2650 784,2650 784,2590"/>
                    <TextEquiv>
                        <Unicode>mir</Unicode>
                    </TextEquiv>
                </Word>
                <Word id="tr_1_tl_33_w4" custom="readingOrder {index:3;}">
                    <Coords points="810,2590 810,2650 986,2650 986,2590"/>
                    <TextEquiv>
                        <Unicode>gegönnt,</Unicode>
                    </TextEquiv>
                </Word>
                <Word id="tr_1_tl_33_w5" custom="readingOrder {index:4;}">
                    <Coords points="1007,2590 1007,2650 1095,2650 1095,2590"/>
                    <TextEquiv>
                        <Unicode>viele</Unicode>
                    </TextEquiv>
                </Word>
                <Word id="tr_1_tl_33_w6" custom="readingOrder {index:5;}">
                    <Coords points="1126,2590 1126,2650 1229,2650 1229,2590"/>
                    <TextEquiv>
                        <Unicode>Jahre</Unicode>
                    </TextEquiv>
                </Word>
                <Word id="tr_1_tl_33_w7" custom="readingOrder {index:6;}">
                    <Coords points="1261,2588 1261,2648 1524,2648 1524,2588"/>
                    <TextEquiv>
                        <Unicode>freundschaft¬</Unicode>
                    </TextEquiv>
                </Word>
                <TextEquiv>
                    <Unicode>Es war mir gegönnt, viele Jahre freundschaft¬</Unicode>
                </TextEquiv>
            </TextLine>
            <TextLine id="tr_1_tl_34" custom="readingOrder {index:33;}">
                <Coords points="457,2695 1523,2688 1500,2633 937,2662 457,2633"/>
                <Baseline points="465,2681 518,2681 571,2681 624,2681 677,2678 730,2681 783,2681 836,2681 889,2681 942,2678 995,2678 1048,2678 1101,2678 1154,2678 1207,2678 1260,2678 1313,2678 1366,2678 1419,2678 1472,2678 1526,2672"/>
                <Word id="tr_1_tl_34_w1" custom="readingOrder {index:0;}">
                    <Coords points="462,2641 462,2701 520,2701 520,2641"/>
                    <TextEquiv>
                        <Unicode>lich</Unicode>
                    </TextEquiv>
                </Word>
                <Word id="tr_1_tl_34_w2" custom="readingOrder {index:1;}">
                    <Coords points="557,2641 557,2701 615,2701 615,2641"/>
                    <TextEquiv>
                        <Unicode>mit</Unicode>
                    </TextEquiv>
                </Word>
                <Word id="tr_1_tl_34_w3" custom="readingOrder {index:2;}">
                    <Coords points="642,2641 642,2701 843,2701 843,2641"/>
                    <TextEquiv>
                        <Unicode>Schnitzler</Unicode>
                    </TextEquiv>
                </Word>
                <Word id="tr_1_tl_34_w4" custom="readingOrder {index:3;}">
                    <Coords points="875,2640 875,2700 912,2700 912,2640"/>
                    <TextEquiv>
                        <Unicode>zu</Unicode>
                    </TextEquiv>
                </Word>
                <Word id="tr_1_tl_34_w5" custom="readingOrder {index:4;}">
                    <Coords points="949,2638 949,2698 1166,2698 1166,2638"/>
                    <TextEquiv>
                        <Unicode>verkehren.</Unicode>
                    </TextEquiv>
                </Word>
                <Word id="tr_1_tl_34_w6" custom="readingOrder {index:5;}">
                    <Coords points="1188,2638 1188,2698 1245,2698 1245,2638"/>
                    <TextEquiv>
                        <Unicode>Ein</Unicode>
                    </TextEquiv>
                </Word>
                <Word id="tr_1_tl_34_w7" custom="readingOrder {index:6;}">
                    <Coords points="1283,2638 1283,2698 1420,2698 1420,2638"/>
                    <TextEquiv>
                        <Unicode>wahrer</Unicode>
                    </TextEquiv>
                </Word>
                <Word id="tr_1_tl_34_w8" custom="readingOrder {index:7;}">
                    <Coords points="1453,2636 1453,2696 1526,2696 1526,2636"/>
                    <TextEquiv>
                        <Unicode>gei¬</Unicode>
                    </TextEquiv>
                </Word>
                <TextEquiv>
                    <Unicode>lich mit Schnitzler zu verkehren. Ein wahrer gei¬</Unicode>
                </TextEquiv>
            </TextLine>
            <TextLine id="tr_1_tl_35" custom="readingOrder {index:34;}">
                <Coords points="457,2743 1474,2747 1526,2735 1527,2684 457,2697"/>
                <Baseline points="465,2732 518,2732 571,2730 624,2731 677,2732 731,2732 784,2731 837,2729 890,2729 943,2729 997,2729 1050,2731 1103,2729 1156,2729 1209,2729 1263,2729 1316,2727 1369,2729 1422,2727 1475,2726 1529,2726"/>
                <Word id="tr_1_tl_35_w1" custom="readingOrder {index:0;}">
                    <Coords points="457,2692 457,2752 572,2752 572,2692"/>
                    <TextEquiv>
                        <Unicode>stiger</Unicode>
                    </TextEquiv>
                </Word>
                <Word id="tr_1_tl_35_w2" custom="readingOrder {index:1;}">
                    <Coords points="602,2692 602,2752 819,2752 819,2692"/>
                    <TextEquiv>
                        <Unicode>Hochgenuß</Unicode>
                    </TextEquiv>
                </Word>
                <Word id="tr_1_tl_35_w3" custom="readingOrder {index:2;}">
                    <Coords points="855,2689 855,2749 905,2749 905,2689"/>
                    <TextEquiv>
                        <Unicode>ist</Unicode>
                    </TextEquiv>
                </Word>
                <Word id="tr_1_tl_35_w4" custom="readingOrder {index:3;}">
                    <Coords points="936,2689 936,2749 970,2749 970,2689"/>
                    <TextEquiv>
                        <Unicode>es</Unicode>
                    </TextEquiv>
                </Word>
                <Word id="tr_1_tl_35_w5" custom="readingOrder {index:4;}">
                    <Coords points="1007,2689 1007,2749 1198,2749 1198,2689"/>
                    <TextEquiv>
                        <Unicode>gewesen,</Unicode>
                    </TextEquiv>
                </Word>
                <Word id="tr_1_tl_35_w6" custom="readingOrder {index:5;}">
                    <Coords points="1223,2689 1223,2749 1283,2749 1283,2689"/>
                    <TextEquiv>
                        <Unicode>mit</Unicode>
                    </TextEquiv>
                </Word>
                <Word id="tr_1_tl_35_w7" custom="readingOrder {index:6;}">
                    <Coords points="1314,2687 1314,2747 1364,2747 1364,2687"/>
                    <TextEquiv>
                        <Unicode>ihm</Unicode>
                    </TextEquiv>
                </Word>
                <Word id="tr_1_tl_35_w8" custom="readingOrder {index:7;}">
                    <Coords points="1440,2686 1440,2746 1520,2746 1520,2686"/>
                    <TextEquiv>
                        <Unicode>tiefe</Unicode>
                    </TextEquiv>
                </Word>
                <TextEquiv>
                    <Unicode>stiger Hochgenuß ist es gewesen, mit ihm tiefe</Unicode>
                </TextEquiv>
            </TextLine>
            <TextLine id="tr_1_tl_36" custom="readingOrder {index:35;}">
                <Coords points="460,2796 1529,2785 1510,2735 460,2741"/>
                <Baseline points="468,2780 521,2780 574,2780 627,2780 680,2780 734,2780 787,2780 840,2780 893,2780 946,2780 1000,2781 1053,2781 1106,2780 1159,2780 1212,2777 1266,2777 1319,2777 1372,2777 1425,2777 1478,2777 1532,2774"/>
                <Word id="tr_1_tl_36_w1" custom="readingOrder {index:0;}">
                    <Coords points="460,2740 460,2800 645,2800 645,2740"/>
                    <TextEquiv>
                        <Unicode>Probleme</Unicode>
                    </TextEquiv>
                </Word>
                <Word id="tr_1_tl_36_w2" custom="readingOrder {index:1;}">
                    <Coords points="686,2740 686,2800 726,2800 726,2740"/>
                    <TextEquiv>
                        <Unicode>zu</Unicode>
                    </TextEquiv>
                </Word>
                <Word id="tr_1_tl_36_w3" custom="readingOrder {index:2;}">
                    <Coords points="762,2740 762,2800 1003,2800 1003,2740"/>
                    <TextEquiv>
                        <Unicode>besprechen.</Unicode>
                    </TextEquiv>
                </Word>
                <Word id="tr_1_tl_36_w4" custom="readingOrder {index:3;}">
                    <Coords points="1059,2740 1059,2800 1119,2800 1119,2740"/>
                    <TextEquiv>
                        <Unicode>Die</Unicode>
                    </TextEquiv>
                </Word>
                <Word id="tr_1_tl_36_w5" custom="readingOrder {index:4;}">
                    <Coords points="1180,2737 1180,2797 1426,2797 1426,2737"/>
                    <TextEquiv>
                        <Unicode>Gesellschaft</Unicode>
                    </TextEquiv>
                </Word>
                <Word id="tr_1_tl_36_w6" custom="readingOrder {index:5;}">
                    <Coords points="1457,2736 1457,2796 1517,2796 1517,2736"/>
                    <TextEquiv>
                        <Unicode>sah</Unicode>
                    </TextEquiv>
                </Word>
                <TextEquiv>
                    <Unicode>Probleme zu besprechen. Die Gesellschaft sah</Unicode>
                </TextEquiv>
            </TextLine>
            <TextLine id="tr_1_tl_37" custom="readingOrder {index:36;}">
                <Coords points="460,2831 1529,2834 1506,2782 460,2796"/>
                <Baseline points="468,2831 521,2831 574,2831 627,2831 680,2831 734,2831 787,2831 840,2831 893,2831 946,2831 1000,2828 1053,2828 1106,2828 1159,2828 1212,2828 1266,2828 1319,2828 1372,2828 1425,2828 1478,2828 1532,2825"/>
                <Word id="tr_1_tl_37_w1" custom="readingOrder {index:0;}">
                    <Coords points="465,2791 465,2851 557,2851 557,2791"/>
                    <TextEquiv>
                        <Unicode>wohl</Unicode>
                    </TextEquiv>
                </Word>
                <Word id="tr_1_tl_37_w2" custom="readingOrder {index:1;}">
                    <Coords points="584,2791 584,2851 609,2851 609,2791"/>
                    <TextEquiv>
                        <Unicode>in</Unicode>
                    </TextEquiv>
                </Word>
                <Word id="tr_1_tl_37_w3" custom="readingOrder {index:2;}">
                    <Coords points="647,2791 647,2851 698,2851 698,2791"/>
                    <TextEquiv>
                        <Unicode>ihm</Unicode>
                    </TextEquiv>
                </Word>
                <Word id="tr_1_tl_37_w4" custom="readingOrder {index:3;}">
                    <Coords points="745,2791 745,2851 801,2851 801,2791"/>
                    <TextEquiv>
                        <Unicode>den</Unicode>
                    </TextEquiv>
                </Word>
                <Word id="tr_1_tl_37_w5" custom="readingOrder {index:4;}">
                    <Coords points="838,2788 838,2848 1164,2848 1164,2788"/>
                    <TextEquiv>
                        <Unicode>scharfblickenden</Unicode>
                    </TextEquiv>
                </Word>
                <Word id="tr_1_tl_37_w6" custom="readingOrder {index:5;}">
                    <Coords points="1201,2788 1201,2848 1429,2848 1429,2788"/>
                    <TextEquiv>
                        <Unicode>Beobachter</Unicode>
                    </TextEquiv>
                </Word>
                <Word id="tr_1_tl_37_w7" custom="readingOrder {index:6;}">
                    <Coords points="1460,2787 1460,2847 1522,2847 1522,2787"/>
                    <TextEquiv>
                        <Unicode>und</Unicode>
                    </TextEquiv>
                </Word>
                <TextEquiv>
                    <Unicode>wohl in ihm den scharfblickenden Beobachter und</Unicode>
                </TextEquiv>
            </TextLine>
            <TextLine id="tr_1_tl_38" custom="readingOrder {index:37;}">
                <Coords points="457,2892 1529,2888 1504,2831 457,2831"/>
                <Baseline points="465,2881 518,2881 571,2879 625,2878 678,2878 731,2878 785,2878 838,2880 891,2879 945,2878 998,2878 1051,2878 1105,2878 1158,2878 1211,2878 1265,2878 1318,2878 1371,2877 1425,2875 1478,2875 1532,2875"/>
                <Word id="tr_1_tl_38_w1" custom="readingOrder {index:0;}">
                    <Coords points="457,2839 457,2899 663,2899 663,2839"/>
                    <TextEquiv>
                        <Unicode>Schilderer</Unicode>
                    </TextEquiv>
                </Word>
                <Word id="tr_1_tl_38_w2" custom="readingOrder {index:1;}">
                    <Coords points="695,2838 695,2898 787,2898 787,2838"/>
                    <TextEquiv>
                        <Unicode>ihres</Unicode>
                    </TextEquiv>
                </Word>
                <Word id="tr_1_tl_38_w3" custom="readingOrder {index:2;}">
                    <Coords points="819,2839 819,2899 963,2899 963,2839"/>
                    <TextEquiv>
                        <Unicode>eigenen</Unicode>
                    </TextEquiv>
                </Word>
                <Word id="tr_1_tl_38_w4" custom="readingOrder {index:3;}">
                    <Coords points="1000,2838 1000,2898 1211,2898 1211,2838"/>
                    <TextEquiv>
                        <Unicode>Getriebes;</Unicode>
                    </TextEquiv>
                </Word>
                <Word id="tr_1_tl_38_w5" custom="readingOrder {index:4;}">
                    <Coords points="1238,2837 1238,2897 1419,2897 1419,2837"/>
                    <TextEquiv>
                        <Unicode>erquickte</Unicode>
                    </TextEquiv>
                </Word>
                <Word id="tr_1_tl_38_w6" custom="readingOrder {index:5;}">
                    <Coords points="1450,2835 1450,2895 1517,2895 1517,2835"/>
                    <TextEquiv>
                        <Unicode>sich</Unicode>
                    </TextEquiv>
                </Word>
                <TextEquiv>
                    <Unicode>Schilderer ihres eigenen Getriebes; erquickte sich</Unicode>
                </TextEquiv>
            </TextLine>
            <TextLine id="tr_1_tl_39" custom="readingOrder {index:38;}">
                <Coords points="460,2935 1526,2931 1504,2883 460,2892"/>
                <Baseline points="468,2929 521,2930 574,2929 627,2929 680,2929 733,2929 786,2929 839,2929 892,2929 945,2929 998,2929 1051,2929 1104,2927 1157,2928 1210,2926 1263,2929 1316,2928 1369,2926 1422,2926 1475,2926 1529,2926"/>
                <Word id="tr_1_tl_39_w1" custom="readingOrder {index:0;}">
                    <Coords points="460,2889 460,2949 494,2949 494,2889"/>
                    <TextEquiv>
                        <Unicode>an</Unicode>
                    </TextEquiv>
                </Word>
                <Word id="tr_1_tl_39_w2" custom="readingOrder {index:1;}">
                    <Coords points="535,2889 535,2949 595,2949 595,2889"/>
                    <TextEquiv>
                        <Unicode>der</Unicode>
                    </TextEquiv>
                </Word>
                <Word id="tr_1_tl_39_w3" custom="readingOrder {index:2;}">
                    <Coords points="621,2889 621,2949 893,2949 893,2889"/>
                    <TextEquiv>
                        <Unicode>bezaubernden</Unicode>
                    </TextEquiv>
                </Word>
                <Word id="tr_1_tl_39_w4" custom="readingOrder {index:3;}">
                    <Coords points="929,2889 929,2949 1125,2949 1125,2889"/>
                    <TextEquiv>
                        <Unicode>Schönheit</Unicode>
                    </TextEquiv>
                </Word>
                <Word id="tr_1_tl_39_w5" custom="readingOrder {index:4;}">
                    <Coords points="1151,2887 1151,2947 1216,2947 1216,2887"/>
                    <TextEquiv>
                        <Unicode>und</Unicode>
                    </TextEquiv>
                </Word>
                <Word id="tr_1_tl_39_w6" custom="readingOrder {index:5;}">
                    <Coords points="1253,2887 1253,2947 1383,2947 1383,2887"/>
                    <TextEquiv>
                        <Unicode>Anmut</Unicode>
                    </TextEquiv>
                </Word>
                <Word id="tr_1_tl_39_w7" custom="readingOrder {index:6;}">
                    <Coords points="1409,2886 1409,2946 1524,2946 1524,2886"/>
                    <TextEquiv>
                        <Unicode>seiner</Unicode>
                    </TextEquiv>
                </Word>
                <TextEquiv>
                    <Unicode>an der bezaubernden Schönheit und Anmut seiner</Unicode>
                </TextEquiv>
            </TextLine>
            <TextLine id="tr_1_tl_40" custom="readingOrder {index:39;}">
                <Coords points="463,2984 1529,2987 1529,2937 1489,2929 463,2938"/>
                <Baseline points="471,2980 524,2980 577,2980 630,2977 683,2980 736,2980 789,2980 842,2980 895,2980 948,2980 1001,2980 1054,2977 1107,2977 1160,2977 1213,2977 1266,2977 1319,2977 1372,2977 1425,2977 1478,2977 1532,2977"/>
                <Word id="tr_1_tl_40_w1" custom="readingOrder {index:0;}">
                    <Coords points="463,2940 463,3000 617,3000 617,2940"/>
                    <TextEquiv>
                        <Unicode>Sprache</Unicode>
                    </TextEquiv>
                </Word>
                <Word id="tr_1_tl_40_w2" custom="readingOrder {index:1;}">
                    <Coords points="659,2940 659,3000 720,3000 720,2940"/>
                    <TextEquiv>
                        <Unicode>und</Unicode>
                    </TextEquiv>
                </Word>
                <Word id="tr_1_tl_40_w3" custom="readingOrder {index:2;}">
                    <Coords points="757,2940 757,3000 1134,3000 1134,2940"/>
                    <TextEquiv>
                        <Unicode>Darstellungskunst.</Unicode>
                    </TextEquiv>
                </Word>
                <Word id="tr_1_tl_40_w4" custom="readingOrder {index:3;}">
                    <Coords points="1166,2937 1166,2997 1248,2997 1248,2937"/>
                    <TextEquiv>
                        <Unicode>War</Unicode>
                    </TextEquiv>
                </Word>
                <Word id="tr_1_tl_40_w5" custom="readingOrder {index:4;}">
                    <Coords points="1280,2937 1280,2997 1320,2997 1320,2937"/>
                    <TextEquiv>
                        <Unicode>er</Unicode>
                    </TextEquiv>
                </Word>
                <Word id="tr_1_tl_40_w6" custom="readingOrder {index:5;}">
                    <Coords points="1352,2937 1352,2997 1434,2997 1434,2937"/>
                    <TextEquiv>
                        <Unicode>doch</Unicode>
                    </TextEquiv>
                </Word>
                <Word id="tr_1_tl_40_w7" custom="readingOrder {index:6;}">
                    <Coords points="1476,2937 1476,2997 1522,2997 1522,2937"/>
                    <TextEquiv>
                        <Unicode>ihr</Unicode>
                    </TextEquiv>
                </Word>
                <TextEquiv>
                    <Unicode>Sprache und Darstellungskunst. War er doch ihr</Unicode>
                </TextEquiv>
            </TextLine>
            <TextLine id="tr_1_tl_41" custom="readingOrder {index:40;}">
                <Coords points="466,3048 1527,3042 1510,2981 466,2998"/>
                <Baseline points="474,3031 526,3031 579,3031 632,3028 685,3028 737,3028 790,3028 843,3028 896,3031 948,3028 1001,3028 1054,3028 1107,3028 1159,3028 1212,3028 1265,3028 1318,3028 1370,3027 1423,3027 1476,3026 1529,3025"/>
                <Word id="tr_1_tl_41_w1" custom="readingOrder {index:0;}">
                    <Coords points="466,2991 466,3051 523,3051 523,2991"/>
                    <TextEquiv>
                        <Unicode>und</Unicode>
                    </TextEquiv>
                </Word>
                <Word id="tr_1_tl_41_w2" custom="readingOrder {index:1;}">
                    <Coords points="561,2990 561,3050 619,3050 619,2990"/>
                    <TextEquiv>
                        <Unicode>der</Unicode>
                    </TextEquiv>
                </Word>
                <Word id="tr_1_tl_41_w3" custom="readingOrder {index:2;}">
                    <Coords points="652,2988 652,3048 746,3048 746,2988"/>
                    <TextEquiv>
                        <Unicode>Welt</Unicode>
                    </TextEquiv>
                </Word>
                <Word id="tr_1_tl_41_w4" custom="readingOrder {index:3;}">
                    <Coords points="773,2988 773,3048 831,3048 831,2988"/>
                    <TextEquiv>
                        <Unicode>der</Unicode>
                    </TextEquiv>
                </Word>
                <Word id="tr_1_tl_41_w5" custom="readingOrder {index:4;}">
                    <Coords points="858,2988 858,3048 1006,3048 1006,2988"/>
                    <TextEquiv>
                        <Unicode>Dichter</Unicode>
                    </TextEquiv>
                </Word>
                <Word id="tr_1_tl_41_w6" custom="readingOrder {index:5;}">
                    <Coords points="1033,2988 1033,3048 1090,3048 1090,2988"/>
                    <TextEquiv>
                        <Unicode>des</Unicode>
                    </TextEquiv>
                </Word>
                <Word id="tr_1_tl_41_w7" custom="readingOrder {index:6;}">
                    <Coords points="1123,2988 1123,3048 1377,3048 1377,2988"/>
                    <TextEquiv>
                        <Unicode>wienerischen</Unicode>
                    </TextEquiv>
                </Word>
                <Word id="tr_1_tl_41_w8" custom="readingOrder {index:7;}">
                    <Coords points="1414,2986 1414,3046 1525,3046 1525,2986"/>
                    <TextEquiv>
                        <Unicode>Char¬</Unicode>
                    </TextEquiv>
                </Word>
                <TextEquiv>
                    <Unicode>und der Welt der Dichter des wienerischen Char¬</Unicode>
                </TextEquiv>
            </TextLine>
            <TextLine id="tr_1_tl_42" custom="readingOrder {index:41;}">
                <Coords points="466,3088 1529,3087 1504,3033 466,3048"/>
                <Baseline points="474,3081 526,3078 579,3078 632,3078 685,3078 738,3078 791,3078 844,3078 897,3078 950,3078 1003,3078 1055,3077 1108,3075 1161,3075 1214,3075 1267,3075 1320,3075 1373,3076 1426,3076 1479,3075 1532,3078"/>
                <Word id="tr_1_tl_42_w1" custom="readingOrder {index:0;}">
                    <Coords points="466,3038 466,3098 555,3098 555,3038"/>
                    <TextEquiv>
                        <Unicode>mes,</Unicode>
                    </TextEquiv>
                </Word>
                <Word id="tr_1_tl_42_w2" custom="readingOrder {index:1;}">
                    <Coords points="581,3038 581,3098 641,3098 641,3038"/>
                    <TextEquiv>
                        <Unicode>des</Unicode>
                    </TextEquiv>
                </Word>
                <Word id="tr_1_tl_42_w3" custom="readingOrder {index:2;}">
                    <Coords points="677,3038 677,3098 958,3098 958,3038"/>
                    <TextEquiv>
                        <Unicode>hingehauchten</Unicode>
                    </TextEquiv>
                </Word>
                <Word id="tr_1_tl_42_w4" custom="readingOrder {index:3;}">
                    <Coords points="994,3037 994,3097 1099,3097 1099,3037"/>
                    <TextEquiv>
                        <Unicode>Dufts</Unicode>
                    </TextEquiv>
                </Word>
                <Word id="tr_1_tl_42_w5" custom="readingOrder {index:4;}">
                    <Coords points="1130,3035 1130,3095 1195,3095 1195,3035"/>
                    <TextEquiv>
                        <Unicode>der</Unicode>
                    </TextEquiv>
                </Word>
                <Word id="tr_1_tl_42_w6" custom="readingOrder {index:5;}">
                    <Coords points="1226,3035 1226,3095 1331,3095 1331,3035"/>
                    <TextEquiv>
                        <Unicode>Stadt</Unicode>
                    </TextEquiv>
                </Word>
                <Word id="tr_1_tl_42_w7" custom="readingOrder {index:6;}">
                    <Coords points="1362,3036 1362,3096 1422,3096 1422,3036"/>
                    <TextEquiv>
                        <Unicode>und</Unicode>
                    </TextEquiv>
                </Word>
                <Word id="tr_1_tl_42_w8" custom="readingOrder {index:7;}">
                    <Coords points="1462,3035 1462,3095 1522,3095 1522,3035"/>
                    <TextEquiv>
                        <Unicode>der</Unicode>
                    </TextEquiv>
                </Word>
                <TextEquiv>
                    <Unicode>mes, des hingehauchten Dufts der Stadt und der</Unicode>
                </TextEquiv>
            </TextLine>
            <TextLine id="tr_1_tl_43" custom="readingOrder {index:42;}">
                <Coords points="457,3140 1533,3143 1509,3080 457,3082"/>
                <Baseline points="465,3129 518,3128 572,3126 625,3126 679,3126 733,3126 786,3126 840,3126 893,3126 947,3126 1001,3126 1054,3126 1108,3126 1161,3124 1215,3125 1269,3126 1322,3126 1376,3126 1429,3124 1483,3123 1537,3126"/>
                <Word id="tr_1_tl_43_w1" custom="readingOrder {index:0;}">
                    <Coords points="462,3086 462,3146 702,3146 702,3086"/>
                    <TextEquiv>
                        <Unicode>Landschaft.</Unicode>
                    </TextEquiv>
                </Word>
                <Word id="tr_1_tl_43_w2" custom="readingOrder {index:1;}">
                    <Coords points="728,3086 728,3146 873,3146 873,3086"/>
                    <TextEquiv>
                        <Unicode>Wenige</Unicode>
                    </TextEquiv>
                </Word>
                <Word id="tr_1_tl_43_w3" custom="readingOrder {index:2;}">
                    <Coords points="914,3086 914,3146 1049,3146 1049,3086"/>
                    <TextEquiv>
                        <Unicode>dürften</Unicode>
                    </TextEquiv>
                </Word>
                <Word id="tr_1_tl_43_w4" custom="readingOrder {index:3;}">
                    <Coords points="1090,3086 1090,3146 1119,3146 1119,3086"/>
                    <TextEquiv>
                        <Unicode>in</Unicode>
                    </TextEquiv>
                </Word>
                <Word id="tr_1_tl_43_w5" custom="readingOrder {index:4;}">
                    <Coords points="1175,3084 1175,3144 1230,3144 1230,3084"/>
                    <TextEquiv>
                        <Unicode>ihm</Unicode>
                    </TextEquiv>
                </Word>
                <Word id="tr_1_tl_43_w6" custom="readingOrder {index:5;}">
                    <Coords points="1306,3086 1306,3146 1401,3146 1401,3086"/>
                    <TextEquiv>
                        <Unicode>einen</Unicode>
                    </TextEquiv>
                </Word>
                <Word id="tr_1_tl_43_w7" custom="readingOrder {index:6;}">
                    <Coords points="1467,3083 1467,3143 1516,3143 1516,3083"/>
                    <TextEquiv>
                        <Unicode>nie</Unicode>
                    </TextEquiv>
                </Word>
                <TextEquiv>
                    <Unicode>Landschaft. Wenige dürften in ihm einen nie</Unicode>
                </TextEquiv>
            </TextLine>
            <TextLine id="tr_1_tl_44" custom="readingOrder {index:43;}">
                <Coords points="457,3181 1529,3186 1530,3145 1455,3125 459,3139"/>
                <Baseline points="465,3180 518,3177 571,3177 625,3177 678,3177 731,3177 785,3174 838,3174 891,3176 945,3177 998,3177 1051,3174 1105,3174 1158,3174 1211,3177 1265,3177 1318,3174 1371,3174 1425,3174 1478,3174 1532,3171"/>
                <Word id="tr_1_tl_44_w1" custom="readingOrder {index:0;}">
                    <Coords points="462,3137 462,3197 648,3197 648,3137"/>
                    <TextEquiv>
                        <Unicode>rastenden</Unicode>
                    </TextEquiv>
                </Word>
                <Word id="tr_1_tl_44_w2" custom="readingOrder {index:1;}">
                    <Coords points="684,3135 684,3195 834,3195 834,3135"/>
                    <TextEquiv>
                        <Unicode>Grübler</Unicode>
                    </TextEquiv>
                </Word>
                <Word id="tr_1_tl_44_w3" custom="readingOrder {index:2;}">
                    <Coords points="860,3137 860,3197 1073,3197 1073,3137"/>
                    <TextEquiv>
                        <Unicode>empfunden</Unicode>
                    </TextEquiv>
                </Word>
                <Word id="tr_1_tl_44_w4" custom="readingOrder {index:3;}">
                    <Coords points="1104,3134 1104,3194 1238,3194 1238,3134"/>
                    <TextEquiv>
                        <Unicode>haben,</Unicode>
                    </TextEquiv>
                </Word>
                <Word id="tr_1_tl_44_w5" custom="readingOrder {index:4;}">
                    <Coords points="1260,3135 1260,3195 1321,3195 1321,3135"/>
                    <TextEquiv>
                        <Unicode>den</Unicode>
                    </TextEquiv>
                </Word>
                <Word id="tr_1_tl_44_w6" custom="readingOrder {index:5;}">
                    <Coords points="1352,3134 1352,3194 1409,3194 1409,3134"/>
                    <TextEquiv>
                        <Unicode>alle</Unicode>
                    </TextEquiv>
                </Word>
                <Word id="tr_1_tl_44_w7" custom="readingOrder {index:6;}">
                    <Coords points="1441,3133 1441,3193 1528,3193 1528,3133"/>
                    <TextEquiv>
                        <Unicode>Fra¬</Unicode>
                    </TextEquiv>
                </Word>
                <TextEquiv>
                    <Unicode>rastenden Grübler empfunden haben, den alle Fra¬</Unicode>
                </TextEquiv>
            </TextLine>
            <TextLine id="tr_1_tl_45" custom="readingOrder {index:44;}">
                <Coords points="457,3242 1423,3233 1423,3197 1333,3177 457,3197"/>
                <Baseline points="465,3231 513,3229 561,3228 609,3226 657,3227 705,3225 753,3225 801,3225 849,3225 897,3225 946,3225 994,3225 1042,3225 1090,3225 1138,3225 1186,3225 1234,3225 1282,3225 1330,3225 1378,3225 1427,3225"/>
                <Word id="tr_1_tl_45_w1" custom="readingOrder {index:0;}">
                    <Coords points="457,3190 457,3250 518,3250 518,3190"/>
                    <TextEquiv>
                        <Unicode>gen</Unicode>
                    </TextEquiv>
                </Word>
                <Word id="tr_1_tl_45_w2" custom="readingOrder {index:1;}">
                    <Coords points="555,3187 555,3247 612,3247 612,3187"/>
                    <TextEquiv>
                        <Unicode>der</Unicode>
                    </TextEquiv>
                </Word>
                <Word id="tr_1_tl_45_w3" custom="readingOrder {index:2;}">
                    <Coords points="638,3185 638,3245 757,3245 757,3185"/>
                    <TextEquiv>
                        <Unicode>Zeiten</Unicode>
                    </TextEquiv>
                </Word>
                <Word id="tr_1_tl_45_w4" custom="readingOrder {index:3;}">
                    <Coords points="794,3185 794,3245 850,3245 850,3185"/>
                    <TextEquiv>
                        <Unicode>und</Unicode>
                    </TextEquiv>
                </Word>
                <Word id="tr_1_tl_45_w5" custom="readingOrder {index:4;}">
                    <Coords points="887,3185 887,3245 1115,3245 1115,3185"/>
                    <TextEquiv>
                        <Unicode>Menschheit</Unicode>
                    </TextEquiv>
                </Word>
                <Word id="tr_1_tl_45_w6" custom="readingOrder {index:5;}">
                    <Coords points="1142,3185 1142,3245 1421,3245 1421,3185"/>
                    <TextEquiv>
                        <Unicode>beschäftigten.</Unicode>
                    </TextEquiv>
                </Word>
                <TextEquiv>
                    <Unicode>gen der Zeiten und Menschheit beschäftigten.</Unicode>
                </TextEquiv>
            </TextLine>
            <TextLine id="tr_1_tl_46" custom="readingOrder {index:45;}">
                <Coords points="555,3287 1532,3281 1532,3230 1431,3221 1333,3249 555,3238"/>
                <Baseline points="564,3279 612,3276 661,3276 709,3276 758,3274 806,3275 855,3276 903,3276 952,3276 1000,3276 1049,3276 1097,3276 1146,3276 1194,3276 1243,3275 1291,3275 1340,3274 1388,3273 1437,3275 1485,3276 1534,3276"/>
                <Word id="tr_1_tl_46_w1" custom="readingOrder {index:0;}">
                    <Coords points="550,3237 550,3297 620,3297 620,3237"/>
                    <TextEquiv>
                        <Unicode>Der</Unicode>
                    </TextEquiv>
                </Word>
                <Word id="tr_1_tl_46_w2" custom="readingOrder {index:1;}">
                    <Coords points="651,3236 651,3296 741,3296 741,3236"/>
                    <TextEquiv>
                        <Unicode>Ehre</Unicode>
                    </TextEquiv>
                </Word>
                <Word id="tr_1_tl_46_w3" custom="readingOrder {index:2;}">
                    <Coords points="777,3235 777,3295 837,3295 837,3235"/>
                    <TextEquiv>
                        <Unicode>des</Unicode>
                    </TextEquiv>
                </Word>
                <Word id="tr_1_tl_46_w4" custom="readingOrder {index:3;}">
                    <Coords points="873,3236 873,3296 1085,3296 1085,3236"/>
                    <TextEquiv>
                        <Unicode>Judentums</Unicode>
                    </TextEquiv>
                </Word>
                <Word id="tr_1_tl_46_w5" custom="readingOrder {index:4;}">
                    <Coords points="1121,3236 1121,3296 1242,3296 1242,3236"/>
                    <TextEquiv>
                        <Unicode>wurde</Unicode>
                    </TextEquiv>
                </Word>
                <Word id="tr_1_tl_46_w6" custom="readingOrder {index:5;}">
                    <Coords points="1283,3234 1283,3294 1318,3294 1318,3234"/>
                    <TextEquiv>
                        <Unicode>er</Unicode>
                    </TextEquiv>
                </Word>
                <Word id="tr_1_tl_46_w7" custom="readingOrder {index:6;}">
                    <Coords points="1349,3233 1349,3293 1409,3293 1409,3233"/>
                    <TextEquiv>
                        <Unicode>bei</Unicode>
                    </TextEquiv>
                </Word>
                <Word id="tr_1_tl_46_w8" custom="readingOrder {index:7;}">
                    <Coords points="1440,3235 1440,3295 1525,3295 1525,3235"/>
                    <TextEquiv>
                        <Unicode>aller</Unicode>
                    </TextEquiv>
                </Word>
                <TextEquiv>
                    <Unicode>Der Ehre des Judentums wurde er bei aller</Unicode>
                </TextEquiv>
            </TextLine>
            <TextLine id="tr_1_tl_47" custom="readingOrder {index:46;}">
                <Coords points="460,3339 1526,3327 1526,3281 460,3290"/>
                <Baseline points="468,3323 521,3326 574,3326 627,3326 680,3326 733,3326 786,3326 839,3323 892,3324 945,3326 998,3326 1051,3326 1104,3324 1157,3325 1210,3325 1263,3324 1316,3323 1369,3323 1422,3323 1475,3323 1529,3323"/>
                <Word id="tr_1_tl_47_w1" custom="readingOrder {index:0;}">
                    <Coords points="465,3286 465,3346 610,3346 610,3286"/>
                    <TextEquiv>
                        <Unicode>Skepsis</Unicode>
                    </TextEquiv>
                </Word>
                <Word id="tr_1_tl_47_w2" custom="readingOrder {index:1;}">
                    <Coords points="645,3286 645,3346 851,3346 851,3286"/>
                    <TextEquiv>
                        <Unicode>gegenüber</Unicode>
                    </TextEquiv>
                </Word>
                <Word id="tr_1_tl_47_w3" custom="readingOrder {index:2;}">
                    <Coords points="882,3286 882,3346 1077,3346 1077,3286"/>
                    <TextEquiv>
                        <Unicode>nationalen</Unicode>
                    </TextEquiv>
                </Word>
                <Word id="tr_1_tl_47_w4" custom="readingOrder {index:3;}">
                    <Coords points="1118,3284 1118,3344 1177,3344 1177,3284"/>
                    <TextEquiv>
                        <Unicode>und</Unicode>
                    </TextEquiv>
                </Word>
                <Word id="tr_1_tl_47_w5" custom="readingOrder {index:4;}">
                    <Coords points="1218,3283 1218,3343 1404,3343 1404,3283"/>
                    <TextEquiv>
                        <Unicode>religiösen</Unicode>
                    </TextEquiv>
                </Word>
                <Word id="tr_1_tl_47_w6" custom="readingOrder {index:5;}">
                    <Coords points="1439,3283 1439,3343 1524,3343 1524,3283"/>
                    <TextEquiv>
                        <Unicode>Din¬</Unicode>
                    </TextEquiv>
                </Word>
                <TextEquiv>
                    <Unicode>Skepsis gegenüber nationalen und religiösen Din¬</Unicode>
                </TextEquiv>
            </TextLine>
            <TextLine id="tr_1_tl_48" custom="readingOrder {index:47;}">
                <Coords points="463,3401 1529,3386 1529,3343 1426,3324 463,3343"/>
                <Baseline points="471,3380 524,3378 577,3377 630,3377 683,3377 736,3377 789,3377 842,3375 895,3376 948,3374 1001,3374 1054,3374 1107,3374 1160,3374 1213,3374 1266,3374 1319,3374 1372,3374 1425,3374 1478,3374 1532,3374"/>
                <Word id="tr_1_tl_48_w1" custom="readingOrder {index:0;}">
                    <Coords points="462,3339 462,3399 525,3399 525,3339"/>
                    <TextEquiv>
                        <Unicode>gen</Unicode>
                    </TextEquiv>
                </Word>
                <Word id="tr_1_tl_48_w2" custom="readingOrder {index:1;}">
                    <Coords points="565,3337 565,3397 741,3397 741,3337"/>
                    <TextEquiv>
                        <Unicode>durchaus</Unicode>
                    </TextEquiv>
                </Word>
                <Word id="tr_1_tl_48_w3" custom="readingOrder {index:2;}">
                    <Coords points="776,3335 776,3395 943,3395 943,3335"/>
                    <TextEquiv>
                        <Unicode>gerecht.</Unicode>
                    </TextEquiv>
                </Word>
                <Word id="tr_1_tl_48_w4" custom="readingOrder {index:3;}">
                    <Coords points="968,3334 968,3394 1041,3394 1041,3334"/>
                    <TextEquiv>
                        <Unicode>Das</Unicode>
                    </TextEquiv>
                </Word>
                <Word id="tr_1_tl_48_w5" custom="readingOrder {index:4;}">
                    <Coords points="1076,3334 1076,3394 1120,3394 1120,3334"/>
                    <TextEquiv>
                        <Unicode>ist</Unicode>
                    </TextEquiv>
                </Word>
                <Word id="tr_1_tl_48_w6" custom="readingOrder {index:5;}">
                    <Coords points="1150,3334 1150,3394 1179,3394 1179,3334"/>
                    <TextEquiv>
                        <Unicode>in</Unicode>
                    </TextEquiv>
                </Word>
                <Word id="tr_1_tl_48_w7" custom="readingOrder {index:6;}">
                    <Coords points="1219,3334 1219,3394 1336,3394 1336,3334"/>
                    <TextEquiv>
                        <Unicode>seinem</Unicode>
                    </TextEquiv>
                </Word>
                <Word id="tr_1_tl_48_w8" custom="readingOrder {index:7;}">
                    <Coords points="1386,3334 1386,3394 1518,3394 1518,3334"/>
                    <TextEquiv>
                        <Unicode>Roman</Unicode>
                    </TextEquiv>
                </Word>
                <TextEquiv>
                    <Unicode>gen durchaus gerecht. Das ist in seinem Roman</Unicode>
                </TextEquiv>
            </TextLine>
            <TextLine id="tr_1_tl_49" custom="readingOrder {index:48;}">
                <Coords points="463,3440 1532,3443 1532,3391 1432,3375 463,3400"/>
                <Baseline points="471,3431 524,3428 577,3428 630,3426 683,3428 736,3425 789,3425 843,3425 896,3427 949,3425 1002,3425 1055,3426 1108,3427 1161,3425 1215,3425 1268,3425 1321,3425 1374,3425 1427,3423 1480,3422 1534,3425"/>
                <Word id="tr_1_tl_49_w1" custom="readingOrder {index:0;}">
                    <Coords points="468,3388 468,3448 560,3448 560,3388"/>
                    <TextEquiv>
                        <Unicode>„Der</Unicode>
                    </TextEquiv>
                </Word>
                <Word id="tr_1_tl_49_w2" custom="readingOrder {index:1;}">
                    <Coords points="587,3386 587,3446 674,3446 674,3386"/>
                    <TextEquiv>
                        <Unicode>Weg</Unicode>
                    </TextEquiv>
                </Word>
                <Word id="tr_1_tl_49_w3" custom="readingOrder {index:2;}">
                    <Coords points="705,3385 705,3445 756,3445 756,3385"/>
                    <TextEquiv>
                        <Unicode>ins</Unicode>
                    </TextEquiv>
                </Word>
                <Word id="tr_1_tl_49_w4" custom="readingOrder {index:3;}">
                    <Coords points="783,3385 783,3445 906,3445 906,3385"/>
                    <TextEquiv>
                        <Unicode>Freie“</Unicode>
                    </TextEquiv>
                </Word>
                <Word id="tr_1_tl_49_w5" custom="readingOrder {index:4;}">
                    <Coords points="958,3385 958,3445 1019,3445 1019,3385"/>
                    <TextEquiv>
                        <Unicode>und</Unicode>
                    </TextEquiv>
                </Word>
                <Word id="tr_1_tl_49_w6" custom="readingOrder {index:5;}">
                    <Coords points="1077,3386 1077,3446 1107,3446 1107,3386"/>
                    <TextEquiv>
                        <Unicode>im</Unicode>
                    </TextEquiv>
                </Word>
                <Word id="tr_1_tl_49_w7" custom="readingOrder {index:6;}">
                    <Coords points="1149,3385 1149,3445 1282,3445 1282,3385"/>
                    <TextEquiv>
                        <Unicode>Drama</Unicode>
                    </TextEquiv>
                </Word>
                <Word id="tr_1_tl_49_w8" custom="readingOrder {index:7;}">
                    <Coords points="1314,3383 1314,3443 1525,3443 1525,3383"/>
                    <TextEquiv>
                        <Unicode>„Professor</Unicode>
                    </TextEquiv>
                </Word>
                <TextEquiv>
                    <Unicode>„Der Weg ins Freie“ und im Drama „Professor</Unicode>
                </TextEquiv>
            </TextLine>
            <TextLine id="tr_1_tl_50" custom="readingOrder {index:49;}">
                <Coords points="466,3495 1527,3486 1504,3432 466,3438"/>
                <Baseline points="474,3479 526,3477 579,3476 632,3476 685,3476 737,3476 790,3476 843,3476 896,3476 948,3473 1001,3475 1054,3474 1107,3474 1159,3473 1212,3473 1265,3473 1318,3473 1370,3473 1423,3473 1476,3473 1529,3473"/>
                <Word id="tr_1_tl_50_w1" custom="readingOrder {index:0;}">
                    <Coords points="466,3436 466,3496 682,3496 682,3436"/>
                    <TextEquiv>
                        <Unicode>Bernhardi“</Unicode>
                    </TextEquiv>
                </Word>
                <Word id="tr_1_tl_50_w2" custom="readingOrder {index:1;}">
                    <Coords points="713,3436 713,3496 834,3496 834,3436"/>
                    <TextEquiv>
                        <Unicode>scharf</Unicode>
                    </TextEquiv>
                </Word>
                <Word id="tr_1_tl_50_w3" custom="readingOrder {index:2;}">
                    <Coords points="859,3436 859,3496 919,3496 919,3436"/>
                    <TextEquiv>
                        <Unicode>und</Unicode>
                    </TextEquiv>
                </Word>
                <Word id="tr_1_tl_50_w4" custom="readingOrder {index:3;}">
                    <Coords points="955,3434 955,3494 1031,3494 1031,3434"/>
                    <TextEquiv>
                        <Unicode>klar</Unicode>
                    </TextEquiv>
                </Word>
                <Word id="tr_1_tl_50_w5" custom="readingOrder {index:4;}">
                    <Coords points="1056,3433 1056,3493 1212,3493 1212,3433"/>
                    <TextEquiv>
                        <Unicode>fühlbar.</Unicode>
                    </TextEquiv>
                </Word>
                <Word id="tr_1_tl_50_w6" custom="readingOrder {index:5;}">
                    <Coords points="1238,3433 1238,3493 1263,3493 1263,3433"/>
                    <TextEquiv>
                        <Unicode>In</Unicode>
                    </TextEquiv>
                </Word>
                <Word id="tr_1_tl_50_w7" custom="readingOrder {index:6;}">
                    <Coords points="1299,3433 1299,3493 1530,3493 1530,3433"/>
                    <TextEquiv>
                        <Unicode>stundenlan¬</Unicode>
                    </TextEquiv>
                </Word>
                <TextEquiv>
                    <Unicode>Bernhardi“ scharf und klar fühlbar. In stundenlan¬</Unicode>
                </TextEquiv>
            </TextLine>
            <TextLine id="tr_1_tl_51" custom="readingOrder {index:50;}">
                <Coords points="463,3536 1532,3531 1533,3486 1382,3478 465,3496"/>
                <Baseline points="471,3529 524,3528 577,3526 630,3526 683,3526 736,3525 789,3523 843,3525 896,3526 949,3523 1002,3523 1055,3523 1108,3523 1161,3523 1215,3523 1268,3523 1321,3523 1374,3523 1427,3523 1480,3523 1534,3526"/>
                <Word id="tr_1_tl_51_w1" custom="readingOrder {index:0;}">
                    <Coords points="462,3488 462,3548 526,3548 526,3488"/>
                    <TextEquiv>
                        <Unicode>gen</Unicode>
                    </TextEquiv>
                </Word>
                <Word id="tr_1_tl_51_w2" custom="readingOrder {index:1;}">
                    <Coords points="561,3486 561,3546 786,3546 786,3486"/>
                    <TextEquiv>
                        <Unicode>Gesprächen</Unicode>
                    </TextEquiv>
                </Word>
                <Word id="tr_1_tl_51_w3" custom="readingOrder {index:2;}">
                    <Coords points="831,3485 831,3545 913,3545 913,3485"/>
                    <TextEquiv>
                        <Unicode>über</Unicode>
                    </TextEquiv>
                </Word>
                <Word id="tr_1_tl_51_w4" custom="readingOrder {index:3;}">
                    <Coords points="948,3483 948,3543 997,3543 997,3483"/>
                    <TextEquiv>
                        <Unicode>die</Unicode>
                    </TextEquiv>
                </Word>
                <Word id="tr_1_tl_51_w5" custom="readingOrder {index:4;}">
                    <Coords points="1037,3483 1037,3543 1242,3543 1242,3483"/>
                    <TextEquiv>
                        <Unicode>historische</Unicode>
                    </TextEquiv>
                </Word>
                <Word id="tr_1_tl_51_w6" custom="readingOrder {index:5;}">
                    <Coords points="1282,3483 1282,3543 1517,3543 1517,3483"/>
                    <TextEquiv>
                        <Unicode>Erscheinung</Unicode>
                    </TextEquiv>
                </Word>
                <TextEquiv>
                    <Unicode>gen Gesprächen über die historische Erscheinung</Unicode>
                </TextEquiv>
            </TextLine>
            <TextLine id="tr_1_tl_52" custom="readingOrder {index:51;}">
                <Coords points="466,3583 1535,3583 1535,3539 1270,3522 466,3548"/>
                <Baseline points="474,3580 527,3577 580,3577 633,3577 686,3574 739,3574 792,3574 846,3574 899,3572 952,3574 1005,3571 1058,3569 1111,3572 1164,3574 1218,3574 1271,3574 1324,3574 1377,3574 1430,3574 1483,3572 1537,3574"/>
                <Word id="tr_1_tl_52_w1" custom="readingOrder {index:0;}">
                    <Coords points="466,3538 466,3598 526,3598 526,3538"/>
                    <TextEquiv>
                        <Unicode>des</Unicode>
                    </TextEquiv>
                </Word>
                <Word id="tr_1_tl_52_w2" custom="readingOrder {index:1;}">
                    <Coords points="552,3536 552,3596 728,3596 728,3536"/>
                    <TextEquiv>
                        <Unicode>jüdischen</Unicode>
                    </TextEquiv>
                </Word>
                <Word id="tr_1_tl_52_w3" custom="readingOrder {index:2;}">
                    <Coords points="764,3534 764,3594 890,3594 890,3534"/>
                    <TextEquiv>
                        <Unicode>Volkes</Unicode>
                    </TextEquiv>
                </Word>
                <Word id="tr_1_tl_52_w4" custom="readingOrder {index:3;}">
                    <Coords points="921,3533 921,3593 981,3593 981,3533"/>
                    <TextEquiv>
                        <Unicode>und</Unicode>
                    </TextEquiv>
                </Word>
                <Word id="tr_1_tl_52_w5" custom="readingOrder {index:4;}">
                    <Coords points="1013,3529 1013,3589 1138,3589 1138,3529"/>
                    <TextEquiv>
                        <Unicode>dessen</Unicode>
                    </TextEquiv>
                </Word>
                <Word id="tr_1_tl_52_w6" custom="readingOrder {index:5;}">
                    <Coords points="1169,3534 1169,3594 1321,3594 1321,3534"/>
                    <TextEquiv>
                        <Unicode>Stellung</Unicode>
                    </TextEquiv>
                </Word>
                <Word id="tr_1_tl_52_w7" custom="readingOrder {index:6;}">
                    <Coords points="1357,3534 1357,3594 1387,3594 1387,3534"/>
                    <TextEquiv>
                        <Unicode>zu</Unicode>
                    </TextEquiv>
                </Word>
                <Word id="tr_1_tl_52_w8" custom="readingOrder {index:7;}">
                    <Coords points="1418,3532 1418,3592 1523,3592 1523,3532"/>
                    <TextEquiv>
                        <Unicode>hohen</Unicode>
                    </TextEquiv>
                </Word>
                <TextEquiv>
                    <Unicode>des jüdischen Volkes und dessen Stellung zu hohen</Unicode>
                </TextEquiv>
            </TextLine>
            <TextLine id="tr_1_tl_53" custom="readingOrder {index:52;}">
                <Coords points="466,3638 1529,3634 1529,3591 1483,3579 466,3593"/>
                <Baseline points="474,3628 526,3625 579,3625 632,3625 685,3625 738,3624 791,3622 844,3622 897,3622 950,3622 1003,3622 1055,3622 1108,3622 1161,3622 1214,3622 1267,3622 1320,3622 1373,3622 1426,3620 1479,3619 1532,3616"/>
                <Word id="tr_1_tl_53_w1" custom="readingOrder {index:0;}">
                    <Coords points="466,3585 466,3645 637,3645 637,3585"/>
                    <TextEquiv>
                        <Unicode>ethischen</Unicode>
                    </TextEquiv>
                </Word>
                <Word id="tr_1_tl_53_w2" custom="readingOrder {index:1;}">
                    <Coords points="678,3584 678,3644 738,3644 738,3584"/>
                    <TextEquiv>
                        <Unicode>und</Unicode>
                    </TextEquiv>
                </Word>
                <Word id="tr_1_tl_53_w3" custom="readingOrder {index:2;}">
                    <Coords points="774,3582 774,3642 960,3642 960,3582"/>
                    <TextEquiv>
                        <Unicode>religiösen</Unicode>
                    </TextEquiv>
                </Word>
                <Word id="tr_1_tl_53_w4" custom="readingOrder {index:3;}">
                    <Coords points="997,3582 997,3642 1128,3642 1128,3582"/>
                    <TextEquiv>
                        <Unicode>Zielen,</Unicode>
                    </TextEquiv>
                </Word>
                <Word id="tr_1_tl_53_w5" custom="readingOrder {index:4;}">
                    <Coords points="1154,3582 1154,3642 1224,3642 1224,3582"/>
                    <TextEquiv>
                        <Unicode>frei</Unicode>
                    </TextEquiv>
                </Word>
                <Word id="tr_1_tl_53_w6" custom="readingOrder {index:5;}">
                    <Coords points="1250,3582 1250,3642 1310,3642 1310,3582"/>
                    <TextEquiv>
                        <Unicode>von</Unicode>
                    </TextEquiv>
                </Word>
                <Word id="tr_1_tl_53_w7" custom="readingOrder {index:6;}">
                    <Coords points="1346,3581 1346,3641 1431,3641 1431,3581"/>
                    <TextEquiv>
                        <Unicode>aller</Unicode>
                    </TextEquiv>
                </Word>
                <Word id="tr_1_tl_53_w8" custom="readingOrder {index:7;}">
                    <Coords points="1457,3578 1457,3638 1527,3638 1527,3578"/>
                    <TextEquiv>
                        <Unicode>Be¬</Unicode>
                    </TextEquiv>
                </Word>
                <TextEquiv>
                    <Unicode>ethischen und religiösen Zielen, frei von aller Be¬</Unicode>
                </TextEquiv>
            </TextLine>
            <TextLine id="tr_1_tl_54" custom="readingOrder {index:53;}">
                <Coords points="471,3701 1533,3686 1523,3629 471,3646"/>
                <Baseline points="480,3679 532,3677 585,3676 638,3676 691,3673 744,3675 797,3673 849,3673 902,3673 955,3670 1008,3673 1061,3673 1114,3675 1167,3674 1219,3673 1272,3673 1325,3673 1378,3673 1431,3673 1484,3673 1537,3670"/>
                <Word id="tr_1_tl_54_w1" custom="readingOrder {index:0;}">
                    <Coords points="471,3636 471,3696 717,3696 717,3636"/>
                    <TextEquiv>
                        <Unicode>schränktheit</Unicode>
                    </TextEquiv>
                </Word>
                <Word id="tr_1_tl_54_w2" custom="readingOrder {index:1;}">
                    <Coords points="758,3633 758,3693 819,3693 819,3633"/>
                    <TextEquiv>
                        <Unicode>und</Unicode>
                    </TextEquiv>
                </Word>
                <Word id="tr_1_tl_54_w3" custom="readingOrder {index:2;}">
                    <Coords points="865,3633 865,3693 1167,3693 1167,3633"/>
                    <TextEquiv>
                        <Unicode>Beschränkung,</Unicode>
                    </TextEquiv>
                </Word>
                <Word id="tr_1_tl_54_w4" custom="readingOrder {index:3;}">
                    <Coords points="1198,3633 1198,3693 1329,3693 1329,3633"/>
                    <TextEquiv>
                        <Unicode>konnte</Unicode>
                    </TextEquiv>
                </Word>
                <Word id="tr_1_tl_54_w5" custom="readingOrder {index:4;}">
                    <Coords points="1370,3633 1370,3693 1420,3693 1420,3633"/>
                    <TextEquiv>
                        <Unicode>ich</Unicode>
                    </TextEquiv>
                </Word>
                <Word id="tr_1_tl_54_w6" custom="readingOrder {index:5;}">
                    <Coords points="1471,3632 1471,3692 1531,3692 1531,3632"/>
                    <TextEquiv>
                        <Unicode>mit</Unicode>
                    </TextEquiv>
                </Word>
                <TextEquiv>
                    <Unicode>schränktheit und Beschränkung, konnte ich mit</Unicode>
                </TextEquiv>
            </TextLine>
            <TextLine id="tr_1_tl_55" custom="readingOrder {index:54;}">
                <Coords points="622,3878 1387,3898 1376,3784 1093,3782 1052,3810 1012,3784 754,3781 624,3836"/>
                <Baseline points="630,3867 668,3862 706,3861 744,3863 782,3863 820,3861 858,3861 896,3861 934,3861 972,3861 1010,3861 1048,3862 1086,3864 1124,3864 1162,3861 1200,3861 1238,3861 1276,3860 1314,3858 1352,3858 1391,3858"/>
                <Word id="tr_1_tl_55_w1" custom="readingOrder {index:0;}">
                    <Coords points="634,3821 634,3881 1291,3881 1291,3821"/>
                    <TextEquiv>
                        <Unicode>Scuilicton</Unicode>
                    </TextEquiv>
                </Word>
                <TextEquiv>
                    <Unicode>Scuilicton</Unicode>
                </TextEquiv>
            </TextLine>
            <TextLine id="tr_1_tl_56" custom="readingOrder {index:55;}">
                <Coords points="550,3989 1461,3976 1461,3897 550,3891"/>
                <Baseline points="558,3965 603,3962 648,3962 694,3962 739,3964 785,3965 830,3965 875,3965 921,3965 966,3965 1012,3965 1057,3965 1102,3962 1148,3962 1193,3962 1239,3962 1284,3965 1329,3962 1375,3962 1420,3962 1466,3962"/>
                <Word id="tr_1_tl_56_w1" custom="readingOrder {index:0;}">
                    <Coords points="561,3925 561,3985 1111,3985 1111,3925"/>
                    <TextEquiv>
                        <Unicode>Westjüdischer</Unicode>
                    </TextEquiv>
                </Word>
                <Word id="tr_1_tl_56_w2" custom="readingOrder {index:1;}">
                    <Coords points="1155,3923 1155,3983 1457,3983 1457,3923"/>
                    <TextEquiv>
                        <Unicode>Roman.</Unicode>
                    </TextEquiv>
                </Word>
                <TextEquiv>
                    <Unicode>Westjüdischer Roman.</Unicode>
                </TextEquiv>
            </TextLine>
            <TextLine id="tr_1_tl_57" custom="readingOrder {index:56;}">
                <Coords points="767,4056 963,4040 1240,4054 1240,4004 1163,4001 1147,3984 1118,3999 1009,3987 939,4007 853,3981 767,4002"/>
                <Baseline points="776,4037 801,4037 827,4037 853,4037 879,4037 905,4037 931,4037 957,4037 983,4037 1009,4037 1034,4037 1060,4037 1086,4037 1112,4037 1138,4037 1164,4037 1190,4038 1216,4039 1242,4037"/>
                <Word id="tr_1_tl_57_w1" custom="readingOrder {index:0;}">
                    <Coords points="773,3997 773,4057 856,4057 856,3997"/>
                    <TextEquiv>
                        <Unicode>Eine</Unicode>
                    </TextEquiv>
                </Word>
                <Word id="tr_1_tl_57_w2" custom="readingOrder {index:1;}">
                    <Coords points="885,3997 885,4057 1231,4057 1231,3997"/>
                    <TextEquiv>
                        <Unicode>Problemstellung.</Unicode>
                    </TextEquiv>
                </Word>
                <TextEquiv>
                    <Unicode>Eine Problemstellung.</Unicode>
                </TextEquiv>
            </TextLine>
            <TextLine id="tr_1_tl_58" custom="readingOrder {index:57;}">
                <Coords points="816,4097 1199,4096 1199,4062 1165,4044 1122,4057 991,4044 862,4056 816,4044"/>
                <Baseline points="824,4088 849,4088 874,4088 899,4090 925,4090 950,4089 975,4088 1000,4088 1026,4088 1051,4088 1076,4088 1101,4088 1127,4088 1152,4088 1177,4088 1203,4088"/>
                <Word id="tr_1_tl_58_w1" custom="readingOrder {index:0;}">
                    <Coords points="817,4048 817,4108 882,4108 882,4048"/>
                    <TextEquiv>
                        <Unicode>Von</Unicode>
                    </TextEquiv>
                </Word>
                <Word id="tr_1_tl_58_w2" custom="readingOrder {index:1;}">
                    <Coords points="912,4049 912,4109 955,4109 955,4049"/>
                    <TextEquiv>
                        <Unicode>S.</Unicode>
                    </TextEquiv>
                </Word>
                <Word id="tr_1_tl_58_w3" custom="readingOrder {index:2;}">
                    <Coords points="973,4048 973,4108 1190,4108 1190,4048"/>
                    <TextEquiv>
                        <Unicode>Taubes.</Unicode>
                    </TextEquiv>
                </Word>
                <TextEquiv>
                    <Unicode>Von S. Taubes.</Unicode>
                </TextEquiv>
            </TextLine>
            <TextLine id="tr_1_tl_59" custom="readingOrder {index:58;}">
                <Coords points="558,4149 1535,4143 1535,4073 1361,4108 722,4082 641,4108 558,4079"/>
                <Baseline points="567,4139 615,4136 664,4136 712,4139 761,4138 809,4137 858,4138 906,4136 955,4136 1003,4136 1052,4136 1100,4136 1149,4136 1197,4136 1246,4136 1294,4136 1343,4136 1391,4136 1440,4136 1488,4136 1537,4139"/>
                <Word id="tr_1_tl_59_w1" custom="readingOrder {index:0;}">
                    <Coords points="558,4097 558,4157 617,4157 617,4097"/>
                    <TextEquiv>
                        <Unicode>Die</Unicode>
                    </TextEquiv>
                </Word>
                <Word id="tr_1_tl_59_w2" custom="readingOrder {index:1;}">
                    <Coords points="656,4099 656,4159 768,4159 768,4099"/>
                    <TextEquiv>
                        <Unicode>Frage</Unicode>
                    </TextEquiv>
                </Word>
                <Word id="tr_1_tl_59_w3" custom="readingOrder {index:2;}">
                    <Coords points="808,4097 808,4157 904,4157 904,4097"/>
                    <TextEquiv>
                        <Unicode>steht</Unicode>
                    </TextEquiv>
                </Word>
                <Word id="tr_1_tl_59_w4" custom="readingOrder {index:3;}">
                    <Coords points="937,4096 937,4156 996,4156 996,4096"/>
                    <TextEquiv>
                        <Unicode>zur</Unicode>
                    </TextEquiv>
                </Word>
                <Word id="tr_1_tl_59_w5" custom="readingOrder {index:4;}">
                    <Coords points="1035,4096 1035,4156 1332,4156 1332,4096"/>
                    <TextEquiv>
                        <Unicode>Untersuchung,</Unicode>
                    </TextEquiv>
                </Word>
                <Word id="tr_1_tl_59_w6" custom="readingOrder {index:5;}">
                    <Coords points="1360,4096 1360,4156 1522,4156 1522,4096"/>
                    <TextEquiv>
                        <Unicode>wodurch</Unicode>
                    </TextEquiv>
                </Word>
                <TextEquiv>
                    <Unicode>Die Frage steht zur Untersuchung, wodurch</Unicode>
                </TextEquiv>
            </TextLine>
            <TextLine id="tr_1_tl_60" custom="readingOrder {index:59;}">
                <Coords points="1240,4187 1530,4187 1530,4144 1457,4140 1432,4149 1399,4141 1385,4157 1336,4138 1299,4157 1286,4149 1240,4154"/>
                <Baseline points="1248,4183 1274,4183 1300,4183 1326,4183 1352,4183 1378,4183 1404,4183 1430,4183 1456,4183 1482,4184 1508,4185 1534,4186"/>
                <Word id="tr_1_tl_60_w1" custom="readingOrder {index:0;}">
                    <Coords points="1239,4143 1239,4203 1520,4203 1520,4143"/>
                    <TextEquiv>
                        <Unicode>larakterisieren</Unicode>
                    </TextEquiv>
                </Word>
                <TextEquiv>
                    <Unicode>larakterisieren</Unicode>
                </TextEquiv>
            </TextLine>
            <TextEquiv>
                <Unicode></Unicode>
            </TextEquiv>
        </TextRegion>
        <TextRegion orientation="0.0" id="tr_2" custom="readingOrder {index:1;}">
            <Coords points="1570,762 1570,4227 3246,4227 3246,762"/>
            <TextLine id="tr_2_tl_1" custom="readingOrder {index:0;}">
                <Coords points="1561,800 2625,800 2625,723 1561,749"/>
                <Baseline points="1570,788 1622,788 1675,788 1728,788 1781,788 1834,788 1887,788 1940,788 1993,788 2046,788 2099,788 2151,788 2204,788 2257,788 2310,788 2363,788 2416,788 2469,788 2522,788 2575,788 2628,785"/>
                <Word id="tr_2_tl_1_w1" custom="readingOrder {index:0;}">
                    <Coords points="1561,748 1561,808 1671,808 1671,748"/>
                    <TextEquiv>
                        <Unicode>schon</Unicode>
                    </TextEquiv>
                </Word>
                <Word id="tr_2_tl_1_w2" custom="readingOrder {index:1;}">
                    <Coords points="1709,748 1709,808 1745,808 1745,748"/>
                    <TextEquiv>
                        <Unicode>zu</Unicode>
                    </TextEquiv>
                </Word>
                <Word id="tr_2_tl_1_w3" custom="readingOrder {index:2;}">
                    <Coords points="1788,748 1788,808 1845,808 1845,748"/>
                    <TextEquiv>
                        <Unicode>den</Unicode>
                    </TextEquiv>
                </Word>
                <Word id="tr_2_tl_1_w4" custom="readingOrder {index:3;}">
                    <Coords points="1888,748 1888,808 1994,808 1994,748"/>
                    <TextEquiv>
                        <Unicode>Toten</Unicode>
                    </TextEquiv>
                </Word>
                <Word id="tr_2_tl_1_w5" custom="readingOrder {index:4;}">
                    <Coords points="2037,748 2037,808 2142,808 2142,748"/>
                    <TextEquiv>
                        <Unicode>warf,</Unicode>
                    </TextEquiv>
                </Word>
                <Word id="tr_2_tl_1_w6" custom="readingOrder {index:5;}">
                    <Coords points="2174,748 2174,808 2268,808 2268,748"/>
                    <TextEquiv>
                        <Unicode>einen</Unicode>
                    </TextEquiv>
                </Word>
                <Word id="tr_2_tl_1_w7" custom="readingOrder {index:6;}">
                    <Coords points="2312,748 2312,808 2538,808 2538,748"/>
                    <TextEquiv>
                        <Unicode>Welterfolg,</Unicode>
                    </TextEquiv>
                </Word>
                <Word id="tr_2_tl_1_w8" custom="readingOrder {index:7;}">
                    <Coords points="2565,747 2565,807 2617,807 2617,747"/>
                    <TextEquiv>
                        <Unicode>die</Unicode>
                    </TextEquiv>
                </Word>
                <TextEquiv>
                    <Unicode>schon zu den Toten warf, einen Welterfolg, die</Unicode>
                </TextEquiv>
            </TextLine>
            <TextLine id="tr_2_tl_2" custom="readingOrder {index:1;}">
                <Coords points="2706,804 3157,821 3242,806 3242,735 3203,726 2706,731"/>
                <Baseline points="2714,800 2740,802 2767,802 2793,800 2820,800 2847,800 2873,800 2900,800 2926,800 2953,800 2980,800 3006,800 3033,800 3059,800 3086,800 3113,800 3139,800 3166,800 3192,800 3219,798 3246,794"/>
                <Word id="tr_2_tl_2_w1" custom="readingOrder {index:0;}">
                    <Coords points="2727,760 2727,820 3195,820 3195,760"/>
                    <TextEquiv>
                        <Unicode>BNNN</Unicode>
                    </TextEquiv>
                </Word>
                <TextEquiv>
                    <Unicode>BNNN</Unicode>
                </TextEquiv>
            </TextLine>
            <TextLine id="tr_2_tl_3" custom="readingOrder {index:2;}">
                <Coords points="1564,847 2629,839 2597,793 2544,824 2308,787 1564,796"/>
                <Baseline points="1573,836 1626,839 1679,839 1732,839 1785,837 1838,836 1891,839 1944,837 1997,839 2050,837 2103,836 2156,836 2209,836 2262,836 2315,836 2368,838 2421,839 2474,836 2527,838 2580,836 2633,839"/>
                <Word id="tr_2_tl_3_w1" custom="readingOrder {index:0;}">
                    <Coords points="1564,799 1564,859 1770,859 1770,799"/>
                    <TextEquiv>
                        <Unicode>Eroberung</Unicode>
                    </TextEquiv>
                </Word>
                <Word id="tr_2_tl_3_w2" custom="readingOrder {index:1;}">
                    <Coords points="1812,797 1812,857 1909,857 1909,797"/>
                    <TextEquiv>
                        <Unicode>eines</Unicode>
                    </TextEquiv>
                </Word>
                <Word id="tr_2_tl_3_w3" custom="readingOrder {index:2;}">
                    <Coords points="1946,796 1946,856 2234,856 2234,796"/>
                    <TextEquiv>
                        <Unicode>internationalen</Unicode>
                    </TextEquiv>
                </Word>
                <Word id="tr_2_tl_3_w4" custom="readingOrder {index:3;}">
                    <Coords points="2303,798 2303,858 2509,858 2509,798"/>
                    <TextEquiv>
                        <Unicode>Publikums</Unicode>
                    </TextEquiv>
                </Word>
                <Word id="tr_2_tl_3_w5" custom="readingOrder {index:4;}">
                    <Coords points="2566,796 2566,856 2622,856 2622,796"/>
                    <TextEquiv>
                        <Unicode>für</Unicode>
                    </TextEquiv>
                </Word>
                <TextEquiv>
                    <Unicode>Eroberung eines internationalen Publikums für</Unicode>
                </TextEquiv>
            </TextLine>
            <TextLine id="tr_2_tl_4" custom="readingOrder {index:3;}">
                <Coords points="2787,905 2937,913 2999,894 3027,917 3088,902 3140,908 3142,810 2899,821 2788,810"/>
                <Baseline points="2795,889 2821,887 2848,887 2875,889 2902,889 2929,889 2956,889 2982,887 3009,883 3036,883 3063,884 3090,885 3117,886 3144,886"/>
                <Word id="tr_2_tl_4_w1" custom="readingOrder {index:0;}">
                    <Coords points="2802,849 2802,909 3046,909 3046,849"/>
                    <TextEquiv>
                        <Unicode>PaR</Unicode>
                    </TextEquiv>
                </Word>
                <TextEquiv>
                    <Unicode>PaR</Unicode>
                </TextEquiv>
            </TextLine>
            <TextLine id="tr_2_tl_5" custom="readingOrder {index:4;}">
                <Coords points="1567,899 2622,897 2622,844 2532,839 1567,850"/>
                <Baseline points="1576,886 1628,886 1680,887 1733,889 1785,887 1838,886 1890,889 1943,889 1995,888 2048,886 2100,886 2152,886 2205,886 2257,886 2310,886 2362,886 2415,886 2467,886 2520,886 2572,887 2625,889"/>
                <Word id="tr_2_tl_5_w1" custom="readingOrder {index:0;}">
                    <Coords points="1567,846 1567,906 1669,906 1669,846"/>
                    <TextEquiv>
                        <Unicode>Stück</Unicode>
                    </TextEquiv>
                </Word>
                <Word id="tr_2_tl_5_w2" custom="readingOrder {index:1;}">
                    <Coords points="1702,848 1702,908 1761,908 1761,848"/>
                    <TextEquiv>
                        <Unicode>und</Unicode>
                    </TextEquiv>
                </Word>
                <Word id="tr_2_tl_5_w3" custom="readingOrder {index:2;}">
                    <Coords points="1794,846 1794,906 1879,906 1879,846"/>
                    <TextEquiv>
                        <Unicode>Buch</Unicode>
                    </TextEquiv>
                </Word>
                <Word id="tr_2_tl_5_w4" custom="readingOrder {index:3;}">
                    <Coords points="1912,847 1912,907 2096,907 2096,847"/>
                    <TextEquiv>
                        <Unicode>gebracht.</Unicode>
                    </TextEquiv>
                </Word>
                <Word id="tr_2_tl_5_w5" custom="readingOrder {index:4;}">
                    <Coords points="2118,846 2118,906 2328,906 2328,846"/>
                    <TextEquiv>
                        <Unicode>Vertraglich</Unicode>
                    </TextEquiv>
                </Word>
                <Word id="tr_2_tl_5_w6" custom="readingOrder {index:5;}">
                    <Coords points="2361,846 2361,906 2398,906 2398,846"/>
                    <TextEquiv>
                        <Unicode>an</Unicode>
                    </TextEquiv>
                </Word>
                <Word id="tr_2_tl_5_w7" custom="readingOrder {index:6;}">
                    <Coords points="2426,846 2426,906 2485,906 2485,846"/>
                    <TextEquiv>
                        <Unicode>das</Unicode>
                    </TextEquiv>
                </Word>
                <Word id="tr_2_tl_5_w8" custom="readingOrder {index:7;}">
                    <Coords points="2512,846 2512,906 2619,906 2619,846"/>
                    <TextEquiv>
                        <Unicode>Burg¬</Unicode>
                    </TextEquiv>
                </Word>
                <TextEquiv>
                    <Unicode>Stück und Buch gebracht. Vertraglich an das Burg¬</Unicode>
                </TextEquiv>
            </TextLine>
            <TextLine id="tr_2_tl_6" custom="readingOrder {index:5;}">
                <Coords points="1564,939 2626,942 2581,894 1564,897"/>
                <Baseline points="1573,937 1625,937 1678,937 1731,937 1784,937 1837,937 1890,937 1942,937 1995,937 2048,937 2101,934 2154,935 2207,935 2260,936 2312,937 2365,937 2418,936 2471,934 2524,934 2577,934 2630,934"/>
                <Word id="tr_2_tl_6_w1" custom="readingOrder {index:0;}">
                    <Coords points="1569,897 1569,957 1707,957 1707,897"/>
                    <TextEquiv>
                        <Unicode>theater</Unicode>
                    </TextEquiv>
                </Word>
                <Word id="tr_2_tl_6_w2" custom="readingOrder {index:1;}">
                    <Coords points="1744,897 1744,957 1949,957 1949,897"/>
                    <TextEquiv>
                        <Unicode>gebunden,</Unicode>
                    </TextEquiv>
                </Word>
                <Word id="tr_2_tl_6_w3" custom="readingOrder {index:2;}">
                    <Coords points="1981,897 1981,957 2094,957 2094,897"/>
                    <TextEquiv>
                        <Unicode>wollte</Unicode>
                    </TextEquiv>
                </Word>
                <Word id="tr_2_tl_6_w4" custom="readingOrder {index:3;}">
                    <Coords points="2130,895 2130,955 2191,955 2191,895"/>
                    <TextEquiv>
                        <Unicode>nun</Unicode>
                    </TextEquiv>
                </Word>
                <Word id="tr_2_tl_6_w5" custom="readingOrder {index:4;}">
                    <Coords points="2233,897 2233,957 2433,957 2433,897"/>
                    <TextEquiv>
                        <Unicode>Schnitzler</Unicode>
                    </TextEquiv>
                </Word>
                <Word id="tr_2_tl_6_w6" custom="readingOrder {index:5;}">
                    <Coords points="2470,894 2470,954 2521,954 2521,894"/>
                    <TextEquiv>
                        <Unicode>für</Unicode>
                    </TextEquiv>
                </Word>
                <Word id="tr_2_tl_6_w7" custom="readingOrder {index:6;}">
                    <Coords points="2558,894 2558,954 2619,954 2619,894"/>
                    <TextEquiv>
                        <Unicode>das</Unicode>
                    </TextEquiv>
                </Word>
                <TextEquiv>
                    <Unicode>theater gebunden, wollte nun Schnitzler für das</Unicode>
                </TextEquiv>
            </TextLine>
            <TextLine id="tr_2_tl_7" custom="readingOrder {index:6;}">
                <Coords points="2781,955 2897,946 3042,966 3076,949 3238,951 3238,920 3198,907 3088,902 3025,919 2918,907 2892,922 2836,900 2781,907"/>
                <Baseline points="2789,943 2814,943 2839,943 2864,945 2889,946 2914,946 2940,945 2965,943 2990,943 3015,943 3040,943 3065,943 3091,943 3116,943 3141,943 3166,943 3191,943 3216,943 3242,944"/>
                <Word id="tr_2_tl_7_w1" custom="readingOrder {index:0;}">
                    <Coords points="2780,903 2780,963 2869,963 2869,903"/>
                    <TextEquiv>
                        <Unicode>varen</Unicode>
                    </TextEquiv>
                </Word>
                <Word id="tr_2_tl_7_w2" custom="readingOrder {index:1;}">
                    <Coords points="2914,903 2914,963 3008,963 3008,903"/>
                    <TextEquiv>
                        <Unicode>noch</Unicode>
                    </TextEquiv>
                </Word>
                <Word id="tr_2_tl_7_w3" custom="readingOrder {index:2;}">
                    <Coords points="3059,903 3059,963 3117,963 3117,903"/>
                    <TextEquiv>
                        <Unicode>nie</Unicode>
                    </TextEquiv>
                </Word>
                <Word id="tr_2_tl_7_w4" custom="readingOrder {index:3;}">
                    <Coords points="3158,903 3158,963 3192,963 3192,903"/>
                    <TextEquiv>
                        <Unicode>s0</Unicode>
                    </TextEquiv>
                </Word>
                <TextEquiv>
                    <Unicode>varen noch nie s0</Unicode>
                </TextEquiv>
            </TextLine>
            <TextLine id="tr_2_tl_8" custom="readingOrder {index:7;}">
                <Coords points="1576,995 2626,998 2611,939 2261,969 1576,943"/>
                <Baseline points="1585,985 1637,985 1689,987 1741,985 1794,985 1846,985 1898,985 1950,985 2003,985 2055,985 2107,985 2159,985 2212,985 2264,985 2316,985 2368,985 2421,985 2473,985 2525,985 2577,985 2630,985"/>
                <Word id="tr_2_tl_8_w1" custom="readingOrder {index:0;}">
                    <Coords points="1576,946 1576,1006 1823,1006 1823,946"/>
                    <TextEquiv>
                        <Unicode>Volkstheater</Unicode>
                    </TextEquiv>
                </Word>
                <Word id="tr_2_tl_8_w2" custom="readingOrder {index:1;}">
                    <Coords points="1855,945 1855,1005 1900,1005 1900,945"/>
                    <TextEquiv>
                        <Unicode>ein</Unicode>
                    </TextEquiv>
                </Word>
                <Word id="tr_2_tl_8_w3" custom="readingOrder {index:2;}">
                    <Coords points="1938,945 1938,1005 2040,1005 2040,945"/>
                    <TextEquiv>
                        <Unicode>Stück</Unicode>
                    </TextEquiv>
                </Word>
                <Word id="tr_2_tl_8_w4" custom="readingOrder {index:3;}">
                    <Coords points="2077,945 2077,1005 2257,1005 2257,945"/>
                    <TextEquiv>
                        <Unicode>schaffen,</Unicode>
                    </TextEquiv>
                </Word>
                <Word id="tr_2_tl_8_w5" custom="readingOrder {index:4;}">
                    <Coords points="2279,945 2279,1005 2340,1005 2340,945"/>
                    <TextEquiv>
                        <Unicode>das</Unicode>
                    </TextEquiv>
                </Word>
                <Word id="tr_2_tl_8_w6" custom="readingOrder {index:5;}">
                    <Coords points="2372,945 2372,1005 2480,1005 2480,945"/>
                    <TextEquiv>
                        <Unicode>schon</Unicode>
                    </TextEquiv>
                </Word>
                <Word id="tr_2_tl_8_w7" custom="readingOrder {index:6;}">
                    <Coords points="2516,945 2516,1005 2619,1005 2619,945"/>
                    <TextEquiv>
                        <Unicode>durch</Unicode>
                    </TextEquiv>
                </Word>
                <TextEquiv>
                    <Unicode>Volkstheater ein Stück schaffen, das schon durch</Unicode>
                </TextEquiv>
            </TextLine>
            <TextLine id="tr_2_tl_9" custom="readingOrder {index:8;}">
                <Coords points="2762,1052 2804,1062 2848,1038 2876,1059 3018,1056 3083,1036 3235,1053 3235,951 3042,966 2762,952"/>
                <Baseline points="2771,1027 2797,1027 2823,1027 2849,1028 2875,1030 2901,1028 2927,1027 2953,1027 2979,1028 3005,1029 3031,1029 3057,1027 3083,1027 3109,1027 3135,1027 3161,1028 3187,1030 3213,1030 3239,1029"/>
                <Word id="tr_2_tl_9_w1" custom="readingOrder {index:0;}">
                    <Coords points="2774,987 2774,1047 2805,1047 2805,987"/>
                    <TextEquiv>
                        <Unicode>ln</Unicode>
                    </TextEquiv>
                </Word>
                <Word id="tr_2_tl_9_w2" custom="readingOrder {index:1;}">
                    <Coords points="2829,987 2829,1047 3018,1047 3018,987"/>
                    <TextEquiv>
                        <Unicode>leplatais</Unicode>
                    </TextEquiv>
                </Word>
                <Word id="tr_2_tl_9_w3" custom="readingOrder {index:2;}">
                    <Coords points="3042,987 3042,1047 3198,1047 3198,987"/>
                    <TextEquiv>
                        <Unicode>S.SC</Unicode>
                    </TextEquiv>
                </Word>
                <TextEquiv>
                    <Unicode>ln leplatais S.SC</Unicode>
                </TextEquiv>
            </TextLine>
            <TextLine id="tr_2_tl_10" custom="readingOrder {index:9;}">
                <Coords points="1561,1044 2626,1052 2605,997 2464,989 1561,1003"/>
                <Baseline points="1570,1033 1623,1036 1676,1036 1729,1036 1782,1036 1835,1033 1888,1036 1941,1036 1994,1036 2047,1036 2100,1034 2153,1036 2206,1036 2259,1035 2312,1035 2365,1036 2418,1036 2471,1036 2524,1036 2577,1035 2630,1036"/>
                <Word id="tr_2_tl_10_w1" custom="readingOrder {index:0;}">
                    <Coords points="1566,996 1566,1056 1681,1056 1681,996"/>
                    <TextEquiv>
                        <Unicode>seinen</Unicode>
                    </TextEquiv>
                </Word>
                <Word id="tr_2_tl_10_w2" custom="readingOrder {index:1;}">
                    <Coords points="1712,993 1712,1053 1938,1053 1938,993"/>
                    <TextEquiv>
                        <Unicode>Gegenstand</Unicode>
                    </TextEquiv>
                </Word>
                <Word id="tr_2_tl_10_w3" custom="readingOrder {index:2;}">
                    <Coords points="1974,996 1974,1056 2024,1056 2024,996"/>
                    <TextEquiv>
                        <Unicode>für</Unicode>
                    </TextEquiv>
                </Word>
                <Word id="tr_2_tl_10_w4" custom="readingOrder {index:3;}">
                    <Coords points="2055,994 2055,1054 2100,1054 2100,994"/>
                    <TextEquiv>
                        <Unicode>die</Unicode>
                    </TextEquiv>
                </Word>
                <Word id="tr_2_tl_10_w5" custom="readingOrder {index:4;}">
                    <Coords points="2136,995 2136,1055 2316,1055 2316,995"/>
                    <TextEquiv>
                        <Unicode>exklusive</Unicode>
                    </TextEquiv>
                </Word>
                <Word id="tr_2_tl_10_w6" custom="readingOrder {index:5;}">
                    <Coords points="2347,996 2347,1056 2533,1056 2533,996"/>
                    <TextEquiv>
                        <Unicode>Hofbühne</Unicode>
                    </TextEquiv>
                </Word>
                <Word id="tr_2_tl_10_w7" custom="readingOrder {index:6;}">
                    <Coords points="2564,995 2564,1055 2624,1055 2624,995"/>
                    <TextEquiv>
                        <Unicode>un¬</Unicode>
                    </TextEquiv>
                </Word>
                <TextEquiv>
                    <Unicode>seinen Gegenstand für die exklusive Hofbühne un¬</Unicode>
                </TextEquiv>
            </TextLine>
            <TextLine id="tr_2_tl_11" custom="readingOrder {index:10;}">
                <Coords points="1567,1099 2628,1088 2585,1041 1567,1050"/>
                <Baseline points="1576,1087 1628,1087 1681,1087 1734,1084 1786,1084 1839,1084 1892,1084 1944,1086 1997,1087 2050,1084 2103,1084 2155,1084 2208,1084 2261,1084 2313,1087 2366,1087 2419,1084 2471,1084 2524,1084 2577,1084 2630,1084"/>
                <Word id="tr_2_tl_11_w1" custom="readingOrder {index:0;}">
                    <Coords points="1571,1047 1571,1107 1713,1107 1713,1047"/>
                    <TextEquiv>
                        <Unicode>möglich</Unicode>
                    </TextEquiv>
                </Word>
                <Word id="tr_2_tl_11_w2" custom="readingOrder {index:1;}">
                    <Coords points="1753,1044 1753,1104 1821,1104 1821,1044"/>
                    <TextEquiv>
                        <Unicode>sein</Unicode>
                    </TextEquiv>
                </Word>
                <Word id="tr_2_tl_11_w3" custom="readingOrder {index:2;}">
                    <Coords points="1856,1044 1856,1104 1973,1104 1973,1044"/>
                    <TextEquiv>
                        <Unicode>sollte,</Unicode>
                    </TextEquiv>
                </Word>
                <Word id="tr_2_tl_11_w4" custom="readingOrder {index:3;}">
                    <Coords points="1998,1045 1998,1105 2057,1105 2057,1045"/>
                    <TextEquiv>
                        <Unicode>und</Unicode>
                    </TextEquiv>
                </Word>
                <Word id="tr_2_tl_11_w5" custom="readingOrder {index:4;}">
                    <Coords points="2091,1044 2091,1104 2126,1104 2126,1044"/>
                    <TextEquiv>
                        <Unicode>so</Unicode>
                    </TextEquiv>
                </Word>
                <Word id="tr_2_tl_11_w6" custom="readingOrder {index:5;}">
                    <Coords points="2161,1044 2161,1104 2322,1104 2322,1044"/>
                    <TextEquiv>
                        <Unicode>entstand</Unicode>
                    </TextEquiv>
                </Word>
                <Word id="tr_2_tl_11_w7" custom="readingOrder {index:6;}">
                    <Coords points="2362,1044 2362,1104 2460,1104 2460,1044"/>
                    <TextEquiv>
                        <Unicode>unter</Unicode>
                    </TextEquiv>
                </Word>
                <Word id="tr_2_tl_11_w8" custom="readingOrder {index:7;}">
                    <Coords points="2495,1044 2495,1104 2622,1104 2622,1044"/>
                    <TextEquiv>
                        <Unicode>meiner</Unicode>
                    </TextEquiv>
                </Word>
                <TextEquiv>
                    <Unicode>möglich sein sollte, und so entstand unter meiner</Unicode>
                </TextEquiv>
            </TextLine>
            <TextLine id="tr_2_tl_12" custom="readingOrder {index:11;}">
                <Coords points="2759,1108 3235,1104 3235,1055 3200,1043 2759,1053"/>
                <Baseline points="2768,1093 2794,1093 2820,1093 2846,1093 2872,1093 2898,1093 2925,1093 2951,1093 2977,1093 3003,1093 3029,1093 3055,1093 3082,1093 3108,1093 3134,1093 3160,1092 3186,1090 3212,1091 3239,1092"/>
                <Word id="tr_2_tl_12_w1" custom="readingOrder {index:0;}">
                    <Coords points="2766,1053 2766,1113 2824,1113 2824,1053"/>
                    <TextEquiv>
                        <Unicode>nur</Unicode>
                    </TextEquiv>
                </Word>
                <Word id="tr_2_tl_12_w2" custom="readingOrder {index:1;}">
                    <Coords points="2842,1053 2842,1113 2876,1113 2876,1053"/>
                    <TextEquiv>
                        <Unicode>I.,</Unicode>
                    </TextEquiv>
                </Word>
                <Word id="tr_2_tl_12_w3" custom="readingOrder {index:2;}">
                    <Coords points="2888,1053 2888,1113 3127,1113 3127,1053"/>
                    <TextEquiv>
                        <Unicode>Bauernmarkt</Unicode>
                    </TextEquiv>
                </Word>
                <Word id="tr_2_tl_12_w4" custom="readingOrder {index:3;}">
                    <Coords points="3145,1050 3145,1110 3226,1110 3226,1050"/>
                    <TextEquiv>
                        <Unicode>12-14</Unicode>
                    </TextEquiv>
                </Word>
                <TextEquiv>
                    <Unicode>nur I., Bauernmarkt 12-14</Unicode>
                </TextEquiv>
            </TextLine>
            <TextLine id="tr_2_tl_13" custom="readingOrder {index:12;}">
                <Coords points="1567,1145 2633,1147 2633,1099 2483,1087 1567,1101"/>
                <Baseline points="1576,1134 1629,1134 1682,1134 1735,1134 1788,1134 1841,1131 1894,1134 1947,1135 2000,1137 2053,1133 2106,1133 2159,1134 2212,1134 2265,1134 2318,1134 2371,1134 2424,1134 2477,1134 2530,1133 2583,1132 2636,1134"/>
                <Word id="tr_2_tl_13_w1" custom="readingOrder {index:0;}">
                    <Coords points="1567,1094 1567,1154 1828,1154 1828,1094"/>
                    <TextEquiv>
                        <Unicode>bescheidenen</Unicode>
                    </TextEquiv>
                </Word>
                <Word id="tr_2_tl_13_w2" custom="readingOrder {index:1;}">
                    <Coords points="1869,1095 1869,1155 2040,1155 2040,1095"/>
                    <TextEquiv>
                        <Unicode>Beratung</Unicode>
                    </TextEquiv>
                </Word>
                <Word id="tr_2_tl_13_w3" custom="readingOrder {index:2;}">
                    <Coords points="2081,1093 2081,1153 2142,1153 2142,1093"/>
                    <TextEquiv>
                        <Unicode>bei</Unicode>
                    </TextEquiv>
                </Word>
                <Word id="tr_2_tl_13_w4" custom="readingOrder {index:3;}">
                    <Coords points="2172,1094 2172,1154 2349,1154 2349,1094"/>
                    <TextEquiv>
                        <Unicode>Auswahl</Unicode>
                    </TextEquiv>
                </Word>
                <Word id="tr_2_tl_13_w5" custom="readingOrder {index:4;}">
                    <Coords points="2374,1094 2374,1154 2439,1154 2439,1094"/>
                    <TextEquiv>
                        <Unicode>des</Unicode>
                    </TextEquiv>
                </Word>
                <Word id="tr_2_tl_13_w6" custom="readingOrder {index:5;}">
                    <Coords points="2476,1092 2476,1152 2626,1152 2626,1092"/>
                    <TextEquiv>
                        <Unicode>Themas</Unicode>
                    </TextEquiv>
                </Word>
                <TextEquiv>
                    <Unicode>bescheidenen Beratung bei Auswahl des Themas</Unicode>
                </TextEquiv>
            </TextLine>
            <TextLine id="tr_2_tl_14" custom="readingOrder {index:13;}">
                <Coords points="2766,1157 2952,1145 3192,1159 3238,1145 3223,1105 2766,1101"/>
                <Baseline points="2774,1137 2799,1139 2825,1140 2851,1140 2877,1140 2903,1140 2929,1140 2955,1140 2981,1142 3007,1142 3032,1141 3058,1140 3084,1140 3110,1140 3136,1140 3162,1140 3188,1140 3214,1140 3240,1140"/>
                <Word id="tr_2_tl_14_w1" custom="readingOrder {index:0;}">
                    <Coords points="2771,1100 2771,1160 2926,1160 2926,1100"/>
                    <TextEquiv>
                        <Unicode>Größtes</Unicode>
                    </TextEquiv>
                </Word>
                <Word id="tr_2_tl_14_w2" custom="readingOrder {index:1;}">
                    <Coords points="2953,1101 2953,1161 3070,1161 3070,1101"/>
                    <TextEquiv>
                        <Unicode>Lager</Unicode>
                    </TextEquiv>
                </Word>
                <Word id="tr_2_tl_14_w3" custom="readingOrder {index:2;}">
                    <Coords points="3092,1100 3092,1160 3214,1160 3214,1100"/>
                    <TextEquiv>
                        <Unicode>Wiens</Unicode>
                    </TextEquiv>
                </Word>
                <TextEquiv>
                    <Unicode>Größtes Lager Wiens</Unicode>
                </TextEquiv>
            </TextLine>
            <TextLine id="tr_2_tl_15" custom="readingOrder {index:14;}">
                <Coords points="1570,1192 2626,1195 2614,1140 1570,1145"/>
                <Baseline points="1579,1182 1631,1183 1684,1185 1736,1185 1789,1183 1841,1184 1894,1184 1946,1185 1999,1185 2051,1182 2104,1182 2157,1182 2209,1184 2262,1185 2314,1185 2367,1182 2419,1182 2472,1183 2524,1183 2577,1182 2630,1179"/>
                <Word id="tr_2_tl_15_w1" custom="readingOrder {index:0;}">
                    <Coords points="1570,1142 1570,1202 1688,1202 1688,1142"/>
                    <TextEquiv>
                        <Unicode>dieser</Unicode>
                    </TextEquiv>
                </Word>
                <Word id="tr_2_tl_15_w2" custom="readingOrder {index:1;}">
                    <Coords points="1719,1144 1719,1204 1978,1204 1978,1144"/>
                    <TextEquiv>
                        <Unicode>„Bernhardi“,</Unicode>
                    </TextEquiv>
                </Word>
                <Word id="tr_2_tl_15_w3" custom="readingOrder {index:2;}">
                    <Coords points="2004,1142 2004,1202 2117,1202 2117,1142"/>
                    <TextEquiv>
                        <Unicode>dieses</Unicode>
                    </TextEquiv>
                </Word>
                <Word id="tr_2_tl_15_w4" custom="readingOrder {index:3;}">
                    <Coords points="2154,1142 2154,1202 2190,1202 2190,1142"/>
                    <TextEquiv>
                        <Unicode>so</Unicode>
                    </TextEquiv>
                </Word>
                <Word id="tr_2_tl_15_w5" custom="readingOrder {index:4;}">
                    <Coords points="2226,1145 2226,1205 2324,1205 2324,1145"/>
                    <TextEquiv>
                        <Unicode>lange</Unicode>
                    </TextEquiv>
                </Word>
                <Word id="tr_2_tl_15_w6" custom="readingOrder {index:5;}">
                    <Coords points="2361,1142 2361,1202 2433,1202 2433,1142"/>
                    <TextEquiv>
                        <Unicode>heiß</Unicode>
                    </TextEquiv>
                </Word>
                <Word id="tr_2_tl_15_w7" custom="readingOrder {index:6;}">
                    <Coords points="2470,1142 2470,1202 2629,1202 2629,1142"/>
                    <TextEquiv>
                        <Unicode>umstrit¬</Unicode>
                    </TextEquiv>
                </Word>
                <TextEquiv>
                    <Unicode>dieser „Bernhardi“, dieses so lange heiß umstrit¬</Unicode>
                </TextEquiv>
            </TextLine>
            <TextLine id="tr_2_tl_16" custom="readingOrder {index:15;}">
                <Coords points="2718,1232 3218,1231 3218,1154 2831,1147 2802,1163 2718,1119"/>
                <Baseline points="2726,1194 2752,1193 2778,1194 2804,1194 2830,1194 2856,1194 2882,1194 2908,1194 2934,1196 2960,1197 2987,1195 3013,1193 3039,1191 3065,1192 3091,1194 3117,1194 3143,1194 3169,1194 3195,1192 3222,1188"/>
                <TextEquiv>
                    <Unicode></Unicode>
                </TextEquiv>
            </TextLine>
            <TextLine id="tr_2_tl_17" custom="readingOrder {index:16;}">
                <Coords points="1570,1251 2625,1237 2610,1189 2487,1218 1570,1199"/>
                <Baseline points="1579,1233 1631,1233 1683,1233 1736,1233 1788,1233 1841,1233 1893,1235 1946,1234 1998,1233 2051,1233 2103,1233 2155,1233 2208,1233 2260,1233 2313,1233 2365,1233 2418,1233 2470,1233 2523,1233 2575,1233 2628,1230"/>
                <Word id="tr_2_tl_17_w1" custom="readingOrder {index:0;}">
                    <Coords points="1570,1193 1570,1253 1646,1253 1646,1193"/>
                    <TextEquiv>
                        <Unicode>tene</Unicode>
                    </TextEquiv>
                </Word>
                <Word id="tr_2_tl_17_w2" custom="readingOrder {index:1;}">
                    <Coords points="1678,1193 1678,1253 1931,1253 1931,1193"/>
                    <TextEquiv>
                        <Unicode>Kampfstück,</Unicode>
                    </TextEquiv>
                </Word>
                <Word id="tr_2_tl_17_w3" custom="readingOrder {index:2;}">
                    <Coords points="1952,1193 1952,1253 2013,1253 2013,1193"/>
                    <TextEquiv>
                        <Unicode>das</Unicode>
                    </TextEquiv>
                </Word>
                <Word id="tr_2_tl_17_w4" custom="readingOrder {index:3;}">
                    <Coords points="2045,1193 2045,1253 2138,1253 2138,1193"/>
                    <TextEquiv>
                        <Unicode>einer</Unicode>
                    </TextEquiv>
                </Word>
                <Word id="tr_2_tl_17_w5" custom="readingOrder {index:4;}">
                    <Coords points="2169,1193 2169,1253 2230,1253 2230,1193"/>
                    <TextEquiv>
                        <Unicode>der</Unicode>
                    </TextEquiv>
                </Word>
                <Word id="tr_2_tl_17_w6" custom="readingOrder {index:5;}">
                    <Coords points="2262,1193 2262,1253 2463,1253 2463,1193"/>
                    <TextEquiv>
                        <Unicode>stärksten,</Unicode>
                    </TextEquiv>
                </Word>
                <Word id="tr_2_tl_17_w7" custom="readingOrder {index:6;}">
                    <Coords points="2510,1193 2510,1253 2628,1253 2628,1193"/>
                    <TextEquiv>
                        <Unicode>anhal¬</Unicode>
                    </TextEquiv>
                </Word>
                <TextEquiv>
                    <Unicode>tene Kampfstück, das einer der stärksten, anhal¬</Unicode>
                </TextEquiv>
            </TextLine>
            <TextLine id="tr_2_tl_18" custom="readingOrder {index:17;}">
                <Coords points="1570,1298 2639,1292 2639,1229 2250,1232 2177,1267 1570,1251"/>
                <Baseline points="1579,1284 1632,1284 1685,1284 1738,1284 1791,1284 1844,1284 1897,1284 1951,1284 2004,1284 2057,1281 2110,1281 2163,1284 2216,1284 2269,1284 2323,1284 2376,1284 2429,1284 2482,1284 2535,1282 2588,1281 2642,1281"/>
                <Word id="tr_2_tl_18_w1" custom="readingOrder {index:0;}">
                    <Coords points="1570,1244 1570,1304 1728,1304 1728,1244"/>
                    <TextEquiv>
                        <Unicode>tendsten</Unicode>
                    </TextEquiv>
                </Word>
                <Word id="tr_2_tl_18_w2" custom="readingOrder {index:1;}">
                    <Coords points="1765,1244 1765,1304 1923,1304 1923,1244"/>
                    <TextEquiv>
                        <Unicode>Erfolge,</Unicode>
                    </TextEquiv>
                </Word>
                <Word id="tr_2_tl_18_w3" custom="readingOrder {index:2;}">
                    <Coords points="1950,1244 1950,1304 2018,1304 2018,1244"/>
                    <TextEquiv>
                        <Unicode>eine</Unicode>
                    </TextEquiv>
                </Word>
                <Word id="tr_2_tl_18_w4" custom="readingOrder {index:3;}">
                    <Coords points="2072,1241 2072,1301 2135,1301 2135,1241"/>
                    <TextEquiv>
                        <Unicode>der</Unicode>
                    </TextEquiv>
                </Word>
                <Word id="tr_2_tl_18_w5" custom="readingOrder {index:4;}">
                    <Coords points="2183,1244 2183,1304 2357,1304 2357,1244"/>
                    <TextEquiv>
                        <Unicode>reichsten</Unicode>
                    </TextEquiv>
                </Word>
                <Word id="tr_2_tl_18_w6" custom="readingOrder {index:5;}">
                    <Coords points="2394,1243 2394,1303 2621,1303 2621,1243"/>
                    <TextEquiv>
                        <Unicode>Goldquellen</Unicode>
                    </TextEquiv>
                </Word>
                <TextEquiv>
                    <Unicode>tendsten Erfolge, eine der reichsten Goldquellen</Unicode>
                </TextEquiv>
            </TextLine>
            <TextLine id="tr_2_tl_19" custom="readingOrder {index:18;}">
                <Coords points="2691,1295 3221,1295 3221,1228 3038,1229 2958,1255 2868,1232 2793,1251 2691,1238"/>
                <Baseline points="2699,1287 2725,1285 2751,1285 2777,1287 2804,1287 2830,1287 2856,1287 2883,1287 2909,1287 2935,1287 2962,1287 2988,1287 3014,1287 3040,1287 3067,1287 3093,1287 3119,1287 3146,1287 3172,1287 3198,1286 3225,1284"/>
                <Word id="tr_2_tl_19_w1" custom="readingOrder {index:0;}">
                    <Coords points="2694,1247 2694,1307 2865,1307 2865,1247"/>
                    <TextEquiv>
                        <Unicode>Gruppen.</Unicode>
                    </TextEquiv>
                </Word>
                <Word id="tr_2_tl_19_w2" custom="readingOrder {index:1;}">
                    <Coords points="2893,1247 2893,1307 2931,1307 2931,1247"/>
                    <TextEquiv>
                        <Unicode>Es</Unicode>
                    </TextEquiv>
                </Word>
                <Word id="tr_2_tl_19_w3" custom="readingOrder {index:2;}">
                    <Coords points="2965,1247 2965,1307 3097,1307 3097,1247"/>
                    <TextEquiv>
                        <Unicode>machte</Unicode>
                    </TextEquiv>
                </Word>
                <Word id="tr_2_tl_19_w4" custom="readingOrder {index:3;}">
                    <Coords points="3131,1247 3131,1307 3177,1307 3177,1247"/>
                    <TextEquiv>
                        <Unicode>ihm</Unicode>
                    </TextEquiv>
                </Word>
                <TextEquiv>
                    <Unicode>Gruppen. Es machte ihm</Unicode>
                </TextEquiv>
            </TextLine>
            <TextLine id="tr_2_tl_20" custom="readingOrder {index:19;}">
                <Coords points="1573,1342 2634,1350 2634,1293 2562,1287 2204,1324 2120,1287 1974,1322 1905,1290 1573,1302"/>
                <Baseline points="1582,1331 1634,1333 1687,1332 1740,1334 1792,1331 1845,1331 1898,1333 1950,1334 2003,1331 2056,1331 2109,1332 2161,1334 2214,1334 2267,1334 2319,1334 2372,1334 2425,1336 2477,1335 2530,1335 2583,1334 2636,1328"/>
                <Word id="tr_2_tl_20_w1" custom="readingOrder {index:0;}">
                    <Coords points="1573,1291 1573,1351 1630,1351 1630,1291"/>
                    <TextEquiv>
                        <Unicode>der</Unicode>
                    </TextEquiv>
                </Word>
                <Word id="tr_2_tl_20_w2" custom="readingOrder {index:1;}">
                    <Coords points="1658,1293 1658,1353 1779,1353 1779,1293"/>
                    <TextEquiv>
                        <Unicode>Bühne</Unicode>
                    </TextEquiv>
                </Word>
                <Word id="tr_2_tl_20_w3" custom="readingOrder {index:2;}">
                    <Coords points="1811,1292 1811,1352 1954,1352 1954,1292"/>
                    <TextEquiv>
                        <Unicode>wurde,</Unicode>
                    </TextEquiv>
                </Word>
                <Word id="tr_2_tl_20_w4" custom="readingOrder {index:3;}">
                    <Coords points="1991,1291 1991,1351 2044,1351 2044,1291"/>
                    <TextEquiv>
                        <Unicode>die</Unicode>
                    </TextEquiv>
                </Word>
                <Word id="tr_2_tl_20_w5" custom="readingOrder {index:4;}">
                    <Coords points="2092,1292 2092,1352 2155,1352 2155,1292"/>
                    <TextEquiv>
                        <Unicode>den</Unicode>
                    </TextEquiv>
                </Word>
                <Word id="tr_2_tl_20_w6" custom="readingOrder {index:5;}">
                    <Coords points="2214,1294 2214,1354 2383,1354 2383,1294"/>
                    <TextEquiv>
                        <Unicode>„Anatol“</Unicode>
                    </TextEquiv>
                </Word>
                <Word id="tr_2_tl_20_w7" custom="readingOrder {index:6;}">
                    <Coords points="2436,1295 2436,1355 2500,1355 2500,1295"/>
                    <TextEquiv>
                        <Unicode>zur</Unicode>
                    </TextEquiv>
                </Word>
                <Word id="tr_2_tl_20_w8" custom="readingOrder {index:7;}">
                    <Coords points="2543,1293 2543,1353 2632,1353 2632,1293"/>
                    <TextEquiv>
                        <Unicode>Auf¬</Unicode>
                    </TextEquiv>
                </Word>
                <TextEquiv>
                    <Unicode>der Bühne wurde, die den „Anatol“ zur Auf¬</Unicode>
                </TextEquiv>
            </TextLine>
            <TextLine id="tr_2_tl_21" custom="readingOrder {index:20;}">
                <Coords points="2688,1341 3244,1347 3244,1290 3087,1306 2688,1292"/>
                <Baseline points="2696,1337 2723,1335 2751,1337 2778,1336 2806,1334 2833,1336 2861,1336 2888,1334 2916,1334 2943,1335 2971,1336 2998,1336 3026,1334 3053,1336 3081,1337 3108,1337 3136,1336 3163,1334 3191,1334 3218,1331 3246,1325"/>
                <Word id="tr_2_tl_21_w1" custom="readingOrder {index:0;}">
                    <Coords points="2683,1296 2683,1356 2839,1356 2839,1296"/>
                    <TextEquiv>
                        <Unicode>bildliche</Unicode>
                    </TextEquiv>
                </Word>
                <Word id="tr_2_tl_21_w2" custom="readingOrder {index:1;}">
                    <Coords points="2873,1296 2873,1356 3101,1356 3101,1296"/>
                    <TextEquiv>
                        <Unicode>Darstellung</Unicode>
                    </TextEquiv>
                </Word>
                <Word id="tr_2_tl_21_w3" custom="readingOrder {index:2;}">
                    <Coords points="3142,1294 3142,1354 3230,1354 3230,1294"/>
                    <TextEquiv>
                        <Unicode>diese</Unicode>
                    </TextEquiv>
                </Word>
                <TextEquiv>
                    <Unicode>bildliche Darstellung diese</Unicode>
                </TextEquiv>
            </TextLine>
            <TextLine id="tr_2_tl_22" custom="readingOrder {index:21;}">
                <Coords points="1570,1403 2107,1393 2107,1353 2081,1342 1570,1344"/>
                <Baseline points="1579,1385 1605,1383 1632,1382 1658,1382 1685,1382 1712,1382 1738,1384 1765,1385 1791,1385 1818,1384 1845,1382 1871,1382 1898,1382 1924,1382 1951,1382 1978,1382 2004,1382 2031,1382 2057,1382 2084,1383 2111,1385"/>
                <Word id="tr_2_tl_22_w1" custom="readingOrder {index:0;}">
                    <Coords points="1570,1342 1570,1402 1761,1402 1761,1342"/>
                    <TextEquiv>
                        <Unicode>erstehung</Unicode>
                    </TextEquiv>
                </Word>
                <Word id="tr_2_tl_22_w2" custom="readingOrder {index:1;}">
                    <Coords points="1792,1342 1792,1402 1969,1402 1969,1342"/>
                    <TextEquiv>
                        <Unicode>gebracht</Unicode>
                    </TextEquiv>
                </Word>
                <Word id="tr_2_tl_22_w3" custom="readingOrder {index:2;}">
                    <Coords points="1995,1342 1995,1402 2105,1402 2105,1342"/>
                    <TextEquiv>
                        <Unicode>hatte.</Unicode>
                    </TextEquiv>
                </Word>
                <TextEquiv>
                    <Unicode>erstehung gebracht hatte.</Unicode>
                </TextEquiv>
            </TextLine>
            <TextLine id="tr_2_tl_23" custom="readingOrder {index:22;}">
                <Coords points="2681,1406 2854,1411 2889,1391 2980,1423 3059,1394 3151,1417 3241,1406 3226,1341 3119,1356 2683,1341"/>
                <Baseline points="2690,1385 2717,1385 2745,1385 2773,1385 2801,1385 2829,1387 2856,1387 2884,1385 2912,1385 2940,1385 2968,1387 2995,1387 3023,1385 3051,1385 3079,1385 3107,1385 3134,1385 3162,1385 3190,1385 3218,1382 3246,1376"/>
                <Word id="tr_2_tl_23_w1" custom="readingOrder {index:0;}">
                    <Coords points="2684,1345 2684,1405 2863,1405 2863,1345"/>
                    <TextEquiv>
                        <Unicode>balistisch</Unicode>
                    </TextEquiv>
                </Word>
                <Word id="tr_2_tl_23_w2" custom="readingOrder {index:1;}">
                    <Coords points="2898,1345 2898,1405 3125,1405 3125,1345"/>
                    <TextEquiv>
                        <Unicode>bezeichnete</Unicode>
                    </TextEquiv>
                </Word>
                <Word id="tr_2_tl_23_w3" custom="readingOrder {index:2;}">
                    <Coords points="3161,1344 3161,1404 3222,1404 3222,1344"/>
                    <TextEquiv>
                        <Unicode>und</Unicode>
                    </TextEquiv>
                </Word>
                <TextEquiv>
                    <Unicode>balistisch bezeichnete und</Unicode>
                </TextEquiv>
            </TextLine>
            <TextLine id="tr_2_tl_24" custom="readingOrder {index:23;}">
                <Coords points="1660,1442 2648,1442 2648,1397 2587,1385 1660,1391"/>
                <Baseline points="1669,1433 1718,1433 1767,1434 1816,1435 1865,1432 1914,1430 1963,1432 2012,1433 2061,1433 2110,1433 2160,1433 2209,1433 2258,1433 2307,1431 2356,1433 2405,1433 2454,1433 2503,1433 2552,1433 2601,1433 2651,1433"/>
                <Word id="tr_2_tl_24_w1" custom="readingOrder {index:0;}">
                    <Coords points="1660,1393 1660,1453 1728,1453 1728,1393"/>
                    <TextEquiv>
                        <Unicode>Dem</Unicode>
                    </TextEquiv>
                </Word>
                <Word id="tr_2_tl_24_w2" custom="readingOrder {index:1;}">
                    <Coords points="1803,1390 1803,1450 1978,1450 1978,1390"/>
                    <TextEquiv>
                        <Unicode>jüdischen</Unicode>
                    </TextEquiv>
                </Word>
                <Word id="tr_2_tl_24_w3" custom="readingOrder {index:2;}">
                    <Coords points="2036,1393 2036,1453 2184,1453 2184,1393"/>
                    <TextEquiv>
                        <Unicode>Dichter</Unicode>
                    </TextEquiv>
                </Word>
                <Word id="tr_2_tl_24_w4" custom="readingOrder {index:3;}">
                    <Coords points="2238,1393 2238,1453 2508,1453 2508,1393"/>
                    <TextEquiv>
                        <Unicode>Oesterreichs,</Unicode>
                    </TextEquiv>
                </Word>
                <Word id="tr_2_tl_24_w5" custom="readingOrder {index:4;}">
                    <Coords points="2551,1393 2551,1453 2614,1453 2614,1393"/>
                    <TextEquiv>
                        <Unicode>dem</Unicode>
                    </TextEquiv>
                </Word>
                <TextEquiv>
                    <Unicode>Dem jüdischen Dichter Oesterreichs, dem</Unicode>
                </TextEquiv>
            </TextLine>
            <TextLine id="tr_2_tl_25" custom="readingOrder {index:24;}">
                <Coords points="2769,1471 3241,1460 3241,1405 3218,1397 3027,1423 2769,1403"/>
                <Baseline points="2777,1454 2802,1454 2828,1454 2854,1454 2880,1454 2906,1454 2932,1454 2958,1454 2984,1454 3010,1454 3035,1454 3061,1454 3087,1454 3113,1454 3139,1454 3165,1454 3191,1454 3217,1454 3243,1457"/>
                <Word id="tr_2_tl_25_w1" custom="readingOrder {index:0;}">
                    <Coords points="2771,1414 2771,1474 2802,1474 2802,1414"/>
                    <TextEquiv>
                        <Unicode>In</Unicode>
                    </TextEquiv>
                </Word>
                <Word id="tr_2_tl_25_w2" custom="readingOrder {index:1;}">
                    <Coords points="2835,1414 2835,1474 2917,1474 2917,1414"/>
                    <TextEquiv>
                        <Unicode>allen</Unicode>
                    </TextEquiv>
                </Word>
                <Word id="tr_2_tl_25_w3" custom="readingOrder {index:2;}">
                    <Coords points="2950,1414 2950,1474 3058,1474 3058,1414"/>
                    <TextEquiv>
                        <Unicode>Lagen</Unicode>
                    </TextEquiv>
                </Word>
                <Word id="tr_2_tl_25_w4" custom="readingOrder {index:3;}">
                    <Coords points="3097,1414 3097,1474 3154,1474 3154,1414"/>
                    <TextEquiv>
                        <Unicode>des</Unicode>
                    </TextEquiv>
                </Word>
                <Word id="tr_2_tl_25_w5" custom="readingOrder {index:4;}">
                    <Coords points="3180,1414 3180,1474 3224,1474 3224,1414"/>
                    <TextEquiv>
                        <Unicode>Le</Unicode>
                    </TextEquiv>
                </Word>
                <TextEquiv>
                    <Unicode>In allen Lagen des Le</Unicode>
                </TextEquiv>
            </TextLine>
            <TextLine id="tr_2_tl_26" custom="readingOrder {index:25;}">
                <Coords points="1579,1491 2626,1489 2608,1439 1579,1437"/>
                <Baseline points="1588,1481 1640,1484 1692,1483 1744,1481 1796,1481 1848,1481 1900,1481 1952,1481 2004,1481 2056,1481 2109,1481 2161,1481 2213,1481 2265,1481 2317,1481 2369,1482 2421,1482 2473,1481 2525,1484 2577,1481 2630,1481"/>
                <Word id="tr_2_tl_26_w1" custom="readingOrder {index:0;}">
                    <Coords points="1574,1443 1574,1503 1718,1503 1718,1443"/>
                    <TextEquiv>
                        <Unicode>Dichter</Unicode>
                    </TextEquiv>
                </Word>
                <Word id="tr_2_tl_26_w2" custom="readingOrder {index:1;}">
                    <Coords points="1749,1441 1749,1501 1811,1501 1811,1441"/>
                    <TextEquiv>
                        <Unicode>des</Unicode>
                    </TextEquiv>
                </Word>
                <Word id="tr_2_tl_26_w3" custom="readingOrder {index:2;}">
                    <Coords points="1848,1441 1848,1501 2163,1501 2163,1441"/>
                    <TextEquiv>
                        <Unicode>österreichischen</Unicode>
                    </TextEquiv>
                </Word>
                <Word id="tr_2_tl_26_w4" custom="readingOrder {index:3;}">
                    <Coords points="2211,1441 2211,1501 2417,1501 2417,1441"/>
                    <TextEquiv>
                        <Unicode>Judentums</Unicode>
                    </TextEquiv>
                </Word>
                <Word id="tr_2_tl_26_w5" custom="readingOrder {index:4;}">
                    <Coords points="2454,1441 2454,1501 2515,1501 2515,1441"/>
                    <TextEquiv>
                        <Unicode>hat</Unicode>
                    </TextEquiv>
                </Word>
                <Word id="tr_2_tl_26_w6" custom="readingOrder {index:5;}">
                    <Coords points="2568,1441 2568,1501 2629,1501 2629,1441"/>
                    <TextEquiv>
                        <Unicode>der</Unicode>
                    </TextEquiv>
                </Word>
                <TextEquiv>
                    <Unicode>Dichter des österreichischen Judentums hat der</Unicode>
                </TextEquiv>
            </TextLine>
            <TextLine id="tr_2_tl_27" custom="readingOrder {index:26;}">
                <Coords points="2688,1512 3244,1509 3232,1458 2847,1478 2688,1463"/>
                <Baseline points="2696,1502 2723,1502 2751,1502 2778,1503 2806,1505 2833,1505 2861,1505 2888,1505 2916,1505 2943,1505 2971,1505 2998,1505 3026,1505 3053,1505 3081,1505 3108,1505 3136,1504 3163,1502 3191,1504 3218,1501 3246,1493"/>
                <Word id="tr_2_tl_27_w1" custom="readingOrder {index:0;}">
                    <Coords points="2688,1462 2688,1522 2810,1522 2810,1462"/>
                    <TextEquiv>
                        <Unicode>immer</Unicode>
                    </TextEquiv>
                </Word>
                <Word id="tr_2_tl_27_w2" custom="readingOrder {index:1;}">
                    <Coords points="2843,1465 2843,1525 3012,1525 3012,1465"/>
                    <TextEquiv>
                        <Unicode>glücklich</Unicode>
                    </TextEquiv>
                </Word>
                <Word id="tr_2_tl_27_w3" custom="readingOrder {index:2;}">
                    <Coords points="3056,1463 3056,1523 3242,1523 3242,1463"/>
                    <TextEquiv>
                        <Unicode>gestaltete</Unicode>
                    </TextEquiv>
                </Word>
                <TextEquiv>
                    <Unicode>immer glücklich gestaltete</Unicode>
                </TextEquiv>
            </TextLine>
            <TextLine id="tr_2_tl_28" custom="readingOrder {index:27;}">
                <Coords points="1579,1541 2636,1543 2636,1501 2538,1483 1579,1491"/>
                <Baseline points="1588,1532 1640,1532 1693,1532 1745,1532 1798,1532 1850,1532 1903,1532 1955,1532 2008,1532 2060,1532 2113,1532 2166,1534 2218,1532 2271,1532 2323,1532 2376,1532 2428,1532 2481,1532 2533,1532 2586,1532 2639,1532"/>
                <Word id="tr_2_tl_28_w1" custom="readingOrder {index:0;}">
                    <Coords points="1579,1492 1579,1552 1666,1552 1666,1492"/>
                    <TextEquiv>
                        <Unicode>Tod,</Unicode>
                    </TextEquiv>
                </Word>
                <Word id="tr_2_tl_28_w2" custom="readingOrder {index:1;}">
                    <Coords points="1687,1492 1687,1552 1749,1552 1749,1492"/>
                    <TextEquiv>
                        <Unicode>dem</Unicode>
                    </TextEquiv>
                </Word>
                <Word id="tr_2_tl_28_w3" custom="readingOrder {index:2;}">
                    <Coords points="1796,1492 1796,1552 1826,1552 1826,1492"/>
                    <TextEquiv>
                        <Unicode>er</Unicode>
                    </TextEquiv>
                </Word>
                <Word id="tr_2_tl_28_w4" custom="readingOrder {index:3;}">
                    <Coords points="1858,1492 1858,1552 1919,1552 1919,1492"/>
                    <TextEquiv>
                        <Unicode>mit</Unicode>
                    </TextEquiv>
                </Word>
                <Word id="tr_2_tl_28_w5" custom="readingOrder {index:4;}">
                    <Coords points="1941,1492 1941,1552 2049,1552 2049,1492"/>
                    <TextEquiv>
                        <Unicode>hellem</Unicode>
                    </TextEquiv>
                </Word>
                <Word id="tr_2_tl_28_w6" custom="readingOrder {index:5;}">
                    <Coords points="2091,1492 2091,1552 2386,1552 2386,1492"/>
                    <TextEquiv>
                        <Unicode>Prophetenauge</Unicode>
                    </TextEquiv>
                </Word>
                <Word id="tr_2_tl_28_w7" custom="readingOrder {index:6;}">
                    <Coords points="2417,1492 2417,1552 2484,1552 2484,1492"/>
                    <TextEquiv>
                        <Unicode>gar</Unicode>
                    </TextEquiv>
                </Word>
                <Word id="tr_2_tl_28_w8" custom="readingOrder {index:7;}">
                    <Coords points="2510,1492 2510,1552 2556,1552 2556,1492"/>
                    <TextEquiv>
                        <Unicode>oft</Unicode>
                    </TextEquiv>
                </Word>
                <Word id="tr_2_tl_28_w9" custom="readingOrder {index:8;}">
                    <Coords points="2583,1492 2583,1552 2629,1552 2629,1492"/>
                    <TextEquiv>
                        <Unicode>ins</Unicode>
                    </TextEquiv>
                </Word>
                <TextEquiv>
                    <Unicode>Tod, dem er mit hellem Prophetenauge gar oft ins</Unicode>
                </TextEquiv>
            </TextLine>
            <TextLine id="tr_2_tl_29" custom="readingOrder {index:28;}">
                <Coords points="2684,1561 3236,1561 3236,1513 3195,1533 3169,1512 2684,1510"/>
                <Baseline points="2693,1552 2720,1552 2747,1552 2775,1552 2802,1552 2829,1552 2857,1552 2884,1552 2911,1552 2939,1552 2966,1552 2993,1552 3021,1552 3048,1552 3075,1552 3103,1552 3130,1552 3157,1552 3185,1552 3212,1552 3240,1552"/>
                <Word id="tr_2_tl_29_w1" custom="readingOrder {index:0;}">
                    <Coords points="2685,1512 2685,1572 2850,1572 2850,1512"/>
                    <TextEquiv>
                        <Unicode>Reinheit</Unicode>
                    </TextEquiv>
                </Word>
                <Word id="tr_2_tl_29_w2" custom="readingOrder {index:1;}">
                    <Coords points="2878,1512 2878,1572 2939,1572 2939,1512"/>
                    <TextEquiv>
                        <Unicode>und</Unicode>
                    </TextEquiv>
                </Word>
                <Word id="tr_2_tl_29_w3" custom="readingOrder {index:2;}">
                    <Coords points="2979,1512 2979,1572 3189,1572 3189,1512"/>
                    <TextEquiv>
                        <Unicode>Heiterkeit,</Unicode>
                    </TextEquiv>
                </Word>
                <Word id="tr_2_tl_29_w4" custom="readingOrder {index:3;}">
                    <Coords points="3212,1512 3212,1572 3227,1572 3227,1512"/>
                    <TextEquiv>
                        <Unicode>d</Unicode>
                    </TextEquiv>
                </Word>
                <TextEquiv>
                    <Unicode>Reinheit und Heiterkeit, d</Unicode>
                </TextEquiv>
            </TextLine>
            <TextLine id="tr_2_tl_30" custom="readingOrder {index:29;}">
                <Coords points="1579,1590 2625,1594 2625,1547 2570,1536 1579,1543"/>
                <Baseline points="1588,1582 1640,1582 1692,1582 1744,1582 1796,1581 1848,1581 1900,1580 1952,1582 2004,1582 2056,1582 2108,1582 2160,1582 2212,1582 2264,1582 2316,1582 2368,1582 2420,1582 2472,1580 2524,1579 2576,1579 2628,1579"/>
                <Word id="tr_2_tl_30_w1" custom="readingOrder {index:0;}">
                    <Coords points="1579,1542 1579,1602 1704,1602 1704,1542"/>
                    <TextEquiv>
                        <Unicode>Antlitz</Unicode>
                    </TextEquiv>
                </Word>
                <Word id="tr_2_tl_30_w2" custom="readingOrder {index:1;}">
                    <Coords points="1739,1541 1739,1601 1915,1601 1915,1541"/>
                    <TextEquiv>
                        <Unicode>geschaut</Unicode>
                    </TextEquiv>
                </Word>
                <Word id="tr_2_tl_30_w3" custom="readingOrder {index:2;}">
                    <Coords points="1945,1542 1945,1602 2005,1602 2005,1542"/>
                    <TextEquiv>
                        <Unicode>und</Unicode>
                    </TextEquiv>
                </Word>
                <Word id="tr_2_tl_30_w4" custom="readingOrder {index:3;}">
                    <Coords points="2041,1542 2041,1602 2166,1602 2166,1542"/>
                    <TextEquiv>
                        <Unicode>dessen</Unicode>
                    </TextEquiv>
                </Word>
                <Word id="tr_2_tl_30_w5" custom="readingOrder {index:4;}">
                    <Coords points="2207,1542 2207,1602 2523,1602 2523,1542"/>
                    <TextEquiv>
                        <Unicode>geheimnisvoller</Unicode>
                    </TextEquiv>
                </Word>
                <Word id="tr_2_tl_30_w6" custom="readingOrder {index:5;}">
                    <Coords points="2558,1539 2558,1599 2628,1599 2628,1539"/>
                    <TextEquiv>
                        <Unicode>Un¬</Unicode>
                    </TextEquiv>
                </Word>
                <TextEquiv>
                    <Unicode>Antlitz geschaut und dessen geheimnisvoller Un¬</Unicode>
                </TextEquiv>
            </TextLine>
            <TextLine id="tr_2_tl_31" custom="readingOrder {index:30;}">
                <Coords points="2688,1613 3236,1607 3236,1561 3210,1553 3002,1576 2978,1558 2749,1576 2688,1561"/>
                <Baseline points="2696,1600 2723,1600 2750,1600 2777,1602 2804,1603 2831,1603 2858,1601 2886,1600 2913,1600 2940,1600 2967,1600 2994,1600 3021,1601 3048,1602 3076,1603 3103,1603 3130,1601 3157,1600 3184,1600 3211,1600 3239,1599"/>
                <Word id="tr_2_tl_31_w1" custom="readingOrder {index:0;}">
                    <Coords points="2688,1560 2688,1620 2717,1620 2717,1560"/>
                    <TextEquiv>
                        <Unicode>so</Unicode>
                    </TextEquiv>
                </Word>
                <Word id="tr_2_tl_31_w2" custom="readingOrder {index:1;}">
                    <Coords points="2753,1560 2753,1620 2981,1620 2981,1560"/>
                    <TextEquiv>
                        <Unicode>wundervoll</Unicode>
                    </TextEquiv>
                </Word>
                <Word id="tr_2_tl_31_w3" custom="readingOrder {index:2;}">
                    <Coords points="3007,1561 3007,1621 3067,1621 3067,1561"/>
                    <TextEquiv>
                        <Unicode>und</Unicode>
                    </TextEquiv>
                </Word>
                <Word id="tr_2_tl_31_w4" custom="readingOrder {index:3;}">
                    <Coords points="3098,1560 3098,1620 3234,1620 3234,1560"/>
                    <TextEquiv>
                        <Unicode>genußr</Unicode>
                    </TextEquiv>
                </Word>
                <TextEquiv>
                    <Unicode>so wundervoll und genußr</Unicode>
                </TextEquiv>
            </TextLine>
            <TextLine id="tr_2_tl_32" custom="readingOrder {index:31;}">
                <Coords points="1573,1643 2629,1637 2629,1599 2573,1587 2429,1616 1573,1594"/>
                <Baseline points="1582,1630 1634,1630 1687,1630 1739,1630 1792,1630 1844,1630 1897,1630 1949,1631 2002,1632 2054,1630 2107,1628 2160,1630 2212,1633 2265,1632 2317,1630 2370,1630 2422,1630 2475,1630 2527,1630 2580,1630 2633,1630"/>
                <Word id="tr_2_tl_32_w1" custom="readingOrder {index:0;}">
                    <Coords points="1573,1590 1573,1650 1778,1650 1778,1590"/>
                    <TextEquiv>
                        <Unicode>faßbarkeit</Unicode>
                    </TextEquiv>
                </Word>
                <Word id="tr_2_tl_32_w2" custom="readingOrder {index:1;}">
                    <Coords points="1804,1590 1804,1650 1860,1650 1860,1590"/>
                    <TextEquiv>
                        <Unicode>er,</Unicode>
                    </TextEquiv>
                </Word>
                <Word id="tr_2_tl_32_w3" custom="readingOrder {index:2;}">
                    <Coords points="1887,1590 1887,1650 1948,1650 1948,1590"/>
                    <TextEquiv>
                        <Unicode>wie</Unicode>
                    </TextEquiv>
                </Word>
                <Word id="tr_2_tl_32_w4" custom="readingOrder {index:3;}">
                    <Coords points="1980,1591 1980,1651 2066,1651 2066,1591"/>
                    <TextEquiv>
                        <Unicode>kaum</Unicode>
                    </TextEquiv>
                </Word>
                <Word id="tr_2_tl_32_w5" custom="readingOrder {index:4;}">
                    <Coords points="2134,1589 2134,1649 2185,1649 2185,1589"/>
                    <TextEquiv>
                        <Unicode>ein</Unicode>
                    </TextEquiv>
                </Word>
                <Word id="tr_2_tl_32_w6" custom="readingOrder {index:5;}">
                    <Coords points="2242,1590 2242,1650 2396,1650 2396,1590"/>
                    <TextEquiv>
                        <Unicode>anderer</Unicode>
                    </TextEquiv>
                </Word>
                <Word id="tr_2_tl_32_w7" custom="readingOrder {index:6;}">
                    <Coords points="2448,1590 2448,1650 2628,1650 2628,1590"/>
                    <TextEquiv>
                        <Unicode>Gestalter</Unicode>
                    </TextEquiv>
                </Word>
                <TextEquiv>
                    <Unicode>faßbarkeit er, wie kaum ein anderer Gestalter</Unicode>
                </TextEquiv>
            </TextLine>
            <TextLine id="tr_2_tl_33" custom="readingOrder {index:32;}">
                <Coords points="2694,1663 3235,1656 3235,1611 3189,1607 2694,1616"/>
                <Baseline points="2702,1651 2728,1651 2755,1650 2782,1648 2809,1648 2836,1648 2863,1650 2889,1651 2916,1651 2943,1650 2970,1648 2997,1650 3024,1650 3051,1648 3077,1649 3104,1651 3131,1651 3158,1651 3185,1651 3212,1651 3239,1650"/>
                <Word id="tr_2_tl_33_w1" custom="readingOrder {index:0;}">
                    <Coords points="2693,1611 2693,1671 2762,1671 2762,1611"/>
                    <TextEquiv>
                        <Unicode>war</Unicode>
                    </TextEquiv>
                </Word>
                <Word id="tr_2_tl_33_w2" custom="readingOrder {index:1;}">
                    <Coords points="2792,1608 2792,1668 2826,1668 2826,1608"/>
                    <TextEquiv>
                        <Unicode>er</Unicode>
                    </TextEquiv>
                </Word>
                <Word id="tr_2_tl_33_w3" custom="readingOrder {index:2;}">
                    <Coords points="2852,1611 2852,1671 2951,1671 2951,1611"/>
                    <TextEquiv>
                        <Unicode>einer</Unicode>
                    </TextEquiv>
                </Word>
                <Word id="tr_2_tl_33_w4" custom="readingOrder {index:3;}">
                    <Coords points="2976,1610 2976,1670 3040,1670 3040,1610"/>
                    <TextEquiv>
                        <Unicode>der</Unicode>
                    </TextEquiv>
                </Word>
                <Word id="tr_2_tl_33_w5" custom="readingOrder {index:4;}">
                    <Coords points="3065,1611 3065,1671 3219,1671 3219,1611"/>
                    <TextEquiv>
                        <Unicode>vornehm</Unicode>
                    </TextEquiv>
                </Word>
                <TextEquiv>
                    <Unicode>war er einer der vornehm</Unicode>
                </TextEquiv>
            </TextLine>
            <TextLine id="tr_2_tl_34" custom="readingOrder {index:33;}">
                <Coords points="1576,1686 2626,1691 2626,1636 1576,1642"/>
                <Baseline points="1585,1678 1637,1681 1689,1681 1741,1680 1794,1680 1846,1681 1898,1681 1950,1681 2003,1681 2055,1681 2107,1681 2159,1679 2212,1681 2264,1681 2316,1681 2368,1681 2421,1681 2473,1681 2525,1681 2577,1678 2630,1681"/>
                <Word id="tr_2_tl_34_w1" custom="readingOrder {index:0;}">
                    <Coords points="1576,1639 1576,1699 1646,1699 1646,1639"/>
                    <TextEquiv>
                        <Unicode>inne</Unicode>
                    </TextEquiv>
                </Word>
                <Word id="tr_2_tl_34_w2" custom="readingOrder {index:1;}">
                    <Coords points="1681,1640 1681,1700 1893,1700 1893,1640"/>
                    <TextEquiv>
                        <Unicode>geworden,</Unicode>
                    </TextEquiv>
                </Word>
                <Word id="tr_2_tl_34_w3" custom="readingOrder {index:2;}">
                    <Coords points="1918,1641 1918,1701 1968,1701 1968,1641"/>
                    <TextEquiv>
                        <Unicode>die</Unicode>
                    </TextEquiv>
                </Word>
                <Word id="tr_2_tl_34_w4" custom="readingOrder {index:3;}">
                    <Coords points="1999,1641 1999,1701 2196,1701 2196,1641"/>
                    <TextEquiv>
                        <Unicode>gesegnete</Unicode>
                    </TextEquiv>
                </Word>
                <Word id="tr_2_tl_34_w5" custom="readingOrder {index:4;}">
                    <Coords points="2227,1641 2227,1701 2342,1701 2342,1641"/>
                    <TextEquiv>
                        <Unicode>Feder</Unicode>
                    </TextEquiv>
                </Word>
                <Word id="tr_2_tl_34_w6" custom="readingOrder {index:5;}">
                    <Coords points="2373,1641 2373,1701 2619,1701 2619,1641"/>
                    <TextEquiv>
                        <Unicode>meuchleriscl</Unicode>
                    </TextEquiv>
                </Word>
                <TextEquiv>
                    <Unicode>inne geworden, die gesegnete Feder meuchleriscl</Unicode>
                </TextEquiv>
            </TextLine>
            <TextLine id="tr_2_tl_35" custom="readingOrder {index:34;}">
                <Coords points="2684,1706 2810,1721 3235,1708 3235,1657 3215,1654 3180,1674 3111,1654 2981,1672 2684,1660"/>
                <Baseline points="2693,1699 2720,1699 2747,1699 2774,1701 2802,1702 2829,1702 2856,1700 2884,1699 2911,1699 2938,1699 2966,1699 2993,1699 3020,1699 3047,1699 3075,1699 3102,1699 3129,1699 3157,1699 3184,1699 3211,1700 3239,1701"/>
                <Word id="tr_2_tl_35_w1" custom="readingOrder {index:0;}">
                    <Coords points="2685,1659 2685,1719 2787,1719 2787,1659"/>
                    <TextEquiv>
                        <Unicode>schen</Unicode>
                    </TextEquiv>
                </Word>
                <Word id="tr_2_tl_35_w2" custom="readingOrder {index:1;}">
                    <Coords points="2822,1659 2822,1719 2970,1719 2970,1659"/>
                    <TextEquiv>
                        <Unicode>unserer</Unicode>
                    </TextEquiv>
                </Word>
                <Word id="tr_2_tl_35_w3" custom="readingOrder {index:2;}">
                    <Coords points="2999,1659 2999,1719 3089,1719 3089,1659"/>
                    <TextEquiv>
                        <Unicode>Zeit.</Unicode>
                    </TextEquiv>
                </Word>
                <Word id="tr_2_tl_35_w4" custom="readingOrder {index:3;}">
                    <Coords points="3107,1659 3107,1719 3169,1719 3169,1659"/>
                    <TextEquiv>
                        <Unicode>Die</Unicode>
                    </TextEquiv>
                </Word>
                <Word id="tr_2_tl_35_w5" custom="readingOrder {index:4;}">
                    <Coords points="3198,1659 3198,1719 3215,1719 3215,1659"/>
                    <TextEquiv>
                        <Unicode>B</Unicode>
                    </TextEquiv>
                </Word>
                <TextEquiv>
                    <Unicode>schen unserer Zeit. Die B</Unicode>
                </TextEquiv>
            </TextLine>
            <TextLine id="tr_2_tl_36" custom="readingOrder {index:35;}">
                <Coords points="1573,1735 2639,1746 2639,1685 1573,1691"/>
                <Baseline points="1582,1732 1635,1730 1688,1729 1741,1729 1794,1729 1847,1729 1900,1729 1953,1729 2006,1729 2059,1729 2112,1729 2165,1732 2218,1730 2271,1729 2324,1729 2377,1732 2430,1731 2483,1730 2536,1730 2589,1729 2642,1729"/>
                <Word id="tr_2_tl_36_w1" custom="readingOrder {index:0;}">
                    <Coords points="1574,1690 1574,1750 1645,1750 1645,1690"/>
                    <TextEquiv>
                        <Unicode>früh</Unicode>
                    </TextEquiv>
                </Word>
                <Word id="tr_2_tl_36_w2" custom="readingOrder {index:1;}">
                    <Coords points="1690,1689 1690,1749 1922,1749 1922,1689"/>
                    <TextEquiv>
                        <Unicode>entwunden.</Unicode>
                    </TextEquiv>
                </Word>
                <Word id="tr_2_tl_36_w3" custom="readingOrder {index:2;}">
                    <Coords points="1955,1689 1955,1749 2027,1749 2027,1689"/>
                    <TextEquiv>
                        <Unicode>Wir</Unicode>
                    </TextEquiv>
                </Word>
                <Word id="tr_2_tl_36_w4" custom="readingOrder {index:3;}">
                    <Coords points="2055,1689 2055,1749 2165,1749 2165,1689"/>
                    <TextEquiv>
                        <Unicode>haben</Unicode>
                    </TextEquiv>
                </Word>
                <Word id="tr_2_tl_36_w5" custom="readingOrder {index:4;}">
                    <Coords points="2205,1689 2205,1749 2260,1749 2260,1689"/>
                    <TextEquiv>
                        <Unicode>für</Unicode>
                    </TextEquiv>
                </Word>
                <Word id="tr_2_tl_36_w6" custom="readingOrder {index:5;}">
                    <Coords points="2294,1690 2294,1750 2414,1750 2414,1690"/>
                    <TextEquiv>
                        <Unicode>immer</Unicode>
                    </TextEquiv>
                </Word>
                <Word id="tr_2_tl_36_w7" custom="readingOrder {index:6;}">
                    <Coords points="2454,1689 2454,1749 2625,1749 2625,1689"/>
                    <TextEquiv>
                        <Unicode>Abschied</Unicode>
                    </TextEquiv>
                </Word>
                <TextEquiv>
                    <Unicode>früh entwunden. Wir haben für immer Abschied</Unicode>
                </TextEquiv>
            </TextLine>
            <TextLine id="tr_2_tl_37" custom="readingOrder {index:36;}">
                <Coords points="2684,1752 2921,1772 3128,1749 3236,1761 3236,1715 3212,1706 2764,1721 2684,1705"/>
                <Baseline points="2693,1750 2720,1750 2747,1750 2775,1750 2802,1750 2829,1750 2857,1750 2884,1750 2911,1750 2939,1750 2966,1750 2993,1750 3021,1750 3048,1750 3075,1748 3103,1747 3130,1747 3157,1748 3185,1750 3212,1750 3240,1750"/>
                <Word id="tr_2_tl_37_w1" custom="readingOrder {index:0;}">
                    <Coords points="2690,1710 2690,1770 2793,1770 2793,1710"/>
                    <TextEquiv>
                        <Unicode>lichen</Unicode>
                    </TextEquiv>
                </Word>
                <Word id="tr_2_tl_37_w2" custom="readingOrder {index:1;}">
                    <Coords points="2831,1710 2831,1770 3119,1770 3119,1710"/>
                    <TextEquiv>
                        <Unicode>Persönlichkeit</Unicode>
                    </TextEquiv>
                </Word>
                <Word id="tr_2_tl_37_w3" custom="readingOrder {index:2;}">
                    <Coords points="3153,1710 3153,1770 3233,1770 3233,1710"/>
                    <TextEquiv>
                        <Unicode>nahr</Unicode>
                    </TextEquiv>
                </Word>
                <TextEquiv>
                    <Unicode>lichen Persönlichkeit nahr</Unicode>
                </TextEquiv>
            </TextLine>
            <TextLine id="tr_2_tl_38" custom="readingOrder {index:37;}">
                <Coords points="1576,1787 2626,1787 2626,1746 2574,1734 1576,1737"/>
                <Baseline points="1585,1782 1637,1779 1689,1779 1741,1782 1794,1779 1846,1779 1898,1777 1950,1778 2003,1779 2055,1779 2107,1779 2159,1779 2212,1779 2264,1779 2316,1779 2368,1779 2421,1779 2473,1779 2525,1779 2577,1777 2630,1776"/>
                <Word id="tr_2_tl_38_w1" custom="readingOrder {index:0;}">
                    <Coords points="1576,1739 1576,1799 1721,1799 1721,1739"/>
                    <TextEquiv>
                        <Unicode>nehmen</Unicode>
                    </TextEquiv>
                </Word>
                <Word id="tr_2_tl_38_w2" custom="readingOrder {index:1;}">
                    <Coords points="1757,1739 1757,1799 1893,1799 1893,1739"/>
                    <TextEquiv>
                        <Unicode>müssen</Unicode>
                    </TextEquiv>
                </Word>
                <Word id="tr_2_tl_38_w3" custom="readingOrder {index:2;}">
                    <Coords points="1934,1738 1934,1798 1993,1798 1993,1738"/>
                    <TextEquiv>
                        <Unicode>von</Unicode>
                    </TextEquiv>
                </Word>
                <Word id="tr_2_tl_38_w4" custom="readingOrder {index:3;}">
                    <Coords points="2030,1739 2030,1799 2130,1799 2130,1739"/>
                    <TextEquiv>
                        <Unicode>Artur</Unicode>
                    </TextEquiv>
                </Word>
                <Word id="tr_2_tl_38_w5" custom="readingOrder {index:4;}">
                    <Coords points="2161,1739 2161,1799 2382,1799 2382,1739"/>
                    <TextEquiv>
                        <Unicode>Schnitzler,</Unicode>
                    </TextEquiv>
                </Word>
                <Word id="tr_2_tl_38_w6" custom="readingOrder {index:5;}">
                    <Coords points="2423,1739 2423,1799 2488,1799 2488,1739"/>
                    <TextEquiv>
                        <Unicode>dem</Unicode>
                    </TextEquiv>
                </Word>
                <Word id="tr_2_tl_38_w7" custom="readingOrder {index:6;}">
                    <Coords points="2534,1736 2534,1796 2629,1796 2629,1736"/>
                    <TextEquiv>
                        <Unicode>Men¬</Unicode>
                    </TextEquiv>
                </Word>
                <TextEquiv>
                    <Unicode>nehmen müssen von Artur Schnitzler, dem Men¬</Unicode>
                </TextEquiv>
            </TextLine>
            <TextLine id="tr_2_tl_39" custom="readingOrder {index:38;}">
                <Coords points="2684,1813 3236,1805 3236,1761 3192,1772 3137,1750 3080,1773 3053,1757 2684,1763"/>
                <Baseline points="2693,1800 2720,1799 2747,1797 2775,1799 2802,1799 2829,1798 2857,1798 2884,1800 2911,1800 2939,1799 2966,1797 2993,1797 3021,1797 3048,1797 3075,1797 3103,1797 3130,1797 3157,1797 3185,1799 3212,1799 3240,1797"/>
                <Word id="tr_2_tl_39_w1" custom="readingOrder {index:0;}">
                    <Coords points="2684,1757 2684,1817 2809,1817 2809,1757"/>
                    <TextEquiv>
                        <Unicode>stäbe;</Unicode>
                    </TextEquiv>
                </Word>
                <Word id="tr_2_tl_39_w2" custom="readingOrder {index:1;}">
                    <Coords points="2835,1760 2835,1820 2961,1820 2961,1760"/>
                    <TextEquiv>
                        <Unicode>ebenso</Unicode>
                    </TextEquiv>
                </Word>
                <Word id="tr_2_tl_39_w3" custom="readingOrder {index:2;}">
                    <Coords points="2997,1757 2997,1817 3062,1817 3062,1757"/>
                    <TextEquiv>
                        <Unicode>wie</Unicode>
                    </TextEquiv>
                </Word>
                <Word id="tr_2_tl_39_w4" custom="readingOrder {index:3;}">
                    <Coords points="3093,1757 3093,1817 3184,1817 3184,1757"/>
                    <TextEquiv>
                        <Unicode>seine</Unicode>
                    </TextEquiv>
                </Word>
                <Word id="tr_2_tl_39_w5" custom="readingOrder {index:4;}">
                    <Coords points="3210,1758 3210,1818 3229,1818 3229,1758"/>
                    <TextEquiv>
                        <Unicode>d</Unicode>
                    </TextEquiv>
                </Word>
                <TextEquiv>
                    <Unicode>stäbe; ebenso wie seine d</Unicode>
                </TextEquiv>
            </TextLine>
            <TextLine id="tr_2_tl_40" custom="readingOrder {index:39;}">
                <Coords points="1576,1839 2639,1834 2639,1783 1576,1799"/>
                <Baseline points="1585,1830 1637,1827 1690,1830 1743,1830 1796,1828 1849,1827 1902,1827 1954,1827 2007,1828 2060,1830 2113,1828 2166,1830 2219,1830 2272,1829 2324,1828 2377,1828 2430,1827 2483,1827 2536,1830 2589,1829 2642,1830"/>
                <Word id="tr_2_tl_40_w1" custom="readingOrder {index:0;}">
                    <Coords points="1576,1787 1576,1847 1702,1847 1702,1787"/>
                    <TextEquiv>
                        <Unicode>schen.</Unicode>
                    </TextEquiv>
                </Word>
                <Word id="tr_2_tl_40_w2" custom="readingOrder {index:1;}">
                    <Coords points="1745,1788 1745,1848 1839,1848 1839,1788"/>
                    <TextEquiv>
                        <Unicode>Aber</Unicode>
                    </TextEquiv>
                </Word>
                <Word id="tr_2_tl_40_w3" custom="readingOrder {index:2;}">
                    <Coords points="1866,1787 1866,1847 1972,1847 1972,1787"/>
                    <TextEquiv>
                        <Unicode>Artur</Unicode>
                    </TextEquiv>
                </Word>
                <Word id="tr_2_tl_40_w4" custom="readingOrder {index:3;}">
                    <Coords points="1999,1788 1999,1848 2214,1848 2214,1788"/>
                    <TextEquiv>
                        <Unicode>Schnitzler,</Unicode>
                    </TextEquiv>
                </Word>
                <Word id="tr_2_tl_40_w5" custom="readingOrder {index:4;}">
                    <Coords points="2257,1788 2257,1848 2320,1848 2320,1788"/>
                    <TextEquiv>
                        <Unicode>der</Unicode>
                    </TextEquiv>
                </Word>
                <Word id="tr_2_tl_40_w6" custom="readingOrder {index:5;}">
                    <Coords points="2368,1787 2368,1847 2515,1847 2515,1787"/>
                    <TextEquiv>
                        <Unicode>Dichter</Unicode>
                    </TextEquiv>
                </Word>
                <Word id="tr_2_tl_40_w7" custom="readingOrder {index:6;}">
                    <Coords points="2563,1789 2563,1849 2626,1849 2626,1789"/>
                    <TextEquiv>
                        <Unicode>und</Unicode>
                    </TextEquiv>
                </Word>
                <TextEquiv>
                    <Unicode>schen. Aber Artur Schnitzler, der Dichter und</Unicode>
                </TextEquiv>
            </TextLine>
            <TextLine id="tr_2_tl_41" custom="readingOrder {index:40;}">
                <Coords points="2691,1857 2860,1874 2935,1850 3239,1851 3239,1810 3198,1799 3175,1818 2691,1812"/>
                <Baseline points="2699,1848 2726,1848 2753,1848 2780,1848 2807,1848 2834,1848 2861,1848 2889,1848 2916,1848 2943,1848 2970,1848 2997,1848 3024,1848 3051,1848 3079,1848 3106,1848 3133,1848 3160,1848 3187,1848 3214,1848 3242,1849"/>
                <Word id="tr_2_tl_41_w1" custom="readingOrder {index:0;}">
                    <Coords points="2691,1808 2691,1868 2750,1868 2750,1808"/>
                    <TextEquiv>
                        <Unicode>von</Unicode>
                    </TextEquiv>
                </Word>
                <Word id="tr_2_tl_41_w2" custom="readingOrder {index:1;}">
                    <Coords points="2789,1808 2789,1868 2903,1868 2903,1808"/>
                    <TextEquiv>
                        <Unicode>vielen</Unicode>
                    </TextEquiv>
                </Word>
                <Word id="tr_2_tl_41_w3" custom="readingOrder {index:2;}">
                    <Coords points="2942,1808 2942,1868 3056,1868 3056,1808"/>
                    <TextEquiv>
                        <Unicode>Teilen</Unicode>
                    </TextEquiv>
                </Word>
                <Word id="tr_2_tl_41_w4" custom="readingOrder {index:3;}">
                    <Coords points="3090,1808 3090,1868 3215,1868 3215,1808"/>
                    <TextEquiv>
                        <Unicode>immer</Unicode>
                    </TextEquiv>
                </Word>
                <TextEquiv>
                    <Unicode>von vielen Teilen immer</Unicode>
                </TextEquiv>
            </TextLine>
            <TextLine id="tr_2_tl_42" custom="readingOrder {index:41;}">
                <Coords points="1576,1885 2642,1883 2623,1833 1576,1839"/>
                <Baseline points="1585,1881 1638,1878 1691,1878 1744,1878 1797,1878 1850,1878 1903,1878 1956,1878 2009,1878 2062,1881 2115,1881 2168,1881 2221,1881 2274,1879 2327,1878 2380,1878 2433,1878 2486,1878 2539,1878 2592,1878 2645,1878"/>
                <Word id="tr_2_tl_42_w1" custom="readingOrder {index:0;}">
                    <Coords points="1576,1838 1576,1898 1738,1898 1738,1838"/>
                    <TextEquiv>
                        <Unicode>Denker,</Unicode>
                    </TextEquiv>
                </Word>
                <Word id="tr_2_tl_42_w2" custom="readingOrder {index:1;}">
                    <Coords points="1760,1838 1760,1898 1819,1898 1819,1838"/>
                    <TextEquiv>
                        <Unicode>der</Unicode>
                    </TextEquiv>
                </Word>
                <Word id="tr_2_tl_42_w3" custom="readingOrder {index:2;}">
                    <Coords points="1852,1838 1852,1898 1965,1898 1965,1838"/>
                    <TextEquiv>
                        <Unicode>Weise</Unicode>
                    </TextEquiv>
                </Word>
                <Word id="tr_2_tl_42_w4" custom="readingOrder {index:3;}">
                    <Coords points="1998,1839 1998,1899 2056,1899 2056,1839"/>
                    <TextEquiv>
                        <Unicode>und</Unicode>
                    </TextEquiv>
                </Word>
                <Word id="tr_2_tl_42_w5" custom="readingOrder {index:4;}">
                    <Coords points="2090,1841 2090,1901 2154,1901 2154,1841"/>
                    <TextEquiv>
                        <Unicode>der</Unicode>
                    </TextEquiv>
                </Word>
                <Word id="tr_2_tl_42_w6" custom="readingOrder {index:5;}">
                    <Coords points="2181,1839 2181,1899 2354,1899 2354,1839"/>
                    <TextEquiv>
                        <Unicode>Prophet,</Unicode>
                    </TextEquiv>
                </Word>
                <Word id="tr_2_tl_42_w7" custom="readingOrder {index:6;}">
                    <Coords points="2376,1838 2376,1898 2473,1898 2473,1838"/>
                    <TextEquiv>
                        <Unicode>nicht</Unicode>
                    </TextEquiv>
                </Word>
                <Word id="tr_2_tl_42_w8" custom="readingOrder {index:7;}">
                    <Coords points="2500,1838 2500,1898 2635,1898 2635,1838"/>
                    <TextEquiv>
                        <Unicode>zuletzt</Unicode>
                    </TextEquiv>
                </Word>
                <TextEquiv>
                    <Unicode>Denker, der Weise und der Prophet, nicht zuletzt</Unicode>
                </TextEquiv>
            </TextLine>
            <TextLine id="tr_2_tl_43" custom="readingOrder {index:42;}">
                <Coords points="2700,1908 2790,1922 2869,1900 2902,1922 2986,1919 3012,1897 3087,1919 3236,1905 3226,1850 3180,1874 3042,1853 2973,1871 2935,1850 2856,1879 2700,1856"/>
                <Baseline points="2708,1899 2734,1899 2761,1899 2787,1899 2814,1898 2841,1896 2867,1898 2894,1899 2920,1897 2947,1896 2974,1896 3000,1896 3027,1896 3053,1896 3080,1896 3107,1896 3133,1897 3160,1899 3186,1899 3213,1899 3240,1899"/>
                <Word id="tr_2_tl_43_w1" custom="readingOrder {index:0;}">
                    <Coords points="2695,1859 2695,1919 2827,1919 2827,1859"/>
                    <TextEquiv>
                        <Unicode>Gruppe</Unicode>
                    </TextEquiv>
                </Word>
                <Word id="tr_2_tl_43_w2" custom="readingOrder {index:1;}">
                    <Coords points="2867,1856 2867,1916 2989,1916 2989,1856"/>
                    <TextEquiv>
                        <Unicode>seiner</Unicode>
                    </TextEquiv>
                </Word>
                <Word id="tr_2_tl_43_w3" custom="readingOrder {index:2;}">
                    <Coords points="3023,1856 3023,1916 3150,1916 3150,1856"/>
                    <TextEquiv>
                        <Unicode>Werke</Unicode>
                    </TextEquiv>
                </Word>
                <Word id="tr_2_tl_43_w4" custom="readingOrder {index:3;}">
                    <Coords points="3189,1859 3189,1919 3222,1919 3222,1859"/>
                    <TextEquiv>
                        <Unicode>un</Unicode>
                    </TextEquiv>
                </Word>
                <TextEquiv>
                    <Unicode>Gruppe seiner Werke un</Unicode>
                </TextEquiv>
            </TextLine>
            <TextLine id="tr_2_tl_44" custom="readingOrder {index:43;}">
                <Coords points="1573,1952 2639,1942 2625,1883 1573,1893"/>
                <Baseline points="1582,1929 1635,1929 1688,1929 1741,1929 1794,1929 1847,1929 1900,1929 1953,1929 2006,1930 2059,1932 2112,1932 2165,1932 2218,1932 2271,1933 2324,1933 2377,1932 2430,1929 2483,1932 2536,1929 2589,1929 2642,1932"/>
                <Word id="tr_2_tl_44_w1" custom="readingOrder {index:0;}">
                    <Coords points="1578,1889 1578,1949 1639,1949 1639,1889"/>
                    <TextEquiv>
                        <Unicode>der</Unicode>
                    </TextEquiv>
                </Word>
                <Word id="tr_2_tl_44_w2" custom="readingOrder {index:1;}">
                    <Coords points="1665,1889 1665,1949 1763,1949 1763,1889"/>
                    <TextEquiv>
                        <Unicode>treue</Unicode>
                    </TextEquiv>
                </Word>
                <Word id="tr_2_tl_44_w3" custom="readingOrder {index:2;}">
                    <Coords points="1795,1889 1795,1949 1975,1949 1975,1889"/>
                    <TextEquiv>
                        <Unicode>kernhafte</Unicode>
                    </TextEquiv>
                </Word>
                <Word id="tr_2_tl_44_w4" custom="readingOrder {index:3;}">
                    <Coords points="2007,1892 2007,1952 2115,1952 2115,1892"/>
                    <TextEquiv>
                        <Unicode>Jude,</Unicode>
                    </TextEquiv>
                </Word>
                <Word id="tr_2_tl_44_w5" custom="readingOrder {index:4;}">
                    <Coords points="2141,1892 2141,1952 2218,1952 2218,1892"/>
                    <TextEquiv>
                        <Unicode>wird</Unicode>
                    </TextEquiv>
                </Word>
                <Word id="tr_2_tl_44_w6" custom="readingOrder {index:5;}">
                    <Coords points="2255,1892 2255,1952 2280,1952 2280,1892"/>
                    <TextEquiv>
                        <Unicode>in</Unicode>
                    </TextEquiv>
                </Word>
                <Word id="tr_2_tl_44_w7" custom="readingOrder {index:6;}">
                    <Coords points="2312,1891 2312,1951 2461,1951 2461,1891"/>
                    <TextEquiv>
                        <Unicode>unseren</Unicode>
                    </TextEquiv>
                </Word>
                <Word id="tr_2_tl_44_w8" custom="readingOrder {index:7;}">
                    <Coords points="2493,1889 2493,1949 2627,1949 2627,1889"/>
                    <TextEquiv>
                        <Unicode>Herzen</Unicode>
                    </TextEquiv>
                </Word>
                <TextEquiv>
                    <Unicode>der treue kernhafte Jude, wird in unseren Herzen</Unicode>
                </TextEquiv>
            </TextLine>
            <TextLine id="tr_2_tl_45" custom="readingOrder {index:44;}">
                <Coords points="2691,1966 3235,1955 3235,1916 3189,1903 2691,1917"/>
                <Baseline points="2699,1950 2726,1950 2753,1950 2780,1950 2807,1949 2834,1947 2861,1947 2888,1947 2915,1947 2942,1947 2969,1947 2996,1945 3023,1945 3050,1946 3077,1947 3104,1947 3131,1947 3158,1947 3185,1947 3212,1948 3239,1949"/>
                <Word id="tr_2_tl_45_w1" custom="readingOrder {index:0;}">
                    <Coords points="2691,1909 2691,1969 2887,1969 2887,1909"/>
                    <TextEquiv>
                        <Unicode>ungerecht</Unicode>
                    </TextEquiv>
                </Word>
                <Word id="tr_2_tl_45_w2" custom="readingOrder {index:1;}">
                    <Coords points="2909,1905 2909,1965 3073,1965 3073,1905"/>
                    <TextEquiv>
                        <Unicode>beurteilt</Unicode>
                    </TextEquiv>
                </Word>
                <Word id="tr_2_tl_45_w3" custom="readingOrder {index:2;}">
                    <Coords points="3101,1907 3101,1967 3233,1967 3233,1907"/>
                    <TextEquiv>
                        <Unicode>worder</Unicode>
                    </TextEquiv>
                </Word>
                <TextEquiv>
                    <Unicode>ungerecht beurteilt worder</Unicode>
                </TextEquiv>
            </TextLine>
            <TextLine id="tr_2_tl_46" custom="readingOrder {index:45;}">
                <Coords points="1582,1998 1761,1983 1802,2001 1905,1980 1989,2001 2071,1992 2071,1940 2056,1937 1582,1945"/>
                <Baseline points="1591,1982 1616,1980 1641,1979 1667,1979 1692,1979 1718,1979 1743,1979 1769,1979 1794,1979 1820,1979 1845,1979 1871,1979 1896,1979 1922,1979 1947,1979 1973,1979 1998,1979 2024,1979 2049,1979 2075,1979"/>
                <Word id="tr_2_tl_46_w1" custom="readingOrder {index:0;}">
                    <Coords points="1582,1939 1582,1999 1693,1999 1693,1939"/>
                    <TextEquiv>
                        <Unicode>allzeit</Unicode>
                    </TextEquiv>
                </Word>
                <Word id="tr_2_tl_46_w2" custom="readingOrder {index:1;}">
                    <Coords points="1721,1939 1721,1999 1881,1999 1881,1939"/>
                    <TextEquiv>
                        <Unicode>lebendig</Unicode>
                    </TextEquiv>
                </Word>
                <Word id="tr_2_tl_46_w3" custom="readingOrder {index:2;}">
                    <Coords points="1914,1939 1914,1999 2063,1999 2063,1939"/>
                    <TextEquiv>
                        <Unicode>bleiben.</Unicode>
                    </TextEquiv>
                </Word>
                <TextEquiv>
                    <Unicode>allzeit lebendig bleiben.</Unicode>
                </TextEquiv>
            </TextLine>
            <TextLine id="tr_2_tl_47" custom="readingOrder {index:46;}">
                <Coords points="2688,2016 2811,2000 2860,2016 3238,2012 3238,1966 3194,1954 2688,1968"/>
                <Baseline points="2696,2000 2723,1997 2750,1997 2777,1999 2805,1999 2832,1997 2859,1997 2887,1997 2914,1997 2941,1997 2969,1997 2996,1997 3023,1997 3050,1997 3078,1997 3105,1997 3132,1997 3160,1997 3187,1997 3214,1997 3242,1997"/>
                <Word id="tr_2_tl_47_w1" custom="readingOrder {index:0;}">
                    <Coords points="2689,1957 2689,2017 2773,2017 2773,1957"/>
                    <TextEquiv>
                        <Unicode>allem</Unicode>
                    </TextEquiv>
                </Word>
                <Word id="tr_2_tl_47_w2" custom="readingOrder {index:1;}">
                    <Coords points="2820,1957 2820,2017 3012,2017 3012,1957"/>
                    <TextEquiv>
                        <Unicode>gewesen,</Unicode>
                    </TextEquiv>
                </Word>
                <Word id="tr_2_tl_47_w3" custom="readingOrder {index:2;}">
                    <Coords points="3031,1957 3031,2017 3081,2017 3081,1957"/>
                    <TextEquiv>
                        <Unicode>als</Unicode>
                    </TextEquiv>
                </Word>
                <Word id="tr_2_tl_47_w4" custom="readingOrder {index:3;}">
                    <Coords points="3110,1957 3110,2017 3229,2017 3229,1957"/>
                    <TextEquiv>
                        <Unicode>Mensc</Unicode>
                    </TextEquiv>
                </Word>
                <TextEquiv>
                    <Unicode>allem gewesen, als Mensc</Unicode>
                </TextEquiv>
            </TextLine>
            <TextLine id="tr_2_tl_48" custom="readingOrder {index:47;}">
                <Coords points="2684,2049 2822,2070 2891,2050 2952,2071 3103,2049 3241,2065 3241,2007 3204,2003 3119,2026 2972,2004 2834,2009 2781,2036 2735,2006 2684,2019"/>
                <Baseline points="2693,2048 2720,2048 2748,2049 2775,2050 2803,2050 2830,2048 2858,2048 2885,2048 2913,2048 2940,2048 2968,2048 2995,2048 3023,2048 3050,2048 3078,2048 3105,2047 3133,2046 3160,2045 3188,2045 3215,2045 3243,2051"/>
                <Word id="tr_2_tl_48_w1" custom="readingOrder {index:0;}">
                    <Coords points="2691,2008 2691,2068 2737,2068 2737,2008"/>
                    <TextEquiv>
                        <Unicode>ein</Unicode>
                    </TextEquiv>
                </Word>
                <Word id="tr_2_tl_48_w2" custom="readingOrder {index:1;}">
                    <Coords points="2795,2008 2795,2068 3098,2068 3098,2008"/>
                    <TextEquiv>
                        <Unicode>oberflächlicher</Unicode>
                    </TextEquiv>
                </Word>
                <Word id="tr_2_tl_48_w3" custom="readingOrder {index:2;}">
                    <Coords points="3151,2005 3151,2065 3237,2065 3237,2005"/>
                    <TextEquiv>
                        <Unicode>Aest</Unicode>
                    </TextEquiv>
                </Word>
                <TextEquiv>
                    <Unicode>ein oberflächlicher Aest</Unicode>
                </TextEquiv>
            </TextLine>
            <TextLine id="tr_2_tl_49" custom="readingOrder {index:48;}">
                <Coords points="2688,2116 3239,2104 3239,2062 3183,2053 2822,2071 2688,2049"/>
                <Baseline points="2696,2099 2723,2097 2750,2096 2778,2096 2805,2096 2832,2096 2860,2098 2887,2099 2914,2099 2942,2098 2969,2096 2996,2096 3024,2096 3051,2096 3078,2098 3106,2099 3133,2097 3160,2096 3188,2096 3215,2098 3243,2102"/>
                <Word id="tr_2_tl_49_w1" custom="readingOrder {index:0;}">
                    <Coords points="2689,2056 2689,2116 2849,2116 2849,2056"/>
                    <TextEquiv>
                        <Unicode>Ethiker.</Unicode>
                    </TextEquiv>
                </Word>
                <Word id="tr_2_tl_49_w2" custom="readingOrder {index:1;}">
                    <Coords points="2874,2059 2874,2119 2944,2119 2944,2059"/>
                    <TextEquiv>
                        <Unicode>Nur</Unicode>
                    </TextEquiv>
                </Word>
                <Word id="tr_2_tl_49_w3" custom="readingOrder {index:2;}">
                    <Coords points="2975,2056 2975,2116 3045,2116 3045,2056"/>
                    <TextEquiv>
                        <Unicode>wer</Unicode>
                    </TextEquiv>
                </Word>
                <Word id="tr_2_tl_49_w4" custom="readingOrder {index:3;}">
                    <Coords points="3070,2058 3070,2118 3117,2118 3117,2058"/>
                    <TextEquiv>
                        <Unicode>ihm</Unicode>
                    </TextEquiv>
                </Word>
                <Word id="tr_2_tl_49_w5" custom="readingOrder {index:4;}">
                    <Coords points="3165,2057 3165,2117 3241,2117 3241,2057"/>
                    <TextEquiv>
                        <Unicode>pers</Unicode>
                    </TextEquiv>
                </Word>
                <TextEquiv>
                    <Unicode>Ethiker. Nur wer ihm pers</Unicode>
                </TextEquiv>
            </TextLine>
            <TextLine id="tr_2_tl_50" custom="readingOrder {index:49;}">
                <Coords points="2684,2163 2934,2148 3241,2165 3241,2104 3224,2102 2684,2117"/>
                <Baseline points="2693,2147 2720,2147 2748,2147 2775,2147 2803,2148 2830,2150 2858,2148 2885,2147 2913,2147 2940,2147 2968,2147 2995,2147 3023,2147 3050,2147 3078,2147 3105,2147 3133,2147 3160,2147 3188,2147 3215,2147 3243,2150"/>
                <Word id="tr_2_tl_50_w1" custom="readingOrder {index:0;}">
                    <Coords points="2685,2107 2685,2167 2836,2167 2836,2107"/>
                    <TextEquiv>
                        <Unicode>stande,</Unicode>
                    </TextEquiv>
                </Word>
                <Word id="tr_2_tl_50_w2" custom="readingOrder {index:1;}">
                    <Coords points="2854,2107 2854,2167 2905,2167 2905,2107"/>
                    <TextEquiv>
                        <Unicode>die</Unicode>
                    </TextEquiv>
                </Word>
                <Word id="tr_2_tl_50_w3" custom="readingOrder {index:2;}">
                    <Coords points="2935,2107 2935,2167 3133,2167 3133,2107"/>
                    <TextEquiv>
                        <Unicode>Schönheit</Unicode>
                    </TextEquiv>
                </Word>
                <Word id="tr_2_tl_50_w4" custom="readingOrder {index:3;}">
                    <Coords points="3157,2107 3157,2167 3226,2167 3226,2107"/>
                    <TextEquiv>
                        <Unicode>sein</Unicode>
                    </TextEquiv>
                </Word>
                <TextEquiv>
                    <Unicode>stande, die Schönheit sein</Unicode>
                </TextEquiv>
            </TextLine>
            <TextLine id="tr_2_tl_51" custom="readingOrder {index:50;}">
                <Coords points="1576,2183 2593,2192 2631,2137 1578,2126"/>
                <Baseline points="1585,2174 1637,2177 1689,2177 1742,2177 1794,2177 1847,2177 1899,2177 1951,2175 2004,2177 2056,2177 2109,2177 2161,2177 2213,2177 2266,2175 2318,2177 2371,2177 2423,2177 2475,2177 2528,2177 2580,2175 2633,2171"/>
                <Word id="tr_2_tl_51_w1" custom="readingOrder {index:0;}">
                    <Coords points="1576,2137 1576,2197 1845,2197 1845,2137"/>
                    <TextEquiv>
                        <Unicode>Bewunderung</Unicode>
                    </TextEquiv>
                </Word>
                <Word id="tr_2_tl_51_w2" custom="readingOrder {index:1;}">
                    <Coords points="1884,2136 1884,2196 1938,2196 1938,2136"/>
                    <TextEquiv>
                        <Unicode>die</Unicode>
                    </TextEquiv>
                </Word>
                <Word id="tr_2_tl_51_w3" custom="readingOrder {index:2;}">
                    <Coords points="1971,2137 1971,2197 2132,2197 2132,2137"/>
                    <TextEquiv>
                        <Unicode>Feinheit</Unicode>
                    </TextEquiv>
                </Word>
                <Word id="tr_2_tl_51_w4" custom="readingOrder {index:3;}">
                    <Coords points="2159,2137 2159,2197 2223,2197 2223,2137"/>
                    <TextEquiv>
                        <Unicode>und</Unicode>
                    </TextEquiv>
                </Word>
                <Word id="tr_2_tl_51_w5" custom="readingOrder {index:4;}">
                    <Coords points="2262,2137 2262,2197 2375,2197 2375,2137"/>
                    <TextEquiv>
                        <Unicode>Weite</Unicode>
                    </TextEquiv>
                </Word>
                <Word id="tr_2_tl_51_w6" custom="readingOrder {index:5;}">
                    <Coords points="2408,2137 2408,2197 2526,2197 2526,2137"/>
                    <TextEquiv>
                        <Unicode>seines</Unicode>
                    </TextEquiv>
                </Word>
                <Word id="tr_2_tl_51_w7" custom="readingOrder {index:6;}">
                    <Coords points="2559,2133 2559,2193 2634,2193 2634,2133"/>
                    <TextEquiv>
                        <Unicode>gei¬</Unicode>
                    </TextEquiv>
                </Word>
                <TextEquiv>
                    <Unicode>Bewunderung die Feinheit und Weite seines gei¬</Unicode>
                </TextEquiv>
            </TextLine>
            <TextLine id="tr_2_tl_52" custom="readingOrder {index:51;}">
                <Coords points="2694,2209 3239,2206 3239,2165 3216,2156 2694,2157"/>
                <Baseline points="2702,2200 2729,2198 2756,2197 2783,2197 2810,2197 2837,2197 2864,2197 2891,2197 2918,2197 2945,2197 2972,2197 2999,2197 3026,2197 3053,2197 3080,2197 3107,2197 3134,2197 3161,2197 3188,2197 3215,2197 3243,2200"/>
                <Word id="tr_2_tl_52_w1" custom="readingOrder {index:0;}">
                    <Coords points="2695,2158 2695,2218 2741,2218 2741,2158"/>
                    <TextEquiv>
                        <Unicode>die</Unicode>
                    </TextEquiv>
                </Word>
                <Word id="tr_2_tl_52_w2" custom="readingOrder {index:1;}">
                    <Coords points="2765,2157 2765,2217 3026,2217 3026,2157"/>
                    <TextEquiv>
                        <Unicode>bezwingende</Unicode>
                    </TextEquiv>
                </Word>
                <Word id="tr_2_tl_52_w3" custom="readingOrder {index:2;}">
                    <Coords points="3056,2157 3056,2217 3224,2217 3224,2157"/>
                    <TextEquiv>
                        <Unicode>Natürlich</Unicode>
                    </TextEquiv>
                </Word>
                <TextEquiv>
                    <Unicode>die bezwingende Natürlich</Unicode>
                </TextEquiv>
            </TextLine>
            <TextLine id="tr_2_tl_53" custom="readingOrder {index:52;}">
                <Coords points="1579,2237 2633,2229 2617,2183 1579,2185"/>
                <Baseline points="1588,2224 1640,2224 1692,2224 1745,2224 1797,2224 1850,2224 1902,2224 1954,2224 2007,2226 2059,2224 2112,2224 2164,2227 2216,2227 2269,2226 2321,2224 2374,2224 2426,2226 2478,2227 2531,2224 2583,2224 2636,2224"/>
                <Word id="tr_2_tl_53_w1" custom="readingOrder {index:0;}">
                    <Coords points="1579,2184 1579,2244 1686,2244 1686,2184"/>
                    <TextEquiv>
                        <Unicode>stigen</Unicode>
                    </TextEquiv>
                </Word>
                <Word id="tr_2_tl_53_w2" custom="readingOrder {index:1;}">
                    <Coords points="1723,2184 1723,2244 1914,2244 1914,2184"/>
                    <TextEquiv>
                        <Unicode>Horizonts</Unicode>
                    </TextEquiv>
                </Word>
                <Word id="tr_2_tl_53_w3" custom="readingOrder {index:2;}">
                    <Coords points="1945,2184 1945,2244 2213,2244 2213,2184"/>
                    <TextEquiv>
                        <Unicode>wahrnehmen.</Unicode>
                    </TextEquiv>
                </Word>
                <Word id="tr_2_tl_53_w4" custom="readingOrder {index:3;}">
                    <Coords points="2239,2185 2239,2245 2311,2245 2311,2185"/>
                    <TextEquiv>
                        <Unicode>Das</Unicode>
                    </TextEquiv>
                </Word>
                <Word id="tr_2_tl_53_w5" custom="readingOrder {index:4;}">
                    <Coords points="2342,2184 2342,2244 2430,2244 2430,2184"/>
                    <TextEquiv>
                        <Unicode>Buch</Unicode>
                    </TextEquiv>
                </Word>
                <Word id="tr_2_tl_53_w6" custom="readingOrder {index:5;}">
                    <Coords points="2472,2184 2472,2244 2631,2244 2631,2184"/>
                    <TextEquiv>
                        <Unicode>„Gedan¬</Unicode>
                    </TextEquiv>
                </Word>
                <TextEquiv>
                    <Unicode>stigen Horizonts wahrnehmen. Das Buch „Gedan¬</Unicode>
                </TextEquiv>
            </TextLine>
            <TextLine id="tr_2_tl_54" custom="readingOrder {index:53;}">
                <Coords points="2700,2258 3235,2255 3235,2203 3128,2217 3039,2198 2973,2220 2700,2208"/>
                <Baseline points="2708,2248 2734,2248 2761,2247 2787,2245 2814,2245 2840,2245 2867,2245 2893,2245 2920,2245 2946,2247 2973,2248 3000,2246 3026,2245 3053,2245 3079,2245 3106,2245 3132,2245 3159,2245 3185,2245 3212,2245 3239,2244"/>
                <Word id="tr_2_tl_54_w1" custom="readingOrder {index:0;}">
                    <Coords points="2701,2205 2701,2265 2910,2265 2910,2205"/>
                    <TextEquiv>
                        <Unicode>Charakters</Unicode>
                    </TextEquiv>
                </Word>
                <Word id="tr_2_tl_54_w2" custom="readingOrder {index:1;}">
                    <Coords points="2933,2207 2933,2267 2972,2267 2972,2207"/>
                    <TextEquiv>
                        <Unicode>zu</Unicode>
                    </TextEquiv>
                </Word>
                <Word id="tr_2_tl_54_w3" custom="readingOrder {index:2;}">
                    <Coords points="3001,2205 3001,2265 3181,2265 3181,2205"/>
                    <TextEquiv>
                        <Unicode>schätzen.</Unicode>
                    </TextEquiv>
                </Word>
                <Word id="tr_2_tl_54_w4" custom="readingOrder {index:3;}">
                    <Coords points="3199,2205 3199,2265 3215,2265 3215,2205"/>
                    <TextEquiv>
                        <Unicode>D</Unicode>
                    </TextEquiv>
                </Word>
                <TextEquiv>
                    <Unicode>Charakters zu schätzen. D</Unicode>
                </TextEquiv>
            </TextLine>
            <TextLine id="tr_2_tl_55" custom="readingOrder {index:54;}">
                <Coords points="1579,2284 2636,2293 2626,2230 1579,2237"/>
                <Baseline points="1588,2275 1640,2275 1693,2275 1745,2275 1798,2275 1850,2275 1903,2275 1955,2275 2008,2274 2060,2275 2113,2276 2166,2275 2218,2275 2271,2276 2323,2277 2376,2275 2428,2277 2481,2275 2533,2275 2586,2275 2639,2278"/>
                <Word id="tr_2_tl_55_w1" custom="readingOrder {index:0;}">
                    <Coords points="1574,2235 1574,2295 1631,2295 1631,2235"/>
                    <TextEquiv>
                        <Unicode>ken</Unicode>
                    </TextEquiv>
                </Word>
                <Word id="tr_2_tl_55_w2" custom="readingOrder {index:1;}">
                    <Coords points="1674,2235 1674,2295 1737,2295 1737,2235"/>
                    <TextEquiv>
                        <Unicode>und</Unicode>
                    </TextEquiv>
                </Word>
                <Word id="tr_2_tl_55_w3" custom="readingOrder {index:2;}">
                    <Coords points="1775,2235 1775,2295 2061,2295 2061,2235"/>
                    <TextEquiv>
                        <Unicode>Erinnerungen“</Unicode>
                    </TextEquiv>
                </Word>
                <Word id="tr_2_tl_55_w4" custom="readingOrder {index:3;}">
                    <Coords points="2115,2235 2115,2295 2162,2295 2162,2235"/>
                    <TextEquiv>
                        <Unicode>ist</Unicode>
                    </TextEquiv>
                </Word>
                <Word id="tr_2_tl_55_w5" custom="readingOrder {index:4;}">
                    <Coords points="2221,2235 2221,2295 2294,2295 2294,2235"/>
                    <TextEquiv>
                        <Unicode>voll</Unicode>
                    </TextEquiv>
                </Word>
                <Word id="tr_2_tl_55_w6" custom="readingOrder {index:5;}">
                    <Coords points="2343,2235 2343,2295 2406,2295 2406,2235"/>
                    <TextEquiv>
                        <Unicode>von</Unicode>
                    </TextEquiv>
                </Word>
                <Word id="tr_2_tl_55_w7" custom="readingOrder {index:6;}">
                    <Coords points="2449,2235 2449,2295 2639,2295 2639,2235"/>
                    <TextEquiv>
                        <Unicode>Weisheit,</Unicode>
                    </TextEquiv>
                </Word>
                <TextEquiv>
                    <Unicode>ken und Erinnerungen“ ist voll von Weisheit,</Unicode>
                </TextEquiv>
            </TextLine>
            <TextLine id="tr_2_tl_56" custom="readingOrder {index:55;}">
                <Coords points="2694,2305 2808,2305 2828,2324 2857,2305 2905,2319 3239,2301 3239,2252 2694,2256"/>
                <Baseline points="2702,2296 2729,2296 2756,2296 2783,2296 2810,2296 2837,2296 2864,2296 2891,2296 2918,2296 2945,2296 2972,2296 2999,2296 3026,2296 3053,2296 3080,2296 3107,2296 3134,2296 3161,2296 3188,2296 3215,2296 3243,2296"/>
                <Word id="tr_2_tl_56_w1" custom="readingOrder {index:0;}">
                    <Coords points="2695,2256 2695,2316 2920,2316 2920,2256"/>
                    <TextEquiv>
                        <Unicode>haarscharfe</Unicode>
                    </TextEquiv>
                </Word>
                <Word id="tr_2_tl_56_w2" custom="readingOrder {index:1;}">
                    <Coords points="2945,2256 2945,2316 3117,2316 3117,2256"/>
                    <TextEquiv>
                        <Unicode>Dialektik</Unicode>
                    </TextEquiv>
                </Word>
                <Word id="tr_2_tl_56_w3" custom="readingOrder {index:2;}">
                    <Coords points="3153,2256 3153,2316 3235,2316 3235,2256"/>
                    <TextEquiv>
                        <Unicode>im1</Unicode>
                    </TextEquiv>
                </Word>
                <TextEquiv>
                    <Unicode>haarscharfe Dialektik im1</Unicode>
                </TextEquiv>
            </TextLine>
            <TextLine id="tr_2_tl_57" custom="readingOrder {index:56;}">
                <Coords points="1579,2337 2642,2341 2642,2293 2568,2279 1579,2285"/>
                <Baseline points="1588,2323 1640,2323 1693,2324 1746,2326 1799,2326 1852,2326 1905,2326 1957,2326 2010,2325 2063,2325 2116,2326 2169,2326 2222,2326 2275,2326 2327,2326 2380,2326 2433,2326 2486,2326 2539,2325 2592,2324 2645,2323"/>
                <Word id="tr_2_tl_57_w1" custom="readingOrder {index:0;}">
                    <Coords points="1580,2283 1580,2343 1756,2343 1756,2283"/>
                    <TextEquiv>
                        <Unicode>Klugheit,</Unicode>
                    </TextEquiv>
                </Word>
                <Word id="tr_2_tl_57_w2" custom="readingOrder {index:1;}">
                    <Coords points="1778,2286 1778,2346 2048,2346 2048,2286"/>
                    <TextEquiv>
                        <Unicode>Gerechtigkeit</Unicode>
                    </TextEquiv>
                </Word>
                <Word id="tr_2_tl_57_w3" custom="readingOrder {index:2;}">
                    <Coords points="2077,2285 2077,2345 2131,2345 2131,2285"/>
                    <TextEquiv>
                        <Unicode>und</Unicode>
                    </TextEquiv>
                </Word>
                <Word id="tr_2_tl_57_w4" custom="readingOrder {index:3;}">
                    <Coords points="2165,2286 2165,2346 2391,2346 2391,2286"/>
                    <TextEquiv>
                        <Unicode>Scharfsinn.</Unicode>
                    </TextEquiv>
                </Word>
                <Word id="tr_2_tl_57_w5" custom="readingOrder {index:4;}">
                    <Coords points="2413,2286 2413,2346 2457,2346 2457,2286"/>
                    <TextEquiv>
                        <Unicode>Es</Unicode>
                    </TextEquiv>
                </Word>
                <Word id="tr_2_tl_57_w6" custom="readingOrder {index:5;}">
                    <Coords points="2491,2285 2491,2345 2573,2345 2573,2285"/>
                    <TextEquiv>
                        <Unicode>fehlt</Unicode>
                    </TextEquiv>
                </Word>
                <Word id="tr_2_tl_57_w7" custom="readingOrder {index:6;}">
                    <Coords points="2601,2283 2601,2343 2623,2343 2623,2283"/>
                    <TextEquiv>
                        <Unicode>in</Unicode>
                    </TextEquiv>
                </Word>
                <TextEquiv>
                    <Unicode>Klugheit, Gerechtigkeit und Scharfsinn. Es fehlt in</Unicode>
                </TextEquiv>
            </TextLine>
            <TextLine id="tr_2_tl_58" custom="readingOrder {index:57;}">
                <Coords points="2700,2360 3238,2359 3238,2301 3220,2298 2906,2319 2862,2305 2831,2324 2808,2305 2700,2301"/>
                <Baseline points="2708,2347 2734,2345 2761,2344 2788,2344 2814,2344 2841,2344 2868,2346 2894,2347 2921,2347 2948,2346 2975,2344 3001,2346 3028,2347 3055,2347 3081,2347 3108,2347 3135,2347 3161,2347 3188,2347 3215,2346 3242,2344"/>
                <Word id="tr_2_tl_58_w1" custom="readingOrder {index:0;}">
                    <Coords points="2695,2304 2695,2364 2807,2364 2807,2304"/>
                    <TextEquiv>
                        <Unicode>waren</Unicode>
                    </TextEquiv>
                </Word>
                <Word id="tr_2_tl_58_w2" custom="readingOrder {index:1;}">
                    <Coords points="2843,2305 2843,2365 2872,2365 2872,2305"/>
                    <TextEquiv>
                        <Unicode>im</Unicode>
                    </TextEquiv>
                </Word>
                <Word id="tr_2_tl_58_w3" custom="readingOrder {index:2;}">
                    <Coords points="2921,2307 2921,2367 3163,2367 3163,2307"/>
                    <TextEquiv>
                        <Unicode>persönlichen</Unicode>
                    </TextEquiv>
                </Word>
                <Word id="tr_2_tl_58_w4" custom="readingOrder {index:3;}">
                    <Coords points="3194,2306 3194,2366 3211,2366 3211,2306"/>
                    <TextEquiv>
                        <Unicode>U</Unicode>
                    </TextEquiv>
                </Word>
                <TextEquiv>
                    <Unicode>waren im persönlichen U</Unicode>
                </TextEquiv>
            </TextLine>
            <TextLine id="tr_2_tl_59" custom="readingOrder {index:58;}">
                <Coords points="1579,2389 2633,2386 2633,2334 1579,2336"/>
                <Baseline points="1588,2377 1640,2377 1692,2377 1745,2377 1797,2375 1850,2376 1902,2376 1954,2375 2007,2377 2059,2377 2112,2377 2164,2377 2216,2375 2269,2376 2321,2377 2374,2377 2426,2377 2478,2377 2531,2375 2583,2374 2636,2374"/>
                <Word id="tr_2_tl_59_w1" custom="readingOrder {index:0;}">
                    <Coords points="1579,2337 1579,2397 1626,2397 1626,2337"/>
                    <TextEquiv>
                        <Unicode>ihm</Unicode>
                    </TextEquiv>
                </Word>
                <Word id="tr_2_tl_59_w2" custom="readingOrder {index:1;}">
                    <Coords points="1669,2337 1669,2397 1748,2397 1748,2337"/>
                    <TextEquiv>
                        <Unicode>auch</Unicode>
                    </TextEquiv>
                </Word>
                <Word id="tr_2_tl_59_w3" custom="readingOrder {index:2;}">
                    <Coords points="1781,2335 1781,2395 1876,2395 1876,2335"/>
                    <TextEquiv>
                        <Unicode>nicht</Unicode>
                    </TextEquiv>
                </Word>
                <Word id="tr_2_tl_59_w4" custom="readingOrder {index:3;}">
                    <Coords points="1898,2335 1898,2395 1945,2395 1945,2335"/>
                    <TextEquiv>
                        <Unicode>ein</Unicode>
                    </TextEquiv>
                </Word>
                <Word id="tr_2_tl_59_w5" custom="readingOrder {index:4;}">
                    <Coords points="1972,2337 1972,2397 2115,2397 2115,2337"/>
                    <TextEquiv>
                        <Unicode>Kapitel</Unicode>
                    </TextEquiv>
                </Word>
                <Word id="tr_2_tl_59_w6" custom="readingOrder {index:5;}">
                    <Coords points="2132,2336 2132,2396 2216,2396 2216,2336"/>
                    <TextEquiv>
                        <Unicode>über</Unicode>
                    </TextEquiv>
                </Word>
                <Word id="tr_2_tl_59_w7" custom="readingOrder {index:6;}">
                    <Coords points="2243,2336 2243,2396 2397,2396 2397,2336"/>
                    <TextEquiv>
                        <Unicode>Religion</Unicode>
                    </TextEquiv>
                </Word>
                <Word id="tr_2_tl_59_w8" custom="readingOrder {index:7;}">
                    <Coords points="2429,2337 2429,2397 2493,2397 2493,2337"/>
                    <TextEquiv>
                        <Unicode>und</Unicode>
                    </TextEquiv>
                </Word>
                <Word id="tr_2_tl_59_w9" custom="readingOrder {index:8;}">
                    <Coords points="2520,2334 2520,2394 2636,2394 2636,2334"/>
                    <TextEquiv>
                        <Unicode>Meta¬</Unicode>
                    </TextEquiv>
                </Word>
                <TextEquiv>
                    <Unicode>ihm auch nicht ein Kapitel über Religion und Meta¬</Unicode>
                </TextEquiv>
            </TextLine>
            <TextLine id="tr_2_tl_60" custom="readingOrder {index:59;}">
                <Coords points="2697,2405 3238,2402 3238,2362 3216,2354 3105,2353 3076,2376 2970,2348 2924,2365 2697,2357"/>
                <Baseline points="2705,2395 2731,2395 2758,2395 2785,2395 2812,2395 2838,2395 2865,2395 2892,2395 2919,2395 2945,2395 2972,2395 2999,2395 3026,2395 3052,2395 3079,2395 3106,2395 3133,2395 3159,2395 3186,2395 3213,2394 3240,2392"/>
                <Word id="tr_2_tl_60_w1" custom="readingOrder {index:0;}">
                    <Coords points="2692,2355 2692,2415 2752,2415 2752,2355"/>
                    <TextEquiv>
                        <Unicode>und</Unicode>
                    </TextEquiv>
                </Word>
                <Word id="tr_2_tl_60_w2" custom="readingOrder {index:1;}">
                    <Coords points="2786,2355 2786,2415 3074,2415 3074,2355"/>
                    <TextEquiv>
                        <Unicode>unmittelbarer.</Unicode>
                    </TextEquiv>
                </Word>
                <Word id="tr_2_tl_60_w3" custom="readingOrder {index:2;}">
                    <Coords points="3097,2355 3097,2415 3169,2415 3169,2355"/>
                    <TextEquiv>
                        <Unicode>Und</Unicode>
                    </TextEquiv>
                </Word>
                <Word id="tr_2_tl_60_w4" custom="readingOrder {index:3;}">
                    <Coords points="3202,2353 3202,2413 3241,2413 3241,2353"/>
                    <TextEquiv>
                        <Unicode>be</Unicode>
                    </TextEquiv>
                </Word>
                <TextEquiv>
                    <Unicode>und unmittelbarer. Und be</Unicode>
                </TextEquiv>
            </TextLine>
            <TextLine id="tr_2_tl_61" custom="readingOrder {index:60;}">
                <Coords points="1585,2438 2639,2431 2639,2392 2507,2377 1585,2386"/>
                <Baseline points="1594,2427 1646,2425 1698,2424 1751,2424 1803,2424 1856,2424 1908,2424 1960,2424 2013,2424 2065,2427 2118,2426 2170,2424 2222,2424 2275,2424 2327,2424 2380,2424 2432,2424 2484,2424 2537,2424 2589,2424 2642,2424"/>
                <Word id="tr_2_tl_61_w1" custom="readingOrder {index:0;}">
                    <Coords points="1580,2384 1580,2444 1722,2444 1722,2384"/>
                    <TextEquiv>
                        <Unicode>physik.</Unicode>
                    </TextEquiv>
                </Word>
                <Word id="tr_2_tl_61_w2" custom="readingOrder {index:1;}">
                    <Coords points="1745,2384 1745,2444 1797,2444 1797,2384"/>
                    <TextEquiv>
                        <Unicode>Ein</Unicode>
                    </TextEquiv>
                </Word>
                <Word id="tr_2_tl_61_w3" custom="readingOrder {index:2;}">
                    <Coords points="1829,2384 1829,2444 2063,2444 2063,2384"/>
                    <TextEquiv>
                        <Unicode>Spaziergang</Unicode>
                    </TextEquiv>
                </Word>
                <Word id="tr_2_tl_61_w4" custom="readingOrder {index:3;}">
                    <Coords points="2095,2385 2095,2445 2158,2445 2158,2385"/>
                    <TextEquiv>
                        <Unicode>mit</Unicode>
                    </TextEquiv>
                </Word>
                <Word id="tr_2_tl_61_w5" custom="readingOrder {index:4;}">
                    <Coords points="2180,2384 2180,2444 2377,2444 2377,2384"/>
                    <TextEquiv>
                        <Unicode>Schnitzler</Unicode>
                    </TextEquiv>
                </Word>
                <Word id="tr_2_tl_61_w6" custom="readingOrder {index:5;}">
                    <Coords points="2404,2384 2404,2444 2477,2444 2477,2384"/>
                    <TextEquiv>
                        <Unicode>war</Unicode>
                    </TextEquiv>
                </Word>
                <Word id="tr_2_tl_61_w7" custom="readingOrder {index:6;}">
                    <Coords points="2505,2384 2505,2444 2631,2444 2631,2384"/>
                    <TextEquiv>
                        <Unicode>Freude</Unicode>
                    </TextEquiv>
                </Word>
                <TextEquiv>
                    <Unicode>physik. Ein Spaziergang mit Schnitzler war Freude</Unicode>
                </TextEquiv>
            </TextLine>
            <TextLine id="tr_2_tl_62" custom="readingOrder {index:61;}">
                <Coords points="2700,2454 3215,2461 3242,2446 3229,2409 3093,2394 3062,2415 2886,2408 2865,2428 2791,2400 2700,2403"/>
                <Baseline points="2708,2445 2734,2443 2761,2443 2788,2444 2815,2445 2842,2445 2869,2445 2896,2445 2923,2445 2950,2445 2977,2445 3003,2443 3030,2443 3057,2444 3084,2445 3111,2445 3138,2445 3165,2444 3192,2443 3219,2441 3246,2439"/>
                <Word id="tr_2_tl_62_w1" custom="readingOrder {index:0;}">
                    <Coords points="2701,2403 2701,2463 2835,2463 2835,2403"/>
                    <TextEquiv>
                        <Unicode>Wärme</Unicode>
                    </TextEquiv>
                </Word>
                <Word id="tr_2_tl_62_w2" custom="readingOrder {index:1;}">
                    <Coords points="2877,2405 2877,2465 2935,2465 2935,2405"/>
                    <TextEquiv>
                        <Unicode>und</Unicode>
                    </TextEquiv>
                </Word>
                <Word id="tr_2_tl_62_w3" custom="readingOrder {index:2;}">
                    <Coords points="2976,2405 2976,2465 3221,2465 3221,2405"/>
                    <TextEquiv>
                        <Unicode>Herzlichkeit</Unicode>
                    </TextEquiv>
                </Word>
                <TextEquiv>
                    <Unicode>Wärme und Herzlichkeit</Unicode>
                </TextEquiv>
            </TextLine>
            <TextLine id="tr_2_tl_63" custom="readingOrder {index:62;}">
                <Coords points="1585,2483 2631,2486 2631,2429 1585,2446"/>
                <Baseline points="1594,2475 1648,2474 1703,2472 1758,2472 1812,2475 1867,2475 1922,2475 1976,2475 2031,2475 2086,2475 2140,2475 2195,2474 2250,2474 2304,2475 2359,2475 2414,2474 2468,2472 2523,2472 2578,2472 2633,2475"/>
                <Word id="tr_2_tl_63_w1" custom="readingOrder {index:0;}">
                    <Coords points="1580,2434 1580,2494 1636,2494 1636,2434"/>
                    <TextEquiv>
                        <Unicode>und</Unicode>
                    </TextEquiv>
                </Word>
                <Word id="tr_2_tl_63_w2" custom="readingOrder {index:1;}">
                    <Coords points="1672,2432 1672,2492 1843,2492 1843,2432"/>
                    <TextEquiv>
                        <Unicode>Gewinn.</Unicode>
                    </TextEquiv>
                </Word>
                <Word id="tr_2_tl_63_w3" custom="readingOrder {index:2;}">
                    <Coords points="1864,2435 1864,2495 2024,2495 2024,2435"/>
                    <TextEquiv>
                        <Unicode>Niemand</Unicode>
                    </TextEquiv>
                </Word>
                <Word id="tr_2_tl_63_w4" custom="readingOrder {index:3;}">
                    <Coords points="2060,2435 2060,2495 2184,2495 2184,2435"/>
                    <TextEquiv>
                        <Unicode>konnte</Unicode>
                    </TextEquiv>
                </Word>
                <Word id="tr_2_tl_63_w5" custom="readingOrder {index:4;}">
                    <Coords points="2221,2434 2221,2494 2251,2494 2251,2434"/>
                    <TextEquiv>
                        <Unicode>so</Unicode>
                    </TextEquiv>
                </Word>
                <Word id="tr_2_tl_63_w6" custom="readingOrder {index:5;}">
                    <Coords points="2283,2435 2283,2495 2345,2495 2345,2435"/>
                    <TextEquiv>
                        <Unicode>gut</Unicode>
                    </TextEquiv>
                </Word>
                <Word id="tr_2_tl_63_w7" custom="readingOrder {index:6;}">
                    <Coords points="2371,2432 2371,2492 2531,2492 2531,2432"/>
                    <TextEquiv>
                        <Unicode>lauschen</Unicode>
                    </TextEquiv>
                </Word>
                <Word id="tr_2_tl_63_w8" custom="readingOrder {index:7;}">
                    <Coords points="2568,2432 2568,2492 2624,2492 2624,2432"/>
                    <TextEquiv>
                        <Unicode>und</Unicode>
                    </TextEquiv>
                </Word>
                <TextEquiv>
                    <Unicode>und Gewinn. Niemand konnte so gut lauschen und</Unicode>
                </TextEquiv>
            </TextLine>
            <TextLine id="tr_2_tl_64" custom="readingOrder {index:63;}">
                <Coords points="2697,2503 3235,2507 3235,2454 2697,2457"/>
                <Baseline points="2705,2493 2731,2493 2758,2493 2785,2493 2811,2493 2838,2493 2865,2493 2891,2493 2918,2493 2945,2493 2972,2493 2998,2493 3025,2493 3052,2493 3078,2493 3105,2493 3132,2493 3158,2493 3185,2493 3212,2493 3239,2494"/>
                <Word id="tr_2_tl_64_w1" custom="readingOrder {index:0;}">
                    <Coords points="2697,2453 2697,2513 2832,2513 2832,2453"/>
                    <TextEquiv>
                        <Unicode>denheit</Unicode>
                    </TextEquiv>
                </Word>
                <Word id="tr_2_tl_64_w2" custom="readingOrder {index:1;}">
                    <Coords points="2854,2453 2854,2513 2913,2513 2913,2453"/>
                    <TextEquiv>
                        <Unicode>und</Unicode>
                    </TextEquiv>
                </Word>
                <Word id="tr_2_tl_64_w3" custom="readingOrder {index:2;}">
                    <Coords points="2941,2453 2941,2513 3228,2513 3228,2453"/>
                    <TextEquiv>
                        <Unicode>Selbstbeherrsc</Unicode>
                    </TextEquiv>
                </Word>
                <TextEquiv>
                    <Unicode>denheit und Selbstbeherrsc</Unicode>
                </TextEquiv>
            </TextLine>
            <TextLine id="tr_2_tl_65" custom="readingOrder {index:64;}">
                <Coords points="1573,2529 2629,2542 2629,2487 2584,2481 1573,2492"/>
                <Baseline points="1582,2526 1634,2523 1687,2523 1739,2523 1792,2523 1844,2523 1897,2525 1949,2526 2002,2523 2054,2526 2107,2524 2160,2526 2212,2524 2265,2525 2317,2526 2370,2523 2422,2523 2475,2523 2527,2521 2580,2520 2633,2523"/>
                <Word id="tr_2_tl_65_w1" custom="readingOrder {index:0;}">
                    <Coords points="1573,2483 1573,2543 1722,2543 1722,2483"/>
                    <TextEquiv>
                        <Unicode>zuhören</Unicode>
                    </TextEquiv>
                </Word>
                <Word id="tr_2_tl_65_w2" custom="readingOrder {index:1;}">
                    <Coords points="1759,2483 1759,2543 1821,2543 1821,2483"/>
                    <TextEquiv>
                        <Unicode>wie</Unicode>
                    </TextEquiv>
                </Word>
                <Word id="tr_2_tl_65_w3" custom="readingOrder {index:2;}">
                    <Coords points="1857,2484 1857,2544 1914,2544 1914,2484"/>
                    <TextEquiv>
                        <Unicode>er;</Unicode>
                    </TextEquiv>
                </Word>
                <Word id="tr_2_tl_65_w4" custom="readingOrder {index:3;}">
                    <Coords points="1940,2483 1940,2543 2043,2543 2043,2483"/>
                    <TextEquiv>
                        <Unicode>gerne</Unicode>
                    </TextEquiv>
                </Word>
                <Word id="tr_2_tl_65_w5" custom="readingOrder {index:4;}">
                    <Coords points="2075,2484 2075,2544 2136,2544 2136,2484"/>
                    <TextEquiv>
                        <Unicode>und</Unicode>
                    </TextEquiv>
                </Word>
                <Word id="tr_2_tl_65_w6" custom="readingOrder {index:5;}">
                    <Coords points="2173,2484 2173,2544 2333,2544 2333,2484"/>
                    <TextEquiv>
                        <Unicode>dankbar</Unicode>
                    </TextEquiv>
                </Word>
                <Word id="tr_2_tl_65_w7" custom="readingOrder {index:6;}">
                    <Coords points="2364,2483 2364,2543 2452,2543 2452,2483"/>
                    <TextEquiv>
                        <Unicode>nahm</Unicode>
                    </TextEquiv>
                </Word>
                <Word id="tr_2_tl_65_w8" custom="readingOrder {index:7;}">
                    <Coords points="2499,2481 2499,2541 2534,2541 2534,2481"/>
                    <TextEquiv>
                        <Unicode>er</Unicode>
                    </TextEquiv>
                </Word>
                <Word id="tr_2_tl_65_w9" custom="readingOrder {index:8;}">
                    <Coords points="2561,2480 2561,2540 2628,2540 2628,2480"/>
                    <TextEquiv>
                        <Unicode>Be¬</Unicode>
                    </TextEquiv>
                </Word>
                <TextEquiv>
                    <Unicode>zuhören wie er; gerne und dankbar nahm er Be¬</Unicode>
                </TextEquiv>
            </TextLine>
            <TextLine id="tr_2_tl_66" custom="readingOrder {index:65;}">
                <Coords points="2684,2558 2843,2550 2897,2573 3235,2550 3235,2513 3192,2504 2882,2516 2684,2495"/>
                <Baseline points="2693,2544 2720,2544 2747,2544 2774,2544 2802,2544 2829,2544 2856,2546 2884,2547 2911,2545 2938,2544 2966,2544 2993,2544 3020,2544 3047,2544 3075,2544 3102,2544 3129,2544 3157,2544 3184,2544 3211,2544 3239,2543"/>
                <Word id="tr_2_tl_66_w1" custom="readingOrder {index:0;}">
                    <Coords points="2691,2504 2691,2564 2748,2564 2748,2504"/>
                    <TextEquiv>
                        <Unicode>lich</Unicode>
                    </TextEquiv>
                </Word>
                <Word id="tr_2_tl_66_w2" custom="readingOrder {index:1;}">
                    <Coords points="2778,2504 2778,2564 2870,2564 2870,2504"/>
                    <TextEquiv>
                        <Unicode>sein,</Unicode>
                    </TextEquiv>
                </Word>
                <Word id="tr_2_tl_66_w3" custom="readingOrder {index:2;}">
                    <Coords points="2888,2504 2888,2564 2941,2564 2941,2504"/>
                    <TextEquiv>
                        <Unicode>ihn</Unicode>
                    </TextEquiv>
                </Word>
                <Word id="tr_2_tl_66_w4" custom="readingOrder {index:3;}">
                    <Coords points="2970,2504 2970,2564 3103,2564 3103,2504"/>
                    <TextEquiv>
                        <Unicode>Freund</Unicode>
                    </TextEquiv>
                </Word>
                <Word id="tr_2_tl_66_w5" custom="readingOrder {index:4;}">
                    <Coords points="3134,2504 3134,2564 3237,2564 3237,2504"/>
                    <TextEquiv>
                        <Unicode>nenne</Unicode>
                    </TextEquiv>
                </Word>
                <TextEquiv>
                    <Unicode>lich sein, ihn Freund nenne</Unicode>
                </TextEquiv>
            </TextLine>
            <TextLine id="tr_2_tl_67" custom="readingOrder {index:66;}">
                <Coords points="1579,2584 2640,2579 2620,2524 2501,2553 1579,2530"/>
                <Baseline points="1588,2574 1640,2574 1693,2575 1746,2575 1798,2574 1851,2574 1904,2574 1956,2574 2009,2574 2062,2574 2115,2574 2167,2574 2220,2574 2273,2576 2325,2574 2378,2574 2431,2574 2483,2574 2536,2571 2589,2573 2642,2574"/>
                <Word id="tr_2_tl_67_w1" custom="readingOrder {index:0;}">
                    <Coords points="1574,2534 1574,2594 1711,2594 1711,2534"/>
                    <TextEquiv>
                        <Unicode>lehrung</Unicode>
                    </TextEquiv>
                </Word>
                <Word id="tr_2_tl_67_w2" custom="readingOrder {index:1;}">
                    <Coords points="1749,2534 1749,2594 1838,2594 1838,2534"/>
                    <TextEquiv>
                        <Unicode>über</Unicode>
                    </TextEquiv>
                </Word>
                <Word id="tr_2_tl_67_w3" custom="readingOrder {index:2;}">
                    <Coords points="1871,2534 1871,2594 2018,2594 2018,2534"/>
                    <TextEquiv>
                        <Unicode>jüdische</Unicode>
                    </TextEquiv>
                </Word>
                <Word id="tr_2_tl_67_w4" custom="readingOrder {index:3;}">
                    <Coords points="2056,2534 2056,2594 2167,2594 2167,2534"/>
                    <TextEquiv>
                        <Unicode>Dinge</Unicode>
                    </TextEquiv>
                </Word>
                <Word id="tr_2_tl_67_w5" custom="readingOrder {index:4;}">
                    <Coords points="2199,2534 2199,2594 2262,2594 2262,2534"/>
                    <TextEquiv>
                        <Unicode>an,</Unicode>
                    </TextEquiv>
                </Word>
                <Word id="tr_2_tl_67_w6" custom="readingOrder {index:5;}">
                    <Coords points="2284,2534 2284,2594 2336,2594 2336,2534"/>
                    <TextEquiv>
                        <Unicode>die</Unicode>
                    </TextEquiv>
                </Word>
                <Word id="tr_2_tl_67_w7" custom="readingOrder {index:6;}">
                    <Coords points="2390,2534 2390,2594 2447,2594 2447,2534"/>
                    <TextEquiv>
                        <Unicode>ihm</Unicode>
                    </TextEquiv>
                </Word>
                <Word id="tr_2_tl_67_w8" custom="readingOrder {index:7;}">
                    <Coords points="2512,2532 2512,2592 2622,2592 2622,2532"/>
                    <TextEquiv>
                        <Unicode>fremd</Unicode>
                    </TextEquiv>
                </Word>
                <TextEquiv>
                    <Unicode>lehrung über jüdische Dinge an, die ihm fremd</Unicode>
                </TextEquiv>
            </TextLine>
            <TextLine id="tr_2_tl_68" custom="readingOrder {index:67;}">
                <Coords points="2790,2619 3016,2633 3235,2619 3235,2567 3207,2561 3148,2582 3091,2555 3044,2556 3001,2581 2978,2561 2869,2574 2790,2559"/>
                <Baseline points="2798,2610 2823,2610 2849,2610 2875,2610 2901,2610 2927,2610 2953,2612 2979,2613 3005,2613 3031,2613 3057,2613 3083,2613 3109,2613 3135,2613 3161,2612 3187,2610 3213,2611 3239,2612"/>
                <Word id="tr_2_tl_68_w1" custom="readingOrder {index:0;}">
                    <Coords points="2786,2570 2786,2630 2867,2630 2867,2570"/>
                    <TextEquiv>
                        <Unicode>War</Unicode>
                    </TextEquiv>
                </Word>
                <Word id="tr_2_tl_68_w2" custom="readingOrder {index:1;}">
                    <Coords points="2895,2570 2895,2630 2928,2630 2928,2570"/>
                    <TextEquiv>
                        <Unicode>er</Unicode>
                    </TextEquiv>
                </Word>
                <Word id="tr_2_tl_68_w3" custom="readingOrder {index:2;}">
                    <Coords points="2964,2573 2964,2633 3045,2633 3045,2573"/>
                    <TextEquiv>
                        <Unicode>auch</Unicode>
                    </TextEquiv>
                </Word>
                <Word id="tr_2_tl_68_w4" custom="readingOrder {index:3;}">
                    <Coords points="3080,2573 3080,2633 3154,2633 3154,2573"/>
                    <TextEquiv>
                        <Unicode>kein</Unicode>
                    </TextEquiv>
                </Word>
                <Word id="tr_2_tl_68_w5" custom="readingOrder {index:4;}">
                    <Coords points="3190,2571 3190,2631 3236,2631 3236,2571"/>
                    <TextEquiv>
                        <Unicode>Di</Unicode>
                    </TextEquiv>
                </Word>
                <TextEquiv>
                    <Unicode>War er auch kein Di</Unicode>
                </TextEquiv>
            </TextLine>
            <TextLine id="tr_2_tl_69" custom="readingOrder {index:68;}">
                <Coords points="1588,2628 2642,2637 2600,2577 1588,2590"/>
                <Baseline points="1597,2622 1649,2622 1701,2625 1754,2625 1806,2623 1859,2622 1911,2625 1963,2625 2016,2625 2068,2625 2121,2625 2173,2625 2225,2625 2278,2625 2330,2624 2383,2624 2435,2625 2487,2625 2540,2622 2592,2623 2645,2622"/>
                <Word id="tr_2_tl_69_w1" custom="readingOrder {index:0;}">
                    <Coords points="1583,2582 1583,2642 1715,2642 1715,2582"/>
                    <TextEquiv>
                        <Unicode>waren.</Unicode>
                    </TextEquiv>
                </Word>
                <Word id="tr_2_tl_69_w2" custom="readingOrder {index:1;}">
                    <Coords points="1743,2584 1743,2644 1814,2644 1814,2584"/>
                    <TextEquiv>
                        <Unicode>Das</Unicode>
                    </TextEquiv>
                </Word>
                <Word id="tr_2_tl_69_w3" custom="readingOrder {index:2;}">
                    <Coords points="1854,2584 1854,2644 1964,2644 1964,2584"/>
                    <TextEquiv>
                        <Unicode>wenig</Unicode>
                    </TextEquiv>
                </Word>
                <Word id="tr_2_tl_69_w4" custom="readingOrder {index:3;}">
                    <Coords points="2003,2585 2003,2645 2186,2645 2186,2585"/>
                    <TextEquiv>
                        <Unicode>beachtete</Unicode>
                    </TextEquiv>
                </Word>
                <Word id="tr_2_tl_69_w5" custom="readingOrder {index:4;}">
                    <Coords points="2225,2584 2225,2644 2391,2644 2391,2584"/>
                    <TextEquiv>
                        <Unicode>Büchlein</Unicode>
                    </TextEquiv>
                </Word>
                <Word id="tr_2_tl_69_w6" custom="readingOrder {index:5;}">
                    <Coords points="2430,2584 2430,2644 2556,2644 2556,2584"/>
                    <TextEquiv>
                        <Unicode>„Geist</Unicode>
                    </TextEquiv>
                </Word>
                <Word id="tr_2_tl_69_w7" custom="readingOrder {index:6;}">
                    <Coords points="2590,2582 2590,2642 2611,2642 2611,2582"/>
                    <TextEquiv>
                        <Unicode>im</Unicode>
                    </TextEquiv>
                </Word>
                <TextEquiv>
                    <Unicode>waren. Das wenig beachtete Büchlein „Geist im</Unicode>
                </TextEquiv>
            </TextLine>
            <TextLine id="tr_2_tl_70" custom="readingOrder {index:69;}">
                <Coords points="2697,2666 2957,2686 3064,2660 3142,2681 3239,2671 3239,2620 3220,2617 3004,2639 2923,2617 2697,2629"/>
                <Baseline points="2705,2660 2732,2660 2759,2661 2786,2662 2813,2662 2841,2660 2868,2660 2895,2660 2922,2660 2949,2660 2977,2660 3004,2660 3031,2660 3058,2660 3085,2661 3113,2663 3140,2661 3167,2660 3194,2660 3221,2665 3243,2663"/>
                <Word id="tr_2_tl_70_w1" custom="readingOrder {index:0;}">
                    <Coords points="2692,2620 2692,2680 2764,2680 2764,2620"/>
                    <TextEquiv>
                        <Unicode>war</Unicode>
                    </TextEquiv>
                </Word>
                <Word id="tr_2_tl_70_w2" custom="readingOrder {index:1;}">
                    <Coords points="2793,2621 2793,2681 2854,2681 2854,2621"/>
                    <TextEquiv>
                        <Unicode>und</Unicode>
                    </TextEquiv>
                </Word>
                <Word id="tr_2_tl_70_w3" custom="readingOrder {index:2;}">
                    <Coords points="2883,2620 2883,2680 2972,2680 2972,2620"/>
                    <TextEquiv>
                        <Unicode>blieb</Unicode>
                    </TextEquiv>
                </Word>
                <Word id="tr_2_tl_70_w4" custom="readingOrder {index:3;}">
                    <Coords points="3006,2620 3006,2680 3045,2680 3045,2620"/>
                    <TextEquiv>
                        <Unicode>er</Unicode>
                    </TextEquiv>
                </Word>
                <Word id="tr_2_tl_70_w5" custom="readingOrder {index:4;}">
                    <Coords points="3068,2621 3068,2681 3118,2681 3118,2621"/>
                    <TextEquiv>
                        <Unicode>bis</Unicode>
                    </TextEquiv>
                </Word>
                <Word id="tr_2_tl_70_w6" custom="readingOrder {index:5;}">
                    <Coords points="3147,2620 3147,2680 3186,2680 3186,2620"/>
                    <TextEquiv>
                        <Unicode>an</Unicode>
                    </TextEquiv>
                </Word>
                <Word id="tr_2_tl_70_w7" custom="readingOrder {index:6;}">
                    <Coords points="3214,2624 3214,2684 3230,2684 3230,2624"/>
                    <TextEquiv>
                        <Unicode>s</Unicode>
                    </TextEquiv>
                </Word>
                <TextEquiv>
                    <Unicode>war und blieb er bis an s</Unicode>
                </TextEquiv>
            </TextLine>
            <TextLine id="tr_2_tl_71" custom="readingOrder {index:70;}">
                <Coords points="1588,2680 2639,2689 2639,2639 2544,2625 1588,2631"/>
                <Baseline points="1597,2672 1649,2672 1701,2672 1753,2672 1806,2672 1858,2672 1910,2672 1962,2672 2015,2672 2067,2673 2119,2675 2171,2675 2224,2672 2276,2672 2328,2672 2380,2672 2433,2672 2485,2672 2537,2672 2589,2669 2642,2672"/>
                <Word id="tr_2_tl_71_w1" custom="readingOrder {index:0;}">
                    <Coords points="1583,2632 1583,2692 1682,2692 1682,2632"/>
                    <TextEquiv>
                        <Unicode>Wort</Unicode>
                    </TextEquiv>
                </Word>
                <Word id="tr_2_tl_71_w2" custom="readingOrder {index:1;}">
                    <Coords points="1709,2632 1709,2692 1767,2692 1767,2632"/>
                    <TextEquiv>
                        <Unicode>und</Unicode>
                    </TextEquiv>
                </Word>
                <Word id="tr_2_tl_71_w3" custom="readingOrder {index:2;}">
                    <Coords points="1804,2632 1804,2692 1904,2692 1904,2632"/>
                    <TextEquiv>
                        <Unicode>Wort</Unicode>
                    </TextEquiv>
                </Word>
                <Word id="tr_2_tl_71_w4" custom="readingOrder {index:3;}">
                    <Coords points="1931,2632 1931,2692 1956,2692 1956,2632"/>
                    <TextEquiv>
                        <Unicode>im</Unicode>
                    </TextEquiv>
                </Word>
                <Word id="tr_2_tl_71_w5" custom="readingOrder {index:4;}">
                    <Coords points="1999,2632 1999,2692 2115,2692 2115,2632"/>
                    <TextEquiv>
                        <Unicode>Geist“</Unicode>
                    </TextEquiv>
                </Word>
                <Word id="tr_2_tl_71_w6" custom="readingOrder {index:5;}">
                    <Coords points="2147,2633 2147,2693 2241,2693 2241,2633"/>
                    <TextEquiv>
                        <Unicode>zeigt</Unicode>
                    </TextEquiv>
                </Word>
                <Word id="tr_2_tl_71_w7" custom="readingOrder {index:6;}">
                    <Coords points="2268,2632 2268,2692 2336,2692 2336,2632"/>
                    <TextEquiv>
                        <Unicode>sein</Unicode>
                    </TextEquiv>
                </Word>
                <Word id="tr_2_tl_71_w8" custom="readingOrder {index:7;}">
                    <Coords points="2368,2632 2368,2692 2505,2692 2505,2632"/>
                    <TextEquiv>
                        <Unicode>ernstes</Unicode>
                    </TextEquiv>
                </Word>
                <Word id="tr_2_tl_71_w9" custom="readingOrder {index:8;}">
                    <Coords points="2532,2629 2532,2689 2631,2689 2631,2629"/>
                    <TextEquiv>
                        <Unicode>Stre¬</Unicode>
                    </TextEquiv>
                </Word>
                <TextEquiv>
                    <Unicode>Wort und Wort im Geist“ zeigt sein ernstes Stre¬</Unicode>
                </TextEquiv>
            </TextLine>
            <TextLine id="tr_2_tl_72" custom="readingOrder {index:71;}">
                <Coords points="2688,2718 2770,2733 3236,2721 3236,2669 3215,2663 3140,2680 2833,2683 2782,2660 2755,2683 2688,2677"/>
                <Baseline points="2696,2711 2723,2712 2750,2711 2777,2711 2804,2711 2831,2711 2858,2711 2886,2711 2913,2711 2940,2711 2967,2711 2994,2711 3021,2711 3048,2711 3076,2711 3103,2711 3130,2711 3157,2711 3184,2711 3211,2711 3239,2710"/>
                <Word id="tr_2_tl_72_w1" custom="readingOrder {index:0;}">
                    <Coords points="2689,2671 2689,2731 2749,2731 2749,2671"/>
                    <TextEquiv>
                        <Unicode>nes</Unicode>
                    </TextEquiv>
                </Word>
                <Word id="tr_2_tl_72_w2" custom="readingOrder {index:1;}">
                    <Coords points="2772,2671 2772,2731 2938,2731 2938,2671"/>
                    <TextEquiv>
                        <Unicode>Herzens</Unicode>
                    </TextEquiv>
                </Word>
                <Word id="tr_2_tl_72_w3" custom="readingOrder {index:2;}">
                    <Coords points="2967,2671 2967,2731 3027,2731 3027,2671"/>
                    <TextEquiv>
                        <Unicode>und</Unicode>
                    </TextEquiv>
                </Word>
                <Word id="tr_2_tl_72_w4" custom="readingOrder {index:3;}">
                    <Coords points="3062,2671 3062,2731 3178,2731 3178,2671"/>
                    <TextEquiv>
                        <Unicode>seiner</Unicode>
                    </TextEquiv>
                </Word>
                <Word id="tr_2_tl_72_w5" custom="readingOrder {index:4;}">
                    <Coords points="3206,2671 3206,2731 3216,2731 3216,2671"/>
                    <TextEquiv>
                        <Unicode>S</Unicode>
                    </TextEquiv>
                </Word>
                <TextEquiv>
                    <Unicode>nes Herzens und seiner S</Unicode>
                </TextEquiv>
            </TextLine>
            <TextLine id="tr_2_tl_73" custom="readingOrder {index:72;}">
                <Coords points="1582,2727 2633,2733 2633,2684 2581,2677 1582,2675"/>
                <Baseline points="1591,2723 1643,2723 1695,2723 1747,2723 1800,2723 1852,2723 1904,2723 1956,2723 2009,2723 2061,2723 2113,2723 2165,2723 2218,2723 2270,2723 2322,2723 2374,2723 2427,2723 2479,2723 2531,2723 2583,2721 2636,2720"/>
                <Word id="tr_2_tl_73_w1" custom="readingOrder {index:0;}">
                    <Coords points="1582,2683 1582,2743 1638,2743 1638,2683"/>
                    <TextEquiv>
                        <Unicode>ben</Unicode>
                    </TextEquiv>
                </Word>
                <Word id="tr_2_tl_73_w2" custom="readingOrder {index:1;}">
                    <Coords points="1669,2683 1669,2743 1752,2743 1752,2683"/>
                    <TextEquiv>
                        <Unicode>nach</Unicode>
                    </TextEquiv>
                </Word>
                <Word id="tr_2_tl_73_w3" custom="readingOrder {index:2;}">
                    <Coords points="1784,2683 1784,2743 1912,2743 1912,2683"/>
                    <TextEquiv>
                        <Unicode>System</Unicode>
                    </TextEquiv>
                </Word>
                <Word id="tr_2_tl_73_w4" custom="readingOrder {index:3;}">
                    <Coords points="1954,2683 1954,2743 2015,2743 2015,2683"/>
                    <TextEquiv>
                        <Unicode>und</Unicode>
                    </TextEquiv>
                </Word>
                <Word id="tr_2_tl_73_w5" custom="readingOrder {index:4;}">
                    <Coords points="2042,2683 2042,2743 2150,2743 2150,2683"/>
                    <TextEquiv>
                        <Unicode>Logik</Unicode>
                    </TextEquiv>
                </Word>
                <Word id="tr_2_tl_73_w6" custom="readingOrder {index:5;}">
                    <Coords points="2182,2683 2182,2743 2207,2743 2207,2683"/>
                    <TextEquiv>
                        <Unicode>im</Unicode>
                    </TextEquiv>
                </Word>
                <Word id="tr_2_tl_73_w7" custom="readingOrder {index:6;}">
                    <Coords points="2254,2683 2254,2743 2512,2743 2512,2683"/>
                    <TextEquiv>
                        <Unicode>menschlichen</Unicode>
                    </TextEquiv>
                </Word>
                <Word id="tr_2_tl_73_w8" custom="readingOrder {index:7;}">
                    <Coords points="2539,2680 2539,2740 2631,2740 2631,2680"/>
                    <TextEquiv>
                        <Unicode>Den¬</Unicode>
                    </TextEquiv>
                </Word>
                <TextEquiv>
                    <Unicode>ben nach System und Logik im menschlichen Den¬</Unicode>
                </TextEquiv>
            </TextLine>
            <TextLine id="tr_2_tl_74" custom="readingOrder {index:73;}">
                <Coords points="2691,2766 2801,2781 3012,2762 3053,2791 3120,2767 3175,2788 3239,2769 3239,2718 2769,2732 2691,2717"/>
                <Baseline points="2699,2762 2726,2762 2753,2762 2780,2760 2807,2759 2834,2759 2861,2759 2889,2759 2916,2759 2943,2760 2970,2762 2997,2760 3024,2760 3051,2761 3079,2762 3106,2762 3133,2762 3160,2761 3187,2760 3214,2759 3242,2759"/>
                <Word id="tr_2_tl_74_w1" custom="readingOrder {index:0;}">
                    <Coords points="2686,2719 2686,2779 2985,2779 2985,2719"/>
                    <TextEquiv>
                        <Unicode>österreichische</Unicode>
                    </TextEquiv>
                </Word>
                <Word id="tr_2_tl_74_w2" custom="readingOrder {index:1;}">
                    <Coords points="3015,2722 3015,2782 3164,2782 3164,2722"/>
                    <TextEquiv>
                        <Unicode>Dichter</Unicode>
                    </TextEquiv>
                </Word>
                <Word id="tr_2_tl_74_w3" custom="readingOrder {index:2;}">
                    <Coords points="3194,2719 3194,2779 3241,2779 3241,2719"/>
                    <TextEquiv>
                        <Unicode>wi</Unicode>
                    </TextEquiv>
                </Word>
                <TextEquiv>
                    <Unicode>österreichische Dichter wi</Unicode>
                </TextEquiv>
            </TextLine>
            <TextLine id="tr_2_tl_75" custom="readingOrder {index:74;}">
                <Coords points="1573,2781 2639,2782 2639,2733 2565,2727 1573,2727"/>
                <Baseline points="1582,2774 1635,2771 1688,2773 1741,2774 1794,2771 1847,2773 1900,2772 1953,2774 2006,2774 2059,2771 2112,2771 2165,2771 2218,2773 2271,2774 2324,2771 2377,2774 2430,2774 2483,2773 2536,2771 2589,2771 2642,2771"/>
                <Word id="tr_2_tl_75_w1" custom="readingOrder {index:0;}">
                    <Coords points="1573,2731 1573,2791 1662,2791 1662,2731"/>
                    <TextEquiv>
                        <Unicode>ken,</Unicode>
                    </TextEquiv>
                </Word>
                <Word id="tr_2_tl_75_w2" custom="readingOrder {index:1;}">
                    <Coords points="1683,2733 1683,2793 1764,2793 1764,2733"/>
                    <TextEquiv>
                        <Unicode>nach</Unicode>
                    </TextEquiv>
                </Word>
                <Word id="tr_2_tl_75_w3" custom="readingOrder {index:2;}">
                    <Coords points="1800,2732 1800,2792 2016,2792 2016,2732"/>
                    <TextEquiv>
                        <Unicode>Einordnung</Unicode>
                    </TextEquiv>
                </Word>
                <Word id="tr_2_tl_75_w4" custom="readingOrder {index:3;}">
                    <Coords points="2052,2731 2052,2791 2112,2791 2112,2731"/>
                    <TextEquiv>
                        <Unicode>der</Unicode>
                    </TextEquiv>
                </Word>
                <Word id="tr_2_tl_75_w5" custom="readingOrder {index:4;}">
                    <Coords points="2143,2733 2143,2793 2319,2793 2319,2733"/>
                    <TextEquiv>
                        <Unicode>wahrhaft</Unicode>
                    </TextEquiv>
                </Word>
                <Word id="tr_2_tl_75_w6" custom="readingOrder {index:5;}">
                    <Coords points="2345,2732 2345,2792 2627,2792 2627,2732"/>
                    <TextEquiv>
                        <Unicode>schöpferischen</Unicode>
                    </TextEquiv>
                </Word>
                <TextEquiv>
                    <Unicode>ken, nach Einordnung der wahrhaft schöpferischen</Unicode>
                </TextEquiv>
            </TextLine>
            <TextLine id="tr_2_tl_76" custom="readingOrder {index:75;}">
                <Coords points="2688,2840 2717,2824 2750,2836 2790,2816 3058,2822 3058,2791 3009,2769 2799,2781 2689,2767"/>
                <Baseline points="2696,2816 2722,2813 2748,2813 2774,2813 2800,2812 2826,2811 2852,2811 2878,2813 2904,2811 2930,2810 2956,2810 2982,2810 3008,2810 3034,2810 3061,2810"/>
                <Word id="tr_2_tl_76_w1" custom="readingOrder {index:0;}">
                    <Coords points="2688,2773 2688,2833 2783,2833 2783,2773"/>
                    <TextEquiv>
                        <Unicode>nicht</Unicode>
                    </TextEquiv>
                </Word>
                <Word id="tr_2_tl_76_w2" custom="readingOrder {index:1;}">
                    <Coords points="2811,2770 2811,2830 3045,2830 3045,2770"/>
                    <TextEquiv>
                        <Unicode>verkleinert.</Unicode>
                    </TextEquiv>
                </Word>
                <TextEquiv>
                    <Unicode>nicht verkleinert.</Unicode>
                </TextEquiv>
            </TextLine>
            <TextLine id="tr_2_tl_77" custom="readingOrder {index:76;}">
                <Coords points="1582,2827 2636,2837 2636,2791 2568,2778 1582,2779"/>
                <Baseline points="1591,2822 1643,2822 1695,2822 1748,2822 1800,2822 1853,2822 1905,2822 1957,2822 2010,2822 2062,2822 2115,2822 2167,2822 2219,2822 2272,2822 2324,2822 2377,2822 2429,2822 2481,2822 2534,2822 2586,2820 2639,2822"/>
                <Word id="tr_2_tl_77_w1" custom="readingOrder {index:0;}">
                    <Coords points="1582,2782 1582,2842 1853,2842 1853,2782"/>
                    <TextEquiv>
                        <Unicode>Geistesarbeit,</Unicode>
                    </TextEquiv>
                </Word>
                <Word id="tr_2_tl_77_w2" custom="readingOrder {index:1;}">
                    <Coords points="1879,2782 1879,2842 1944,2842 1944,2782"/>
                    <TextEquiv>
                        <Unicode>der</Unicode>
                    </TextEquiv>
                </Word>
                <Word id="tr_2_tl_77_w3" custom="readingOrder {index:2;}">
                    <Coords points="1975,2782 1975,2842 2241,2842 2241,2782"/>
                    <TextEquiv>
                        <Unicode>konstruktiven</Unicode>
                    </TextEquiv>
                </Word>
                <Word id="tr_2_tl_77_w4" custom="readingOrder {index:3;}">
                    <Coords points="2282,2782 2282,2842 2342,2842 2342,2782"/>
                    <TextEquiv>
                        <Unicode>und</Unicode>
                    </TextEquiv>
                </Word>
                <Word id="tr_2_tl_77_w5" custom="readingOrder {index:4;}">
                    <Coords points="2383,2782 2383,2842 2624,2842 2624,2782"/>
                    <TextEquiv>
                        <Unicode>destruktiven</Unicode>
                    </TextEquiv>
                </Word>
                <TextEquiv>
                    <Unicode>Geistesarbeit, der konstruktiven und destruktiven</Unicode>
                </TextEquiv>
            </TextLine>
            <TextLine id="tr_2_tl_78" custom="readingOrder {index:77;}">
                <Coords points="2781,2885 2909,2874 3070,2900 3125,2879 3238,2903 3238,2819 3116,2834 3065,2813 3012,2828 2955,2817 2879,2848 2837,2816 2781,2822"/>
                <Baseline points="2789,2866 2814,2866 2839,2866 2864,2868 2889,2869 2914,2869 2940,2870 2965,2872 2990,2871 3015,2869 3040,2869 3065,2869 3091,2871 3116,2871 3141,2870 3166,2870 3191,2872 3216,2871 3242,2869"/>
                <Word id="tr_2_tl_78_w1" custom="readingOrder {index:0;}">
                    <Coords points="2785,2826 2785,2886 2856,2886 2856,2826"/>
                    <TextEquiv>
                        <Unicode>Wir</Unicode>
                    </TextEquiv>
                </Word>
                <Word id="tr_2_tl_78_w2" custom="readingOrder {index:1;}">
                    <Coords points="2886,2829 2886,2889 2986,2889 2986,2829"/>
                    <TextEquiv>
                        <Unicode>sollen</Unicode>
                    </TextEquiv>
                </Word>
                <Word id="tr_2_tl_78_w3" custom="readingOrder {index:2;}">
                    <Coords points="3023,2829 3023,2889 3094,2889 3094,2829"/>
                    <TextEquiv>
                        <Unicode>sein</Unicode>
                    </TextEquiv>
                </Word>
                <Word id="tr_2_tl_78_w4" custom="readingOrder {index:3;}">
                    <Coords points="3124,2830 3124,2890 3217,2890 3217,2830"/>
                    <TextEquiv>
                        <Unicode>Ande</Unicode>
                    </TextEquiv>
                </Word>
                <TextEquiv>
                    <Unicode>Wir sollen sein Ande</Unicode>
                </TextEquiv>
            </TextLine>
            <TextLine id="tr_2_tl_79" custom="readingOrder {index:78;}">
                <Coords points="1576,2888 2642,2886 2642,2837 2584,2828 1576,2827"/>
                <Baseline points="1585,2872 1638,2870 1691,2872 1744,2872 1797,2872 1850,2872 1903,2872 1956,2872 2009,2872 2062,2872 2115,2872 2168,2872 2221,2873 2274,2874 2327,2872 2380,2872 2433,2872 2486,2872 2539,2872 2592,2871 2645,2872"/>
                <Word id="tr_2_tl_79_w1" custom="readingOrder {index:0;}">
                    <Coords points="1577,2831 1577,2891 1757,2891 1757,2831"/>
                    <TextEquiv>
                        <Unicode>Elemente</Unicode>
                    </TextEquiv>
                </Word>
                <Word id="tr_2_tl_79_w2" custom="readingOrder {index:1;}">
                    <Coords points="1786,2832 1786,2892 2153,2892 2153,2832"/>
                    <TextEquiv>
                        <Unicode>schriftstellerischer</Unicode>
                    </TextEquiv>
                </Word>
                <Word id="tr_2_tl_79_w3" custom="readingOrder {index:2;}">
                    <Coords points="2176,2833 2176,2893 2357,2893 2357,2833"/>
                    <TextEquiv>
                        <Unicode>Tätigkeit</Unicode>
                    </TextEquiv>
                </Word>
                <Word id="tr_2_tl_79_w4" custom="readingOrder {index:3;}">
                    <Coords points="2374,2832 2374,2892 2402,2892 2402,2832"/>
                    <TextEquiv>
                        <Unicode>in</Unicode>
                    </TextEquiv>
                </Word>
                <Word id="tr_2_tl_79_w5" custom="readingOrder {index:4;}">
                    <Coords points="2431,2832 2431,2892 2628,2892 2628,2832"/>
                    <TextEquiv>
                        <Unicode>bestimmte</Unicode>
                    </TextEquiv>
                </Word>
                <TextEquiv>
                    <Unicode>Elemente schriftstellerischer Tätigkeit in bestimmte</Unicode>
                </TextEquiv>
            </TextLine>
            <TextLine id="tr_2_tl_80" custom="readingOrder {index:79;}">
                <Coords points="3146,2947 3161,2943 3171,2949 3178,2941 3186,2941 3192,2946 3203,2946 3226,2966 3241,2966 3242,2908 3213,2902 3194,2892 3180,2895 3172,2891 3168,2895 3155,2883 3148,2883"/>
                <Baseline points="3156,2932 3186,2930 3216,2929 3246,2929"/>
                <TextEquiv>
                    <Unicode></Unicode>
                </TextEquiv>
            </TextLine>
            <TextLine id="tr_2_tl_81" custom="readingOrder {index:80;}">
                <Coords points="1594,2958 2571,2946 2562,2903 1594,2902"/>
                <Baseline points="1603,2938 1651,2935 1700,2935 1748,2935 1797,2935 1845,2935 1894,2935 1942,2935 1991,2935 2039,2935 2088,2935 2137,2936 2185,2937 2234,2935 2282,2935 2331,2935 2379,2935 2428,2933 2476,2932 2525,2932 2574,2932"/>
                <Word id="tr_2_tl_81_w1" custom="readingOrder {index:0;}">
                    <Coords points="1592,2895 1592,2955 2555,2955 2555,2895"/>
                    <TextEquiv>
                        <Unicode>e</Unicode>
                    </TextEquiv>
                </Word>
                <TextEquiv>
                    <Unicode>e</Unicode>
                </TextEquiv>
            </TextLine>
            <TextLine id="tr_2_tl_82" custom="readingOrder {index:81;}">
                <Coords points="2015,3074 3244,3074 3213,2976 2015,2992"/>
                <Baseline points="2024,3058 2085,3053 2146,3055 2207,3058 2268,3058 2329,3060 2390,3061 2451,3058 2512,3058 2573,3060 2635,3056 2696,3058 2757,3059 2818,3058 2879,3058 2940,3056 3001,3058 3062,3055 3123,3055 3184,3055 3246,3052"/>
                <Word id="tr_2_tl_82_w1" custom="readingOrder {index:0;}">
                    <Coords points="2026,3020 2026,3080 2681,3080 2681,3020"/>
                    <TextEquiv>
                        <Unicode>Deutschland</Unicode>
                    </TextEquiv>
                </Word>
                <Word id="tr_2_tl_82_w2" custom="readingOrder {index:1;}">
                    <Coords points="2760,3017 2760,3077 3196,3077 3196,3017"/>
                    <TextEquiv>
                        <Unicode>erwache</Unicode>
                    </TextEquiv>
                </Word>
                <TextEquiv>
                    <Unicode>Deutschland erwache</Unicode>
                </TextEquiv>
            </TextLine>
            <TextLine id="tr_2_tl_83" custom="readingOrder {index:82;}">
                <Coords points="2694,3139 3235,3131 3235,3070 3206,3065 3018,3090 2819,3071 2694,3087"/>
                <Baseline points="2702,3126 2728,3126 2755,3125 2782,3123 2809,3123 2836,3123 2863,3123 2889,3123 2916,3123 2943,3123 2970,3123 2997,3123 3024,3123 3051,3123 3077,3123 3104,3123 3131,3125 3158,3125 3185,3123 3212,3124 3239,3125"/>
                <Word id="tr_2_tl_83_w1" custom="readingOrder {index:0;}">
                    <Coords points="2696,3083 2696,3143 2880,3143 2880,3083"/>
                    <TextEquiv>
                        <Unicode>schrecken</Unicode>
                    </TextEquiv>
                </Word>
                <Word id="tr_2_tl_83_w2" custom="readingOrder {index:1;}">
                    <Coords points="2945,3083 2945,3143 3027,3143 3027,3083"/>
                    <TextEquiv>
                        <Unicode>ange</Unicode>
                    </TextEquiv>
                </Word>
                <Word id="tr_2_tl_83_w3" custom="readingOrder {index:2;}">
                    <Coords points="3047,3085 3047,3145 3225,3145 3225,3085"/>
                    <TextEquiv>
                        <Unicode>wuchsen.</Unicode>
                    </TextEquiv>
                </Word>
                <TextEquiv>
                    <Unicode>schrecken ange wuchsen.</Unicode>
                </TextEquiv>
            </TextLine>
            <TextLine id="tr_2_tl_84" custom="readingOrder {index:83;}">
                <Coords points="1672,3140 2634,3135 2634,3082 1672,3079"/>
                <Baseline points="1681,3123 1728,3123 1776,3126 1824,3124 1872,3126 1919,3126 1967,3126 2015,3126 2063,3126 2110,3126 2158,3124 2206,3125 2254,3126 2301,3126 2349,3126 2397,3126 2445,3126 2492,3123 2540,3123 2588,3124 2636,3126"/>
                <Word id="tr_2_tl_84_w1" custom="readingOrder {index:0;}">
                    <Coords points="1672,3086 1672,3146 2154,3146 2154,3086"/>
                    <TextEquiv>
                        <Unicode>Viele-Kriegsteilnehmer—</Unicode>
                    </TextEquiv>
                </Word>
                <Word id="tr_2_tl_84_w2" custom="readingOrder {index:1;}">
                    <Coords points="2186,3085 2186,3145 2293,3145 2293,3085"/>
                    <TextEquiv>
                        <Unicode>haben</Unicode>
                    </TextEquiv>
                </Word>
                <Word id="tr_2_tl_84_w3" custom="readingOrder {index:2;}">
                    <Coords points="2330,3086 2330,3146 2550,3146 2550,3086"/>
                    <TextEquiv>
                        <Unicode>erschüttert</Unicode>
                    </TextEquiv>
                </Word>
                <Word id="tr_2_tl_84_w4" custom="readingOrder {index:3;}">
                    <Coords points="2577,3084 2577,3144 2633,3144 2633,3084"/>
                    <TextEquiv>
                        <Unicode>er¬</Unicode>
                    </TextEquiv>
                </Word>
                <TextEquiv>
                    <Unicode>Viele-Kriegsteilnehmer— haben erschüttert er¬</Unicode>
                </TextEquiv>
            </TextLine>
            <TextLine id="tr_2_tl_85" custom="readingOrder {index:84;}">
                <Coords points="2694,3183 3134,3184 3161,3212 3235,3203 3235,3131 2694,3140"/>
                <Baseline points="2702,3174 2728,3174 2755,3174 2782,3174 2809,3174 2836,3174 2863,3174 2889,3174 2916,3174 2943,3174 2970,3174 2997,3174 3024,3174 3051,3174 3077,3174 3104,3174 3131,3172 3158,3172 3185,3174 3212,3173 3239,3172"/>
                <Word id="tr_2_tl_85_w1" custom="readingOrder {index:0;}">
                    <Coords points="2695,3134 2695,3194 2794,3194 2794,3134"/>
                    <TextEquiv>
                        <Unicode>schem</Unicode>
                    </TextEquiv>
                </Word>
                <Word id="tr_2_tl_85_w2" custom="readingOrder {index:1;}">
                    <Coords points="2841,3134 2841,3194 2898,3194 2898,3134"/>
                    <TextEquiv>
                        <Unicode>und</Unicode>
                    </TextEquiv>
                </Word>
                <Word id="tr_2_tl_85_w3" custom="readingOrder {index:2;}">
                    <Coords points="2929,3134 2929,3194 3098,3194 3098,3134"/>
                    <TextEquiv>
                        <Unicode>geistigem</Unicode>
                    </TextEquiv>
                </Word>
                <Word id="tr_2_tl_85_w4" custom="readingOrder {index:3;}">
                    <Coords points="3145,3133 3145,3193 3231,3193 3231,3133"/>
                    <TextEquiv>
                        <Unicode>Gebi</Unicode>
                    </TextEquiv>
                </Word>
                <TextEquiv>
                    <Unicode>schem und geistigem Gebi</Unicode>
                </TextEquiv>
            </TextLine>
            <TextLine id="tr_2_tl_86" custom="readingOrder {index:85;}">
                <Coords points="1582,3183 2639,3189 2622,3131 1701,3155 1582,3122"/>
                <Baseline points="1591,3174 1643,3174 1696,3177 1748,3176 1801,3174 1853,3177 1906,3174 1958,3177 2011,3177 2063,3177 2116,3177 2169,3177 2221,3174 2274,3178 2326,3179 2379,3177 2431,3177 2484,3177 2536,3177 2589,3175 2642,3174"/>
                <Word id="tr_2_tl_86_w1" custom="readingOrder {index:0;}">
                    <Coords points="1582,3134 1582,3194 1671,3194 1671,3134"/>
                    <TextEquiv>
                        <Unicode>leben</Unicode>
                    </TextEquiv>
                </Word>
                <Word id="tr_2_tl_86_w2" custom="readingOrder {index:1;}">
                    <Coords points="1709,3134 1709,3194 1872,3194 1872,3134"/>
                    <TextEquiv>
                        <Unicode>müssen,</Unicode>
                    </TextEquiv>
                </Word>
                <Word id="tr_2_tl_86_w3" custom="readingOrder {index:2;}">
                    <Coords points="1894,3135 1894,3195 1956,3195 1956,3135"/>
                    <TextEquiv>
                        <Unicode>daß</Unicode>
                    </TextEquiv>
                </Word>
                <Word id="tr_2_tl_86_w4" custom="readingOrder {index:3;}">
                    <Coords points="1989,3137 1989,3197 2189,3197 2189,3137"/>
                    <TextEquiv>
                        <Unicode>furchtbare</Unicode>
                    </TextEquiv>
                </Word>
                <Word id="tr_2_tl_86_w5" custom="readingOrder {index:4;}">
                    <Coords points="2221,3138 2221,3198 2421,3198 2421,3138"/>
                    <TextEquiv>
                        <Unicode>Ereignisse</Unicode>
                    </TextEquiv>
                </Word>
                <Word id="tr_2_tl_86_w6" custom="readingOrder {index:5;}">
                    <Coords points="2474,3137 2474,3197 2516,3197 2516,3137"/>
                    <TextEquiv>
                        <Unicode>an</Unicode>
                    </TextEquiv>
                </Word>
                <Word id="tr_2_tl_86_w7" custom="readingOrder {index:6;}">
                    <Coords points="2569,3134 2569,3194 2632,3194 2632,3134"/>
                    <TextEquiv>
                        <Unicode>der</Unicode>
                    </TextEquiv>
                </Word>
                <TextEquiv>
                    <Unicode>leben müssen, daß furchtbare Ereignisse an der</Unicode>
                </TextEquiv>
            </TextLine>
            <TextLine id="tr_2_tl_87" custom="readingOrder {index:86;}">
                <Coords points="2700,3238 3119,3236 3132,3184 2906,3184 2883,3198 2701,3184"/>
                <Baseline points="2708,3222 2733,3222 2758,3222 2783,3224 2808,3225 2833,3225 2858,3225 2883,3225 2908,3225 2934,3225 2959,3223 2984,3222 3009,3222 3034,3222 3059,3222 3084,3222 3109,3222 3135,3222"/>
                <Word id="tr_2_tl_87_w1" custom="readingOrder {index:0;}">
                    <Coords points="2700,3183 2700,3243 2861,3243 2861,3183"/>
                    <TextEquiv>
                        <Unicode>wicklung</Unicode>
                    </TextEquiv>
                </Word>
                <Word id="tr_2_tl_87_w2" custom="readingOrder {index:1;}">
                    <Coords points="2897,3182 2897,3242 3125,3242 3125,3182"/>
                    <TextEquiv>
                        <Unicode>bemerkbar.</Unicode>
                    </TextEquiv>
                </Word>
                <TextEquiv>
                    <Unicode>wicklung bemerkbar.</Unicode>
                </TextEquiv>
            </TextLine>
            <TextLine id="tr_2_tl_88" custom="readingOrder {index:87;}">
                <Coords points="1582,3235 2636,3230 2636,3194 2567,3175 1582,3184"/>
                <Baseline points="1591,3225 1643,3225 1695,3226 1748,3226 1800,3225 1853,3225 1905,3225 1957,3225 2010,3225 2062,3227 2115,3228 2167,3225 2219,3225 2272,3226 2324,3227 2377,3227 2429,3226 2481,3225 2534,3225 2586,3225 2639,3225"/>
                <Word id="tr_2_tl_88_w1" custom="readingOrder {index:0;}">
                    <Coords points="1582,3185 1582,3245 1697,3245 1697,3185"/>
                    <TextEquiv>
                        <Unicode>Front,</Unicode>
                    </TextEquiv>
                </Word>
                <Word id="tr_2_tl_88_w2" custom="readingOrder {index:1;}">
                    <Coords points="1723,3185 1723,3245 1946,3245 1946,3185"/>
                    <TextEquiv>
                        <Unicode>persönliche</Unicode>
                    </TextEquiv>
                </Word>
                <Word id="tr_2_tl_88_w3" custom="readingOrder {index:2;}">
                    <Coords points="1982,3187 1982,3247 2254,3247 2254,3187"/>
                    <TextEquiv>
                        <Unicode>erschütternde</Unicode>
                    </TextEquiv>
                </Word>
                <Word id="tr_2_tl_88_w4" custom="readingOrder {index:3;}">
                    <Coords points="2291,3186 2291,3246 2493,3246 2493,3186"/>
                    <TextEquiv>
                        <Unicode>Erlebnisse</Unicode>
                    </TextEquiv>
                </Word>
                <Word id="tr_2_tl_88_w5" custom="readingOrder {index:4;}">
                    <Coords points="2549,3185 2549,3245 2634,3245 2634,3185"/>
                    <TextEquiv>
                        <Unicode>oder</Unicode>
                    </TextEquiv>
                </Word>
                <TextEquiv>
                    <Unicode>Front, persönliche erschütternde Erlebnisse oder</Unicode>
                </TextEquiv>
            </TextLine>
            <TextLine id="tr_2_tl_89" custom="readingOrder {index:88;}">
                <Coords points="2778,3281 2847,3298 2886,3278 2981,3293 3065,3275 3184,3288 3206,3273 3235,3290 3236,3224 2778,3230"/>
                <Baseline points="2786,3276 2811,3273 2836,3273 2861,3273 2886,3273 2911,3273 2937,3273 2962,3273 2987,3273 3012,3273 3037,3271 3062,3270 3088,3270 3113,3271 3138,3272 3163,3273 3188,3273 3213,3273 3239,3272"/>
                <Word id="tr_2_tl_89_w1" custom="readingOrder {index:0;}">
                    <Coords points="2779,3233 2779,3293 2960,3293 2960,3233"/>
                    <TextEquiv>
                        <Unicode>Zunächst</Unicode>
                    </TextEquiv>
                </Word>
                <Word id="tr_2_tl_89_w2" custom="readingOrder {index:1;}">
                    <Coords points="2983,3232 2983,3292 3046,3292 3046,3232"/>
                    <TextEquiv>
                        <Unicode>mit</Unicode>
                    </TextEquiv>
                </Word>
                <Word id="tr_2_tl_89_w3" custom="readingOrder {index:2;}">
                    <Coords points="3069,3231 3069,3291 3170,3291 3170,3231"/>
                    <TextEquiv>
                        <Unicode>tiefem</Unicode>
                    </TextEquiv>
                </Word>
                <Word id="tr_2_tl_89_w4" custom="readingOrder {index:3;}">
                    <Coords points="3211,3232 3211,3292 3227,3292 3227,3232"/>
                    <TextEquiv>
                        <Unicode>E</Unicode>
                    </TextEquiv>
                </Word>
                <TextEquiv>
                    <Unicode>Zunächst mit tiefem E</Unicode>
                </TextEquiv>
            </TextLine>
            <TextLine id="tr_2_tl_90" custom="readingOrder {index:89;}">
                <Coords points="1582,3284 2639,3285 2639,3247 2525,3224 1582,3236"/>
                <Baseline points="1591,3276 1643,3275 1696,3276 1748,3276 1801,3276 1853,3275 1906,3273 1958,3273 2011,3276 2063,3279 2116,3276 2169,3276 2221,3274 2274,3273 2326,3276 2379,3276 2431,3276 2484,3275 2536,3273 2589,3273 2642,3273"/>
                <Word id="tr_2_tl_90_w1" custom="readingOrder {index:0;}">
                    <Coords points="1582,3235 1582,3295 1751,3295 1751,3235"/>
                    <TextEquiv>
                        <Unicode>seelische</Unicode>
                    </TextEquiv>
                </Word>
                <Word id="tr_2_tl_90_w2" custom="readingOrder {index:1;}">
                    <Coords points="1783,3233 1783,3293 2102,3293 2102,3233"/>
                    <TextEquiv>
                        <Unicode>Erschütterungen</Unicode>
                    </TextEquiv>
                </Word>
                <Word id="tr_2_tl_90_w3" custom="readingOrder {index:2;}">
                    <Coords points="2138,3236 2138,3296 2200,3296 2200,3236"/>
                    <TextEquiv>
                        <Unicode>das</Unicode>
                    </TextEquiv>
                </Word>
                <Word id="tr_2_tl_90_w4" custom="readingOrder {index:3;}">
                    <Coords points="2236,3236 2236,3296 2416,3296 2416,3236"/>
                    <TextEquiv>
                        <Unicode>Willens-,</Unicode>
                    </TextEquiv>
                </Word>
                <Word id="tr_2_tl_90_w5" custom="readingOrder {index:4;}">
                    <Coords points="2463,3233 2463,3293 2632,3293 2632,3233"/>
                    <TextEquiv>
                        <Unicode>Verstan¬</Unicode>
                    </TextEquiv>
                </Word>
                <TextEquiv>
                    <Unicode>seelische Erschütterungen das Willens-, Verstan¬</Unicode>
                </TextEquiv>
            </TextLine>
            <TextLine id="tr_2_tl_91" custom="readingOrder {index:90;}">
                <Coords points="2691,3331 2807,3345 3067,3322 3163,3342 3239,3328 3241,3288 2891,3279 2848,3304 2770,3270 2738,3290 2692,3279"/>
                <Baseline points="2699,3323 2726,3323 2753,3323 2780,3323 2807,3323 2835,3323 2862,3323 2889,3323 2916,3323 2943,3323 2971,3323 2998,3323 3025,3322 3052,3320 3079,3320 3107,3320 3134,3322 3161,3322 3188,3320 3215,3320 3243,3323"/>
                <Word id="tr_2_tl_91_w1" custom="readingOrder {index:0;}">
                    <Coords points="2686,3283 2686,3343 2844,3343 2844,3283"/>
                    <TextEquiv>
                        <Unicode>sorgnis,</Unicode>
                    </TextEquiv>
                </Word>
                <Word id="tr_2_tl_91_w2" custom="readingOrder {index:1;}">
                    <Coords points="2865,3283 2865,3343 2951,3343 2951,3283"/>
                    <TextEquiv>
                        <Unicode>dann</Unicode>
                    </TextEquiv>
                </Word>
                <Word id="tr_2_tl_91_w3" custom="readingOrder {index:2;}">
                    <Coords points="2983,3282 2983,3342 3049,3342 3049,3282"/>
                    <TextEquiv>
                        <Unicode>mit</Unicode>
                    </TextEquiv>
                </Word>
                <Word id="tr_2_tl_91_w4" custom="readingOrder {index:3;}">
                    <Coords points="3075,3282 3075,3342 3239,3342 3239,3282"/>
                    <TextEquiv>
                        <Unicode>wachser</Unicode>
                    </TextEquiv>
                </Word>
                <TextEquiv>
                    <Unicode>sorgnis, dann mit wachser</Unicode>
                </TextEquiv>
            </TextLine>
            <TextLine id="tr_2_tl_92" custom="readingOrder {index:91;}">
                <Coords points="1579,3330 2636,3345 2636,3288 2590,3279 1579,3284"/>
                <Baseline points="1588,3323 1640,3321 1693,3323 1745,3326 1798,3323 1850,3323 1903,3323 1955,3323 2008,3326 2060,3323 2113,3325 2166,3323 2218,3323 2271,3323 2323,3323 2376,3323 2428,3325 2481,3323 2533,3323 2586,3323 2639,3320"/>
                <Word id="tr_2_tl_92_w1" custom="readingOrder {index:0;}">
                    <Coords points="1579,3281 1579,3341 1663,3341 1663,3281"/>
                    <TextEquiv>
                        <Unicode>des-</Unicode>
                    </TextEquiv>
                </Word>
                <Word id="tr_2_tl_92_w2" custom="readingOrder {index:1;}">
                    <Coords points="1689,3284 1689,3344 1754,3344 1754,3284"/>
                    <TextEquiv>
                        <Unicode>und</Unicode>
                    </TextEquiv>
                </Word>
                <Word id="tr_2_tl_92_w3" custom="readingOrder {index:2;}">
                    <Coords points="1790,3283 1790,3343 2030,3343 2030,3283"/>
                    <TextEquiv>
                        <Unicode>Gefühlsleben</Unicode>
                    </TextEquiv>
                </Word>
                <Word id="tr_2_tl_92_w4" custom="readingOrder {index:3;}">
                    <Coords points="2071,3284 2071,3344 2126,3344 2126,3284"/>
                    <TextEquiv>
                        <Unicode>des</Unicode>
                    </TextEquiv>
                </Word>
                <Word id="tr_2_tl_92_w5" custom="readingOrder {index:4;}">
                    <Coords points="2162,3283 2162,3343 2353,3343 2353,3283"/>
                    <TextEquiv>
                        <Unicode>Menschen</Unicode>
                    </TextEquiv>
                </Word>
                <Word id="tr_2_tl_92_w6" custom="readingOrder {index:5;}">
                    <Coords points="2389,3284 2389,3344 2478,3344 2478,3284"/>
                    <TextEquiv>
                        <Unicode>stark</Unicode>
                    </TextEquiv>
                </Word>
                <Word id="tr_2_tl_92_w7" custom="readingOrder {index:6;}">
                    <Coords points="2519,3283 2519,3343 2634,3343 2634,3283"/>
                    <TextEquiv>
                        <Unicode>beein¬</Unicode>
                    </TextEquiv>
                </Word>
                <TextEquiv>
                    <Unicode>des- und Gefühlsleben des Menschen stark beein¬</Unicode>
                </TextEquiv>
            </TextLine>
            <TextLine id="tr_2_tl_93" custom="readingOrder {index:92;}">
                <Coords points="2694,3382 3239,3388 3239,3330 3094,3327 3065,3345 3028,3327 2847,3345 2694,3330"/>
                <Baseline points="2702,3374 2729,3372 2756,3371 2783,3371 2810,3371 2837,3371 2864,3373 2891,3373 2918,3372 2945,3371 2972,3371 2999,3371 3026,3371 3053,3371 3080,3371 3107,3371 3134,3371 3161,3371 3188,3371 3215,3371 3243,3374"/>
                <Word id="tr_2_tl_93_w1" custom="readingOrder {index:0;}">
                    <Coords points="2694,3331 2694,3391 2881,3391 2881,3331"/>
                    <TextEquiv>
                        <Unicode>schämung</Unicode>
                    </TextEquiv>
                </Word>
                <Word id="tr_2_tl_93_w2" custom="readingOrder {index:1;}">
                    <Coords points="2913,3331 2913,3391 2960,3391 2960,3331"/>
                    <TextEquiv>
                        <Unicode>ist</Unicode>
                    </TextEquiv>
                </Word>
                <Word id="tr_2_tl_93_w3" custom="readingOrder {index:2;}">
                    <Coords points="2986,3331 2986,3391 3049,3391 3049,3331"/>
                    <TextEquiv>
                        <Unicode>der</Unicode>
                    </TextEquiv>
                </Word>
                <Word id="tr_2_tl_93_w4" custom="readingOrder {index:3;}">
                    <Coords points="3097,3331 3097,3391 3127,3391 3127,3331"/>
                    <TextEquiv>
                        <Unicode>in</Unicode>
                    </TextEquiv>
                </Word>
                <Word id="tr_2_tl_93_w5" custom="readingOrder {index:4;}">
                    <Coords points="3180,3331 3180,3391 3242,3391 3242,3331"/>
                    <TextEquiv>
                        <Unicode>gei</Unicode>
                    </TextEquiv>
                </Word>
                <TextEquiv>
                    <Unicode>schämung ist der in gei</Unicode>
                </TextEquiv>
            </TextLine>
            <TextLine id="tr_2_tl_94" custom="readingOrder {index:93;}">
                <Coords points="1588,3386 2642,3375 2642,3343 2562,3327 2281,3357 1588,3334"/>
                <Baseline points="1597,3377 1649,3374 1701,3374 1754,3374 1806,3374 1859,3374 1911,3374 1963,3374 2016,3374 2068,3374 2121,3377 2173,3376 2225,3376 2278,3375 2330,3374 2383,3374 2435,3374 2487,3374 2540,3374 2592,3374 2645,3368"/>
                <Word id="tr_2_tl_94_w1" custom="readingOrder {index:0;}">
                    <Coords points="1583,3334 1583,3394 1735,3394 1735,3334"/>
                    <TextEquiv>
                        <Unicode>flußten:</Unicode>
                    </TextEquiv>
                </Word>
                <Word id="tr_2_tl_94_w2" custom="readingOrder {index:1;}">
                    <Coords points="1757,3334 1757,3394 1884,3394 1884,3334"/>
                    <TextEquiv>
                        <Unicode>völlige</Unicode>
                    </TextEquiv>
                </Word>
                <Word id="tr_2_tl_94_w3" custom="readingOrder {index:2;}">
                    <Coords points="1916,3334 1916,3394 2243,3394 2243,3334"/>
                    <TextEquiv>
                        <Unicode>Gefühlslosigkeit,</Unicode>
                    </TextEquiv>
                </Word>
                <Word id="tr_2_tl_94_w4" custom="readingOrder {index:3;}">
                    <Coords points="2281,3334 2281,3394 2497,3394 2497,3334"/>
                    <TextEquiv>
                        <Unicode>zeitweilige</Unicode>
                    </TextEquiv>
                </Word>
                <Word id="tr_2_tl_94_w5" custom="readingOrder {index:4;}">
                    <Coords points="2545,3334 2545,3394 2634,3394 2634,3334"/>
                    <TextEquiv>
                        <Unicode>Aus¬</Unicode>
                    </TextEquiv>
                </Word>
                <TextEquiv>
                    <Unicode>flußten: völlige Gefühlslosigkeit, zeitweilige Aus¬</Unicode>
                </TextEquiv>
            </TextLine>
            <TextLine id="tr_2_tl_95" custom="readingOrder {index:94;}">
                <Coords points="2691,3434 3235,3427 3235,3383 3175,3374 2691,3386"/>
                <Baseline points="2699,3422 2726,3422 2753,3422 2780,3422 2807,3422 2834,3422 2861,3422 2888,3422 2915,3422 2942,3422 2969,3422 2996,3422 3023,3422 3050,3422 3077,3421 3104,3419 3131,3421 3158,3421 3185,3419 3212,3419 3239,3419"/>
                <Word id="tr_2_tl_95_w1" custom="readingOrder {index:0;}">
                    <Coords points="2691,3382 2691,3442 2964,3442 2964,3382"/>
                    <TextEquiv>
                        <Unicode>Selbstprüfung</Unicode>
                    </TextEquiv>
                </Word>
                <Word id="tr_2_tl_95_w2" custom="readingOrder {index:1;}">
                    <Coords points="3014,3381 3014,3441 3101,3441 3101,3381"/>
                    <TextEquiv>
                        <Unicode>groß</Unicode>
                    </TextEquiv>
                </Word>
                <Word id="tr_2_tl_95_w3" custom="readingOrder {index:2;}">
                    <Coords points="3156,3379 3156,3439 3221,3439 3221,3379"/>
                    <TextEquiv>
                        <Unicode>gew</Unicode>
                    </TextEquiv>
                </Word>
                <TextEquiv>
                    <Unicode>Selbstprüfung groß gew</Unicode>
                </TextEquiv>
            </TextLine>
            <TextLine id="tr_2_tl_96" custom="readingOrder {index:95;}">
                <Coords points="1588,3437 2645,3443 2645,3391 2574,3380 1588,3386"/>
                <Baseline points="1597,3425 1649,3425 1702,3425 1754,3428 1807,3424 1859,3422 1912,3422 1964,3424 2017,3425 2069,3425 2122,3425 2175,3425 2227,3425 2280,3423 2332,3422 2385,3425 2437,3425 2490,3425 2542,3425 2595,3423 2648,3422"/>
                <Word id="tr_2_tl_96_w1" custom="readingOrder {index:0;}">
                    <Coords points="1583,3385 1583,3445 1760,3445 1760,3385"/>
                    <TextEquiv>
                        <Unicode>schaltung</Unicode>
                    </TextEquiv>
                </Word>
                <Word id="tr_2_tl_96_w2" custom="readingOrder {index:1;}">
                    <Coords points="1796,3383 1796,3443 1856,3443 1856,3383"/>
                    <TextEquiv>
                        <Unicode>des</Unicode>
                    </TextEquiv>
                </Word>
                <Word id="tr_2_tl_96_w3" custom="readingOrder {index:2;}">
                    <Coords points="1887,3384 1887,3444 2120,3444 2120,3384"/>
                    <TextEquiv>
                        <Unicode>Verstandes,</Unicode>
                    </TextEquiv>
                </Word>
                <Word id="tr_2_tl_96_w4" custom="readingOrder {index:3;}">
                    <Coords points="2141,3384 2141,3444 2349,3444 2349,3384"/>
                    <TextEquiv>
                        <Unicode>gänzliches</Unicode>
                    </TextEquiv>
                </Word>
                <Word id="tr_2_tl_96_w5" custom="readingOrder {index:4;}">
                    <Coords points="2380,3385 2380,3445 2547,3445 2547,3385"/>
                    <TextEquiv>
                        <Unicode>Irresein.</Unicode>
                    </TextEquiv>
                </Word>
                <Word id="tr_2_tl_96_w6" custom="readingOrder {index:5;}">
                    <Coords points="2568,3382 2568,3442 2643,3442 2643,3382"/>
                    <TextEquiv>
                        <Unicode>Das</Unicode>
                    </TextEquiv>
                </Word>
                <TextEquiv>
                    <Unicode>schaltung des Verstandes, gänzliches Irresein. Das</Unicode>
                </TextEquiv>
            </TextLine>
            <TextLine id="tr_2_tl_97" custom="readingOrder {index:96;}">
                <Coords points="2697,3482 3218,3486 3238,3476 3239,3426 3024,3443 2698,3431"/>
                <Baseline points="2705,3473 2731,3471 2758,3470 2785,3470 2812,3470 2838,3470 2865,3470 2892,3470 2919,3470 2945,3470 2972,3470 2999,3470 3026,3470 3052,3470 3079,3470 3106,3470 3133,3468 3159,3468 3186,3469 3213,3470 3240,3470"/>
                <Word id="tr_2_tl_97_w1" custom="readingOrder {index:0;}">
                    <Coords points="2692,3430 2692,3490 2787,3490 2787,3430"/>
                    <TextEquiv>
                        <Unicode>eines</Unicode>
                    </TextEquiv>
                </Word>
                <Word id="tr_2_tl_97_w2" custom="readingOrder {index:1;}">
                    <Coords points="2818,3430 2818,3490 2990,3490 2990,3430"/>
                    <TextEquiv>
                        <Unicode>teilweise</Unicode>
                    </TextEquiv>
                </Word>
                <Word id="tr_2_tl_97_w3" custom="readingOrder {index:2;}">
                    <Coords points="3026,3430 3026,3490 3121,3490 3121,3430"/>
                    <TextEquiv>
                        <Unicode>mehr</Unicode>
                    </TextEquiv>
                </Word>
                <Word id="tr_2_tl_97_w4" custom="readingOrder {index:3;}">
                    <Coords points="3152,3428 3152,3488 3212,3488 3212,3428"/>
                    <TextEquiv>
                        <Unicode>und</Unicode>
                    </TextEquiv>
                </Word>
                <TextEquiv>
                    <Unicode>eines teilweise mehr und</Unicode>
                </TextEquiv>
            </TextLine>
            <TextLine id="tr_2_tl_98" custom="readingOrder {index:97;}">
                <Coords points="1585,3486 2639,3482 2629,3429 1585,3432"/>
                <Baseline points="1594,3476 1646,3475 1698,3476 1751,3473 1803,3473 1856,3473 1908,3473 1960,3473 2013,3473 2065,3473 2118,3473 2170,3473 2222,3473 2275,3473 2327,3473 2380,3473 2432,3475 2484,3473 2537,3473 2589,3473 2642,3473"/>
                <Word id="tr_2_tl_98_w1" custom="readingOrder {index:0;}">
                    <Coords points="1585,3435 1585,3495 1822,3495 1822,3435"/>
                    <TextEquiv>
                        <Unicode>unglückliche</Unicode>
                    </TextEquiv>
                </Word>
                <Word id="tr_2_tl_98_w2" custom="readingOrder {index:1;}">
                    <Coords points="1853,3433 1853,3493 1940,3493 1940,3433"/>
                    <TextEquiv>
                        <Unicode>Ende</Unicode>
                    </TextEquiv>
                </Word>
                <Word id="tr_2_tl_98_w3" custom="readingOrder {index:2;}">
                    <Coords points="1972,3433 1972,3493 2028,3493 2028,3433"/>
                    <TextEquiv>
                        <Unicode>des</Unicode>
                    </TextEquiv>
                </Word>
                <Word id="tr_2_tl_98_w4" custom="readingOrder {index:3;}">
                    <Coords points="2060,3433 2060,3493 2203,3493 2203,3433"/>
                    <TextEquiv>
                        <Unicode>Krieges</Unicode>
                    </TextEquiv>
                </Word>
                <Word id="tr_2_tl_98_w5" custom="readingOrder {index:4;}">
                    <Coords points="2235,3433 2235,3493 2291,3493 2291,3433"/>
                    <TextEquiv>
                        <Unicode>und</Unicode>
                    </TextEquiv>
                </Word>
                <Word id="tr_2_tl_98_w6" custom="readingOrder {index:5;}">
                    <Coords points="2323,3433 2323,3493 2420,3493 2420,3433"/>
                    <TextEquiv>
                        <Unicode>seine</Unicode>
                    </TextEquiv>
                </Word>
                <Word id="tr_2_tl_98_w7" custom="readingOrder {index:6;}">
                    <Coords points="2447,3433 2447,3493 2498,3493 2498,3433"/>
                    <TextEquiv>
                        <Unicode>bis</Unicode>
                    </TextEquiv>
                </Word>
                <Word id="tr_2_tl_98_w8" custom="readingOrder {index:7;}">
                    <Coords points="2524,3433 2524,3493 2549,3493 2549,3433"/>
                    <TextEquiv>
                        <Unicode>in</Unicode>
                    </TextEquiv>
                </Word>
                <Word id="tr_2_tl_98_w9" custom="readingOrder {index:8;}">
                    <Coords points="2581,3433 2581,3493 2632,3493 2632,3433"/>
                    <TextEquiv>
                        <Unicode>die</Unicode>
                    </TextEquiv>
                </Word>
                <TextEquiv>
                    <Unicode>unglückliche Ende des Krieges und seine bis in die</Unicode>
                </TextEquiv>
            </TextLine>
            <TextLine id="tr_2_tl_99" custom="readingOrder {index:98;}">
                <Coords points="2694,3531 3239,3530 3239,3476 3015,3475 2955,3495 2915,3475 2694,3482"/>
                <Baseline points="2702,3523 2729,3521 2756,3520 2783,3520 2810,3520 2837,3520 2864,3520 2891,3520 2918,3520 2945,3520 2972,3520 2999,3520 3026,3519 3053,3518 3080,3518 3107,3520 3134,3518 3161,3517 3188,3517 3215,3518 3243,3523"/>
                <Word id="tr_2_tl_99_w1" custom="readingOrder {index:0;}">
                    <Coords points="2694,3480 2694,3540 2942,3540 2942,3480"/>
                    <TextEquiv>
                        <Unicode>krankhatten,</Unicode>
                    </TextEquiv>
                </Word>
                <Word id="tr_2_tl_99_w2" custom="readingOrder {index:1;}">
                    <Coords points="2995,3478 2995,3538 3072,3538 3072,3478"/>
                    <TextEquiv>
                        <Unicode>teils</Unicode>
                    </TextEquiv>
                </Word>
                <Word id="tr_2_tl_99_w3" custom="readingOrder {index:2;}">
                    <Coords points="3109,3477 3109,3537 3232,3537 3232,3477"/>
                    <TextEquiv>
                        <Unicode>geschä</Unicode>
                    </TextEquiv>
                </Word>
                <TextEquiv>
                    <Unicode>krankhatten, teils geschä</Unicode>
                </TextEquiv>
            </TextLine>
            <TextLine id="tr_2_tl_100" custom="readingOrder {index:99;}">
                <Coords points="1588,3530 2639,3528 2639,3489 2585,3476 1588,3482"/>
                <Baseline points="1597,3520 1649,3523 1701,3523 1753,3523 1806,3523 1858,3523 1910,3523 1962,3523 2015,3523 2067,3523 2119,3523 2171,3523 2224,3523 2276,3523 2328,3523 2380,3523 2433,3523 2485,3523 2537,3523 2589,3523 2642,3523"/>
                <Word id="tr_2_tl_100_w1" custom="readingOrder {index:0;}">
                    <Coords points="1588,3483 1588,3543 1804,3543 1804,3483"/>
                    <TextEquiv>
                        <Unicode>Gegenwart</Unicode>
                    </TextEquiv>
                </Word>
                <Word id="tr_2_tl_100_w2" custom="readingOrder {index:1;}">
                    <Coords points="1824,3483 1824,3543 2153,3543 2153,3483"/>
                    <TextEquiv>
                        <Unicode>hineinreichenden</Unicode>
                    </TextEquiv>
                </Word>
                <Word id="tr_2_tl_100_w3" custom="readingOrder {index:2;}">
                    <Coords points="2184,3483 2184,3543 2405,3543 2405,3483"/>
                    <TextEquiv>
                        <Unicode>Nachwehen</Unicode>
                    </TextEquiv>
                </Word>
                <Word id="tr_2_tl_100_w4" custom="readingOrder {index:3;}">
                    <Coords points="2436,3483 2436,3543 2546,3543 2546,3483"/>
                    <TextEquiv>
                        <Unicode>haben</Unicode>
                    </TextEquiv>
                </Word>
                <Word id="tr_2_tl_100_w5" custom="readingOrder {index:4;}">
                    <Coords points="2577,3483 2577,3543 2632,3543 2632,3483"/>
                    <TextEquiv>
                        <Unicode>der</Unicode>
                    </TextEquiv>
                </Word>
                <TextEquiv>
                    <Unicode>Gegenwart hineinreichenden Nachwehen haben der</Unicode>
                </TextEquiv>
            </TextLine>
            <TextLine id="tr_2_tl_101" custom="readingOrder {index:100;}">
                <Coords points="2694,3579 3235,3577 3235,3538 3184,3522 3103,3539 2996,3521 2880,3542 2853,3524 2788,3544 2694,3530"/>
                <Baseline points="2702,3568 2728,3570 2755,3571 2782,3571 2809,3571 2836,3571 2863,3569 2889,3568 2916,3568 2943,3568 2970,3568 2997,3568 3024,3568 3051,3568 3077,3568 3104,3568 3131,3568 3158,3567 3185,3565 3212,3566 3239,3567"/>
                <Word id="tr_2_tl_101_w1" custom="readingOrder {index:0;}">
                    <Coords points="2694,3529 2694,3589 2761,3589 2761,3529"/>
                    <TextEquiv>
                        <Unicode>mus</Unicode>
                    </TextEquiv>
                </Word>
                <Word id="tr_2_tl_101_w2" custom="readingOrder {index:1;}">
                    <Coords points="2793,3528 2793,3588 3005,3588 3005,3528"/>
                    <TextEquiv>
                        <Unicode>geworden,</Unicode>
                    </TextEquiv>
                </Word>
                <Word id="tr_2_tl_101_w3" custom="readingOrder {index:2;}">
                    <Coords points="3026,3528 3026,3588 3083,3588 3083,3528"/>
                    <TextEquiv>
                        <Unicode>der</Unicode>
                    </TextEquiv>
                </Word>
                <Word id="tr_2_tl_101_w4" custom="readingOrder {index:3;}">
                    <Coords points="3109,3528 3109,3588 3135,3588 3135,3528"/>
                    <TextEquiv>
                        <Unicode>in</Unicode>
                    </TextEquiv>
                </Word>
                <Word id="tr_2_tl_101_w5" custom="readingOrder {index:4;}">
                    <Coords points="3172,3525 3172,3585 3233,3585 3233,3525"/>
                    <TextEquiv>
                        <Unicode>Ver</Unicode>
                    </TextEquiv>
                </Word>
                <TextEquiv>
                    <Unicode>mus geworden, der in Ver</Unicode>
                </TextEquiv>
            </TextLine>
            <TextLine id="tr_2_tl_102" custom="readingOrder {index:101;}">
                <Coords points="1585,3582 2646,3585 2646,3527 1585,3528"/>
                <Baseline points="1594,3574 1646,3572 1699,3573 1752,3574 1804,3574 1857,3573 1910,3571 1962,3571 2015,3571 2068,3574 2121,3574 2173,3574 2226,3574 2279,3574 2331,3574 2384,3571 2437,3571 2489,3572 2542,3572 2595,3571 2648,3568"/>
                <Word id="tr_2_tl_102_w1" custom="readingOrder {index:0;}">
                    <Coords points="1584,3534 1584,3594 1937,3594 1937,3534"/>
                    <TextEquiv>
                        <Unicode>Zerstörungsarbeit</Unicode>
                    </TextEquiv>
                </Word>
                <Word id="tr_2_tl_102_w2" custom="readingOrder {index:1;}">
                    <Coords points="1962,3531 1962,3591 2021,3591 2021,3531"/>
                    <TextEquiv>
                        <Unicode>der</Unicode>
                    </TextEquiv>
                </Word>
                <Word id="tr_2_tl_102_w3" custom="readingOrder {index:2;}">
                    <Coords points="2051,3534 2051,3594 2148,3594 2148,3534"/>
                    <TextEquiv>
                        <Unicode>Seele</Unicode>
                    </TextEquiv>
                </Word>
                <Word id="tr_2_tl_102_w4" custom="readingOrder {index:3;}">
                    <Coords points="2203,3534 2203,3594 2266,3594 2266,3534"/>
                    <TextEquiv>
                        <Unicode>und</Unicode>
                    </TextEquiv>
                </Word>
                <Word id="tr_2_tl_102_w5" custom="readingOrder {index:4;}">
                    <Coords points="2321,3532 2321,3592 2384,3592 2384,3532"/>
                    <TextEquiv>
                        <Unicode>des</Unicode>
                    </TextEquiv>
                </Word>
                <Word id="tr_2_tl_102_w6" custom="readingOrder {index:5;}">
                    <Coords points="2419,3532 2419,3592 2635,3592 2635,3532"/>
                    <TextEquiv>
                        <Unicode>Verstandes</Unicode>
                    </TextEquiv>
                </Word>
                <TextEquiv>
                    <Unicode>Zerstörungsarbeit der Seele und des Verstandes</Unicode>
                </TextEquiv>
            </TextLine>
            <TextLine id="tr_2_tl_103" custom="readingOrder {index:102;}">
                <Coords points="2694,3634 3204,3631 3191,3574 2880,3574 2859,3593 2694,3579"/>
                <Baseline points="2702,3622 2727,3619 2752,3619 2777,3619 2803,3619 2828,3619 2853,3619 2878,3619 2904,3619 2929,3619 2954,3619 2979,3619 3005,3619 3030,3619 3055,3619 3080,3619 3106,3619 3131,3619 3156,3619 3181,3618 3207,3616"/>
                <Word id="tr_2_tl_103_w1" custom="readingOrder {index:0;}">
                    <Coords points="2689,3579 2689,3639 2808,3639 2808,3579"/>
                    <TextEquiv>
                        <Unicode>Politik</Unicode>
                    </TextEquiv>
                </Word>
                <Word id="tr_2_tl_103_w2" custom="readingOrder {index:1;}">
                    <Coords points="2851,3579 2851,3639 2908,3639 2908,3579"/>
                    <TextEquiv>
                        <Unicode>die</Unicode>
                    </TextEquiv>
                </Word>
                <Word id="tr_2_tl_103_w3" custom="readingOrder {index:2;}">
                    <Coords points="2956,3579 2956,3639 3176,3639 3176,3579"/>
                    <TextEquiv>
                        <Unicode>sogenannte</Unicode>
                    </TextEquiv>
                </Word>
                <TextEquiv>
                    <Unicode>Politik die sogenannte</Unicode>
                </TextEquiv>
            </TextLine>
            <TextLine id="tr_2_tl_104" custom="readingOrder {index:103;}">
                <Coords points="1585,3631 2646,3631 2622,3579 1585,3580"/>
                <Baseline points="1594,3625 1646,3622 1699,3624 1752,3625 1804,3625 1857,3622 1910,3622 1962,3620 2015,3622 2068,3622 2121,3623 2173,3624 2226,3622 2279,3622 2331,3622 2384,3625 2437,3624 2489,3623 2542,3625 2595,3623 2648,3622"/>
                <Word id="tr_2_tl_104_w1" custom="readingOrder {index:0;}">
                    <Coords points="1585,3582 1585,3642 1703,3642 1703,3582"/>
                    <TextEquiv>
                        <Unicode>keinen</Unicode>
                    </TextEquiv>
                </Word>
                <Word id="tr_2_tl_104_w2" custom="readingOrder {index:1;}">
                    <Coords points="1735,3585 1735,3645 1873,3645 1873,3585"/>
                    <TextEquiv>
                        <Unicode>Einhalt</Unicode>
                    </TextEquiv>
                </Word>
                <Word id="tr_2_tl_104_w3" custom="readingOrder {index:2;}">
                    <Coords points="1900,3580 1900,3640 2055,3640 2055,3580"/>
                    <TextEquiv>
                        <Unicode>gebieten</Unicode>
                    </TextEquiv>
                </Word>
                <Word id="tr_2_tl_104_w4" custom="readingOrder {index:3;}">
                    <Coords points="2086,3583 2086,3643 2246,3643 2246,3583"/>
                    <TextEquiv>
                        <Unicode>können,</Unicode>
                    </TextEquiv>
                </Word>
                <Word id="tr_2_tl_104_w5" custom="readingOrder {index:4;}">
                    <Coords points="2267,3582 2267,3642 2292,3642 2292,3582"/>
                    <TextEquiv>
                        <Unicode>im</Unicode>
                    </TextEquiv>
                </Word>
                <Word id="tr_2_tl_104_w6" custom="readingOrder {index:5;}">
                    <Coords points="2335,3583 2335,3643 2541,3643 2541,3583"/>
                    <TextEquiv>
                        <Unicode>Gegenteil,</Unicode>
                    </TextEquiv>
                </Word>
                <Word id="tr_2_tl_104_w7" custom="readingOrder {index:6;}">
                    <Coords points="2583,3582 2583,3642 2634,3642 2634,3582"/>
                    <TextEquiv>
                        <Unicode>die</Unicode>
                    </TextEquiv>
                </Word>
                <TextEquiv>
                    <Unicode>keinen Einhalt gebieten können, im Gegenteil, die</Unicode>
                </TextEquiv>
            </TextLine>
            <TextLine id="tr_2_tl_105" custom="readingOrder {index:104;}">
                <Coords points="2694,3681 3238,3678 3238,3626 2694,3634"/>
                <Baseline points="2702,3670 2729,3670 2756,3670 2783,3670 2810,3670 2837,3670 2864,3670 2891,3669 2918,3668 2945,3667 2972,3667 2999,3667 3026,3667 3053,3667 3080,3667 3107,3667 3134,3667 3161,3667 3188,3667 3215,3666 3242,3664"/>
                <Word id="tr_2_tl_105_w1" custom="readingOrder {index:0;}">
                    <Coords points="2689,3630 2689,3690 2879,3690 2879,3630"/>
                    <TextEquiv>
                        <Unicode>deutschen</Unicode>
                    </TextEquiv>
                </Word>
                <Word id="tr_2_tl_105_w2" custom="readingOrder {index:1;}">
                    <Coords points="2917,3627 2917,3687 3044,3687 3044,3627"/>
                    <TextEquiv>
                        <Unicode>Volkes</Unicode>
                    </TextEquiv>
                </Word>
                <Word id="tr_2_tl_105_w3" custom="readingOrder {index:2;}">
                    <Coords points="3077,3627 3077,3687 3193,3687 3193,3627"/>
                    <TextEquiv>
                        <Unicode>erfaßt</Unicode>
                    </TextEquiv>
                </Word>
                <TextEquiv>
                    <Unicode>deutschen Volkes erfaßt</Unicode>
                </TextEquiv>
            </TextLine>
            <TextLine id="tr_2_tl_106" custom="readingOrder {index:105;}">
                <Coords points="1588,3687 2639,3672 2619,3625 1588,3631"/>
                <Baseline points="1597,3676 1649,3673 1701,3673 1753,3673 1806,3675 1858,3673 1910,3673 1962,3673 2015,3673 2067,3676 2119,3673 2171,3673 2224,3673 2276,3673 2328,3673 2380,3673 2433,3675 2485,3673 2537,3673 2589,3673 2642,3667"/>
                <Word id="tr_2_tl_106_w1" custom="readingOrder {index:0;}">
                    <Coords points="1582,3633 1582,3693 1783,3693 1783,3633"/>
                    <TextEquiv>
                        <Unicode>Neurosen,</Unicode>
                    </TextEquiv>
                </Word>
                <Word id="tr_2_tl_106_w2" custom="readingOrder {index:1;}">
                    <Coords points="1823,3633 1823,3693 1891,3693 1891,3633"/>
                    <TextEquiv>
                        <Unicode>wie</Unicode>
                    </TextEquiv>
                </Word>
                <Word id="tr_2_tl_106_w3" custom="readingOrder {index:2;}">
                    <Coords points="1941,3633 1941,3693 2004,3693 2004,3633"/>
                    <TextEquiv>
                        <Unicode>der</Unicode>
                    </TextEquiv>
                </Word>
                <Word id="tr_2_tl_106_w4" custom="readingOrder {index:3;}">
                    <Coords points="2049,3633 2049,3693 2245,3693 2245,3633"/>
                    <TextEquiv>
                        <Unicode>Mediziner</Unicode>
                    </TextEquiv>
                </Word>
                <Word id="tr_2_tl_106_w5" custom="readingOrder {index:4;}">
                    <Coords points="2289,3633 2289,3693 2392,3693 2392,3633"/>
                    <TextEquiv>
                        <Unicode>sagt,</Unicode>
                    </TextEquiv>
                </Word>
                <Word id="tr_2_tl_106_w6" custom="readingOrder {index:5;}">
                    <Coords points="2456,3633 2456,3693 2525,3693 2525,3633"/>
                    <TextEquiv>
                        <Unicode>sind</Unicode>
                    </TextEquiv>
                </Word>
                <Word id="tr_2_tl_106_w7" custom="readingOrder {index:6;}">
                    <Coords points="2579,3631 2579,3691 2633,3691 2633,3631"/>
                    <TextEquiv>
                        <Unicode>er¬</Unicode>
                    </TextEquiv>
                </Word>
                <TextEquiv>
                    <Unicode>Neurosen, wie der Mediziner sagt, sind er¬</Unicode>
                </TextEquiv>
            </TextLine>
            <TextLine id="tr_2_tl_107" custom="readingOrder {index:106;}">
                <Coords points="2691,3811 3235,3799 3235,3756 3157,3736 3083,3762 3059,3744 2873,3762 2691,3735"/>
                <Baseline points="2699,3795 2726,3795 2753,3795 2780,3795 2807,3795 2834,3795 2861,3795 2888,3795 2915,3795 2942,3795 2969,3795 2996,3795 3023,3795 3050,3795 3077,3795 3104,3795 3131,3795 3158,3795 3185,3795 3212,3795 3239,3794"/>
                <Word id="tr_2_tl_107_w1" custom="readingOrder {index:0;}">
                    <Coords points="2691,3755 2691,3815 2855,3815 2855,3755"/>
                    <TextEquiv>
                        <Unicode>Dichter“</Unicode>
                    </TextEquiv>
                </Word>
                <Word id="tr_2_tl_107_w2" custom="readingOrder {index:1;}">
                    <Coords points="2888,3755 2888,3815 3003,3815 3003,3755"/>
                    <TextEquiv>
                        <Unicode>dürfte</Unicode>
                    </TextEquiv>
                </Word>
                <Word id="tr_2_tl_107_w3" custom="readingOrder {index:2;}">
                    <Coords points="3036,3755 3036,3815 3068,3815 3068,3755"/>
                    <TextEquiv>
                        <Unicode>er</Unicode>
                    </TextEquiv>
                </Word>
                <Word id="tr_2_tl_107_w4" custom="readingOrder {index:3;}">
                    <Coords points="3097,3755 3097,3815 3194,3815 3194,3755"/>
                    <TextEquiv>
                        <Unicode>nicht</Unicode>
                    </TextEquiv>
                </Word>
                <Word id="tr_2_tl_107_w5" custom="readingOrder {index:4;}">
                    <Coords points="3217,3754 3217,3814 3232,3814 3232,3754"/>
                    <TextEquiv>
                        <Unicode>b</Unicode>
                    </TextEquiv>
                </Word>
                <TextEquiv>
                    <Unicode>Dichter“ dürfte er nicht b</Unicode>
                </TextEquiv>
            </TextLine>
            <TextLine id="tr_2_tl_108" custom="readingOrder {index:107;}">
                <Coords points="1663,3814 2622,3807 2622,3752 2573,3739 2342,3770 2133,3742 1916,3779 1663,3762"/>
                <Baseline points="1672,3804 1719,3804 1767,3804 1814,3804 1862,3801 1910,3804 1957,3801 2005,3801 2053,3801 2100,3801 2148,3801 2196,3801 2243,3801 2291,3801 2339,3801 2386,3801 2434,3801 2482,3801 2529,3801 2577,3798 2625,3795"/>
                <Word id="tr_2_tl_108_w1" custom="readingOrder {index:0;}">
                    <Coords points="1663,3764 1663,3824 1743,3824 1743,3764"/>
                    <TextEquiv>
                        <Unicode>Sind</Unicode>
                    </TextEquiv>
                </Word>
                <Word id="tr_2_tl_108_w2" custom="readingOrder {index:1;}">
                    <Coords points="1815,3762 1815,3822 1865,3822 1865,3762"/>
                    <TextEquiv>
                        <Unicode>die</Unicode>
                    </TextEquiv>
                </Word>
                <Word id="tr_2_tl_108_w3" custom="readingOrder {index:2;}">
                    <Coords points="1947,3761 1947,3821 2189,3821 2189,3761"/>
                    <TextEquiv>
                        <Unicode>romanhaften</Unicode>
                    </TextEquiv>
                </Word>
                <Word id="tr_2_tl_108_w4" custom="readingOrder {index:3;}">
                    <Coords points="2256,3761 2256,3821 2615,3821 2615,3761"/>
                    <TextEquiv>
                        <Unicode>„Reisebilder</Unicode>
                    </TextEquiv>
                </Word>
                <TextEquiv>
                    <Unicode>Sind die romanhaften „Reisebilder</Unicode>
                </TextEquiv>
            </TextLine>
            <TextLine id="tr_2_tl_109" custom="readingOrder {index:108;}">
                <Coords points="2700,3854 3241,3852 3241,3811 3154,3800 2700,3807"/>
                <Baseline points="2708,3843 2734,3845 2761,3845 2788,3844 2815,3843 2841,3843 2868,3845 2895,3846 2922,3846 2948,3846 2975,3846 3002,3844 3029,3843 3055,3845 3082,3845 3109,3843 3136,3843 3162,3843 3189,3843 3216,3845 3243,3849"/>
                <Word id="tr_2_tl_109_w1" custom="readingOrder {index:0;}">
                    <Coords points="2694,3804 2694,3864 2764,3864 2764,3804"/>
                    <TextEquiv>
                        <Unicode>war</Unicode>
                    </TextEquiv>
                </Word>
                <Word id="tr_2_tl_109_w2" custom="readingOrder {index:1;}">
                    <Coords points="2793,3806 2793,3866 3019,3866 3019,3806"/>
                    <TextEquiv>
                        <Unicode>vorwiegend</Unicode>
                    </TextEquiv>
                </Word>
                <Word id="tr_2_tl_109_w3" custom="readingOrder {index:2;}">
                    <Coords points="3052,3805 3052,3865 3099,3865 3099,3805"/>
                    <TextEquiv>
                        <Unicode>ein</Unicode>
                    </TextEquiv>
                </Word>
                <Word id="tr_2_tl_109_w4" custom="readingOrder {index:3;}">
                    <Coords points="3128,3803 3128,3863 3245,3863 3245,3803"/>
                    <TextEquiv>
                        <Unicode>deuts¬</Unicode>
                    </TextEquiv>
                </Word>
                <TextEquiv>
                    <Unicode>war vorwiegend ein deuts¬</Unicode>
                </TextEquiv>
            </TextLine>
            <TextLine id="tr_2_tl_110" custom="readingOrder {index:109;}">
                <Coords points="1579,3865 2640,3865 2622,3802 1579,3817"/>
                <Baseline points="1588,3855 1640,3855 1693,3855 1746,3855 1798,3858 1851,3854 1904,3852 1956,3852 2009,3852 2062,3852 2115,3852 2167,3851 2220,3849 2273,3851 2325,3852 2378,3849 2431,3851 2483,3850 2536,3852 2589,3850 2642,3849"/>
                <Word id="tr_2_tl_110_w1" custom="readingOrder {index:0;}">
                    <Coords points="1579,3815 1579,3875 1764,3875 1764,3815"/>
                    <TextEquiv>
                        <Unicode>Heines</Unicode>
                    </TextEquiv>
                </Word>
                <Word id="tr_2_tl_110_w2" custom="readingOrder {index:1;}">
                    <Coords points="1810,3812 1810,3872 1977,3872 1977,3812"/>
                    <TextEquiv>
                        <Unicode>jüdisch?</Unicode>
                    </TextEquiv>
                </Word>
                <Word id="tr_2_tl_110_w3" custom="readingOrder {index:2;}">
                    <Coords points="2023,3812 2023,3872 2098,3872 2098,3812"/>
                    <TextEquiv>
                        <Unicode>Wir</Unicode>
                    </TextEquiv>
                </Word>
                <Word id="tr_2_tl_110_w4" custom="readingOrder {index:3;}">
                    <Coords points="2139,3809 2139,3869 2275,3869 2275,3809"/>
                    <TextEquiv>
                        <Unicode>denken</Unicode>
                    </TextEquiv>
                </Word>
                <Word id="tr_2_tl_110_w5" custom="readingOrder {index:4;}">
                    <Coords points="2321,3809 2321,3869 2432,3869 2432,3809"/>
                    <TextEquiv>
                        <Unicode>dabei</Unicode>
                    </TextEquiv>
                </Word>
                <Word id="tr_2_tl_110_w6" custom="readingOrder {index:5;}">
                    <Coords points="2472,3810 2472,3870 2512,3870 2512,3810"/>
                    <TextEquiv>
                        <Unicode>an</Unicode>
                    </TextEquiv>
                </Word>
                <Word id="tr_2_tl_110_w7" custom="readingOrder {index:6;}">
                    <Coords points="2558,3809 2558,3869 2633,3869 2633,3809"/>
                    <TextEquiv>
                        <Unicode>jene</Unicode>
                    </TextEquiv>
                </Word>
                <TextEquiv>
                    <Unicode>Heines jüdisch? Wir denken dabei an jene</Unicode>
                </TextEquiv>
            </TextLine>
            <TextLine id="tr_2_tl_111" custom="readingOrder {index:110;}">
                <Coords points="2784,3900 2839,3917 2879,3900 3235,3900 3235,3856 3207,3848 3006,3863 2784,3845"/>
                <Baseline points="2792,3894 2818,3896 2844,3896 2870,3895 2897,3894 2923,3894 2949,3894 2976,3894 3002,3894 3028,3894 3054,3894 3081,3894 3107,3894 3133,3894 3160,3894 3186,3894 3212,3894 3239,3893"/>
                <Word id="tr_2_tl_111_w1" custom="readingOrder {index:0;}">
                    <Coords points="2784,3855 2784,3915 2826,3915 2826,3855"/>
                    <TextEquiv>
                        <Unicode>Um</Unicode>
                    </TextEquiv>
                </Word>
                <Word id="tr_2_tl_111_w2" custom="readingOrder {index:1;}">
                    <Coords points="2875,3854 2875,3914 2992,3914 2992,3854"/>
                    <TextEquiv>
                        <Unicode>jedoch</Unicode>
                    </TextEquiv>
                </Word>
                <Word id="tr_2_tl_111_w3" custom="readingOrder {index:2;}">
                    <Coords points="3025,3854 3025,3914 3083,3914 3083,3854"/>
                    <TextEquiv>
                        <Unicode>auf</Unicode>
                    </TextEquiv>
                </Word>
                <Word id="tr_2_tl_111_w4" custom="readingOrder {index:3;}">
                    <Coords points="3110,3854 3110,3914 3158,3914 3158,3854"/>
                    <TextEquiv>
                        <Unicode>die</Unicode>
                    </TextEquiv>
                </Word>
                <Word id="tr_2_tl_111_w5" custom="readingOrder {index:4;}">
                    <Coords points="3191,3854 3191,3914 3233,3914 3233,3854"/>
                    <TextEquiv>
                        <Unicode>Ce</Unicode>
                    </TextEquiv>
                </Word>
                <TextEquiv>
                    <Unicode>Um jedoch auf die Ce</Unicode>
                </TextEquiv>
            </TextLine>
            <TextLine id="tr_2_tl_112" custom="readingOrder {index:111;}">
                <Coords points="1579,3917 2642,3906 2642,3862 2602,3854 1579,3865"/>
                <Baseline points="1588,3906 1640,3904 1693,3903 1746,3906 1799,3903 1852,3903 1905,3902 1957,3900 2010,3900 2063,3903 2116,3902 2169,3900 2222,3900 2275,3900 2327,3900 2380,3900 2433,3900 2486,3900 2539,3900 2592,3898 2645,3900"/>
                <Word id="tr_2_tl_112_w1" custom="readingOrder {index:0;}">
                    <Coords points="1579,3863 1579,3923 1754,3923 1754,3863"/>
                    <TextEquiv>
                        <Unicode>Schriften</Unicode>
                    </TextEquiv>
                </Word>
                <Word id="tr_2_tl_112_w2" custom="readingOrder {index:1;}">
                    <Coords points="1791,3863 1791,3923 1849,3923 1849,3863"/>
                    <TextEquiv>
                        <Unicode>des</Unicode>
                    </TextEquiv>
                </Word>
                <Word id="tr_2_tl_112_w3" custom="readingOrder {index:2;}">
                    <Coords points="1881,3860 1881,3920 2061,3920 2061,3860"/>
                    <TextEquiv>
                        <Unicode>Dichters,</Unicode>
                    </TextEquiv>
                </Word>
                <Word id="tr_2_tl_112_w4" custom="readingOrder {index:3;}">
                    <Coords points="2088,3862 2088,3922 2136,3922 2136,3862"/>
                    <TextEquiv>
                        <Unicode>die</Unicode>
                    </TextEquiv>
                </Word>
                <Word id="tr_2_tl_112_w5" custom="readingOrder {index:4;}">
                    <Coords points="2173,3860 2173,3920 2268,3920 2268,3860"/>
                    <TextEquiv>
                        <Unicode>keine</Unicode>
                    </TextEquiv>
                </Word>
                <Word id="tr_2_tl_112_w6" custom="readingOrder {index:5;}">
                    <Coords points="2306,3860 2306,3920 2486,3920 2486,3860"/>
                    <TextEquiv>
                        <Unicode>jüdischen</Unicode>
                    </TextEquiv>
                </Word>
                <Word id="tr_2_tl_112_w7" custom="readingOrder {index:6;}">
                    <Coords points="2524,3858 2524,3918 2634,3918 2634,3858"/>
                    <TextEquiv>
                        <Unicode>Sujets</Unicode>
                    </TextEquiv>
                </Word>
                <TextEquiv>
                    <Unicode>Schriften des Dichters, die keine jüdischen Sujets</Unicode>
                </TextEquiv>
            </TextLine>
            <TextLine id="tr_2_tl_113" custom="readingOrder {index:112;}">
                <Coords points="2691,3961 3235,3952 3235,3906 3189,3895 2937,3897 2856,3920 2817,3900 2691,3895"/>
                <Baseline points="2699,3945 2726,3945 2753,3945 2780,3945 2807,3945 2834,3945 2861,3945 2888,3944 2915,3943 2942,3942 2969,3942 2996,3944 3023,3944 3050,3940 3077,3940 3104,3942 3131,3942 3158,3941 3185,3939 3212,3939 3239,3939"/>
                <Word id="tr_2_tl_113_w1" custom="readingOrder {index:0;}">
                    <Coords points="2691,3905 2691,3965 2756,3965 2756,3905"/>
                    <TextEquiv>
                        <Unicode>der</Unicode>
                    </TextEquiv>
                </Word>
                <Word id="tr_2_tl_113_w2" custom="readingOrder {index:1;}">
                    <Coords points="2783,3905 2783,3965 2918,3965 2918,3905"/>
                    <TextEquiv>
                        <Unicode>Poman</Unicode>
                    </TextEquiv>
                </Word>
                <Word id="tr_2_tl_113_w3" custom="readingOrder {index:2;}">
                    <Coords points="2956,3904 2956,3964 3054,3964 3054,3904"/>
                    <TextEquiv>
                        <Unicode>eines</Unicode>
                    </TextEquiv>
                </Word>
                <Word id="tr_2_tl_113_w4" custom="readingOrder {index:3;}">
                    <Coords points="3082,3901 3082,3961 3119,3961 3119,3901"/>
                    <TextEquiv>
                        <Unicode>so</Unicode>
                    </TextEquiv>
                </Word>
                <Word id="tr_2_tl_113_w5" custom="readingOrder {index:4;}">
                    <Coords points="3157,3899 3157,3959 3222,3959 3222,3899"/>
                    <TextEquiv>
                        <Unicode>bew</Unicode>
                    </TextEquiv>
                </Word>
                <TextEquiv>
                    <Unicode>der Poman eines so bew</Unicode>
                </TextEquiv>
            </TextLine>
            <TextLine id="tr_2_tl_114" custom="readingOrder {index:113;}">
                <Coords points="1588,3964 2636,3952 2596,3904 1588,3915"/>
                <Baseline points="1597,3956 1649,3953 1701,3953 1753,3953 1805,3953 1857,3951 1909,3950 1961,3950 2013,3953 2065,3950 2118,3950 2170,3948 2222,3949 2274,3950 2326,3950 2378,3950 2430,3950 2482,3949 2534,3947 2586,3947 2639,3945"/>
                <Word id="tr_2_tl_114_w1" custom="readingOrder {index:0;}">
                    <Coords points="1588,3913 1588,3973 1798,3973 1798,3913"/>
                    <TextEquiv>
                        <Unicode>behandeln,</Unicode>
                    </TextEquiv>
                </Word>
                <Word id="tr_2_tl_114_w2" custom="readingOrder {index:1;}">
                    <Coords points="1824,3911 1824,3971 1854,3971 1854,3911"/>
                    <TextEquiv>
                        <Unicode>in</Unicode>
                    </TextEquiv>
                </Word>
                <Word id="tr_2_tl_114_w3" custom="readingOrder {index:2;}">
                    <Coords points="1889,3910 1889,3970 1995,3970 1995,3910"/>
                    <TextEquiv>
                        <Unicode>denen</Unicode>
                    </TextEquiv>
                </Word>
                <Word id="tr_2_tl_114_w4" custom="readingOrder {index:3;}">
                    <Coords points="2035,3910 2035,3970 2111,3970 2111,3910"/>
                    <TextEquiv>
                        <Unicode>man</Unicode>
                    </TextEquiv>
                </Word>
                <Word id="tr_2_tl_114_w5" custom="readingOrder {index:4;}">
                    <Coords points="2152,3908 2152,3968 2237,3968 2237,3908"/>
                    <TextEquiv>
                        <Unicode>aber</Unicode>
                    </TextEquiv>
                </Word>
                <Word id="tr_2_tl_114_w6" custom="readingOrder {index:5;}">
                    <Coords points="2267,3910 2267,3970 2352,3970 2352,3910"/>
                    <TextEquiv>
                        <Unicode>doch</Unicode>
                    </TextEquiv>
                </Word>
                <Word id="tr_2_tl_114_w7" custom="readingOrder {index:6;}">
                    <Coords points="2393,3909 2393,3969 2468,3969 2468,3909"/>
                    <TextEquiv>
                        <Unicode>jene</Unicode>
                    </TextEquiv>
                </Word>
                <Word id="tr_2_tl_114_w8" custom="readingOrder {index:7;}">
                    <Coords points="2509,3907 2509,3967 2634,3967 2634,3907"/>
                    <TextEquiv>
                        <Unicode>beson¬</Unicode>
                    </TextEquiv>
                </Word>
                <TextEquiv>
                    <Unicode>behandeln, in denen man aber doch jene beson¬</Unicode>
                </TextEquiv>
            </TextLine>
            <TextLine id="tr_2_tl_115" custom="readingOrder {index:114;}">
                <Coords points="2700,4001 2796,4016 2921,3998 2986,4016 3152,3996 3241,4007 3241,3949 2700,3956"/>
                <Baseline points="2708,3995 2734,3993 2761,3993 2788,3994 2815,3994 2841,3992 2868,3992 2895,3992 2922,3992 2948,3992 2975,3992 3002,3992 3029,3992 3055,3992 3082,3992 3109,3992 3136,3990 3162,3989 3189,3989 3216,3991 3243,3995"/>
                <Word id="tr_2_tl_115_w1" custom="readingOrder {index:0;}">
                    <Coords points="2695,3953 2695,4013 2755,4013 2755,3953"/>
                    <TextEquiv>
                        <Unicode>wie</Unicode>
                    </TextEquiv>
                </Word>
                <Word id="tr_2_tl_115_w2" custom="readingOrder {index:1;}">
                    <Coords points="2778,3953 2778,4013 2861,4013 2861,3953"/>
                    <TextEquiv>
                        <Unicode>Max</Unicode>
                    </TextEquiv>
                </Word>
                <Word id="tr_2_tl_115_w3" custom="readingOrder {index:2;}">
                    <Coords points="2884,3952 2884,4012 3033,4012 3033,3952"/>
                    <TextEquiv>
                        <Unicode>Brod,</Unicode>
                    </TextEquiv>
                </Word>
                <Word id="tr_2_tl_115_w4" custom="readingOrder {index:3;}">
                    <Coords points="3051,3952 3051,4012 3139,4012 3139,3952"/>
                    <TextEquiv>
                        <Unicode>etwa</Unicode>
                    </TextEquiv>
                </Word>
                <Word id="tr_2_tl_115_w5" custom="readingOrder {index:4;}">
                    <Coords points="3167,3949 3167,4009 3228,4009 3228,3949"/>
                    <TextEquiv>
                        <Unicode>sein</Unicode>
                    </TextEquiv>
                </Word>
                <TextEquiv>
                    <Unicode>wie Max Brod, etwa sein</Unicode>
                </TextEquiv>
            </TextLine>
            <TextLine id="tr_2_tl_116" custom="readingOrder {index:115;}">
                <Coords points="1585,4010 2646,4004 2616,3950 1585,3964"/>
                <Baseline points="1594,4004 1646,4004 1699,4004 1752,4004 1804,4001 1857,4001 1910,3999 1962,3998 2015,4001 2068,4001 2121,3998 2173,3998 2226,3998 2279,3998 2331,3998 2384,3998 2437,4000 2489,3998 2542,3998 2595,3998 2648,3998"/>
                <Word id="tr_2_tl_116_w1" custom="readingOrder {index:0;}">
                    <Coords points="1585,3964 1585,4024 1664,4024 1664,3964"/>
                    <TextEquiv>
                        <Unicode>dere</Unicode>
                    </TextEquiv>
                </Word>
                <Word id="tr_2_tl_116_w2" custom="readingOrder {index:1;}">
                    <Coords points="1701,3961 1701,4021 1907,4021 1907,3961"/>
                    <TextEquiv>
                        <Unicode>Geistesart</Unicode>
                    </TextEquiv>
                </Word>
                <Word id="tr_2_tl_116_w3" custom="readingOrder {index:2;}">
                    <Coords points="1940,3958 1940,4018 2008,4018 2008,3958"/>
                    <TextEquiv>
                        <Unicode>sich</Unicode>
                    </TextEquiv>
                </Word>
                <Word id="tr_2_tl_116_w4" custom="readingOrder {index:3;}">
                    <Coords points="2046,3958 2046,4018 2209,4018 2209,3958"/>
                    <TextEquiv>
                        <Unicode>entfalten</Unicode>
                    </TextEquiv>
                </Word>
                <Word id="tr_2_tl_116_w5" custom="readingOrder {index:4;}">
                    <Coords points="2252,3958 2252,4018 2363,4018 2363,3958"/>
                    <TextEquiv>
                        <Unicode>sieht,</Unicode>
                    </TextEquiv>
                </Word>
                <Word id="tr_2_tl_116_w6" custom="readingOrder {index:5;}">
                    <Coords points="2390,3959 2390,4019 2448,4019 2448,3959"/>
                    <TextEquiv>
                        <Unicode>die</Unicode>
                    </TextEquiv>
                </Word>
                <Word id="tr_2_tl_116_w7" custom="readingOrder {index:6;}">
                    <Coords points="2486,3958 2486,4018 2628,4018 2628,3958"/>
                    <TextEquiv>
                        <Unicode>vielfach</Unicode>
                    </TextEquiv>
                </Word>
                <TextEquiv>
                    <Unicode>dere Geistesart sich entfalten sieht, die vielfach</Unicode>
                </TextEquiv>
            </TextLine>
            <TextLine id="tr_2_tl_117" custom="readingOrder {index:116;}">
                <Coords points="2694,4053 3235,4048 3235,4008 3191,3995 2986,4014 2960,3998 2839,4004 2814,4024 2770,4001 2694,3999"/>
                <Baseline points="2702,4043 2728,4043 2755,4043 2782,4043 2809,4043 2836,4043 2863,4043 2889,4043 2916,4043 2943,4042 2970,4040 2997,4040 3024,4040 3051,4040 3077,4040 3104,4040 3131,4040 3158,4040 3185,4040 3212,4040 3239,4039"/>
                <Word id="tr_2_tl_117_w1" custom="readingOrder {index:0;}">
                    <Coords points="2694,4003 2694,4063 2800,4063 2800,4003"/>
                    <TextEquiv>
                        <Unicode>Frau,</Unicode>
                    </TextEquiv>
                </Word>
                <Word id="tr_2_tl_117_w2" custom="readingOrder {index:1;}">
                    <Coords points="2817,4003 2817,4063 2902,4063 2902,4003"/>
                    <TextEquiv>
                        <Unicode>nach</Unicode>
                    </TextEquiv>
                </Word>
                <Word id="tr_2_tl_117_w3" custom="readingOrder {index:2;}">
                    <Coords points="2934,4000 2934,4060 2998,4060 2998,4000"/>
                    <TextEquiv>
                        <Unicode>der</Unicode>
                    </TextEquiv>
                </Word>
                <Word id="tr_2_tl_117_w4" custom="readingOrder {index:3;}">
                    <Coords points="3025,4000 3025,4060 3099,4060 3099,4000"/>
                    <TextEquiv>
                        <Unicode>man</Unicode>
                    </TextEquiv>
                </Word>
                <Word id="tr_2_tl_117_w5" custom="readingOrder {index:4;}">
                    <Coords points="3132,4000 3132,4060 3195,4060 3195,4000"/>
                    <TextEquiv>
                        <Unicode>sich</Unicode>
                    </TextEquiv>
                </Word>
                <TextEquiv>
                    <Unicode>Frau, nach der man sich</Unicode>
                </TextEquiv>
            </TextLine>
            <TextLine id="tr_2_tl_118" custom="readingOrder {index:117;}">
                <Coords points="1579,4059 2640,4051 2623,4001 1579,4024"/>
                <Baseline points="1588,4055 1640,4052 1693,4054 1746,4052 1798,4052 1851,4049 1904,4049 1956,4049 2009,4049 2062,4049 2115,4049 2167,4049 2220,4049 2273,4049 2325,4049 2378,4049 2431,4047 2483,4048 2536,4046 2589,4046 2642,4046"/>
                <Word id="tr_2_tl_118_w1" custom="readingOrder {index:0;}">
                    <Coords points="1579,4014 1579,4074 1631,4074 1631,4014"/>
                    <TextEquiv>
                        <Unicode>als</Unicode>
                    </TextEquiv>
                </Word>
                <Word id="tr_2_tl_118_w2" custom="readingOrder {index:1;}">
                    <Coords points="1658,4012 1658,4072 1832,4072 1832,4012"/>
                    <TextEquiv>
                        <Unicode>„jüdisch“</Unicode>
                    </TextEquiv>
                </Word>
                <Word id="tr_2_tl_118_w3" custom="readingOrder {index:2;}">
                    <Coords points="1854,4009 1854,4069 2060,4069 2060,4009"/>
                    <TextEquiv>
                        <Unicode>bezeichnet</Unicode>
                    </TextEquiv>
                </Word>
                <Word id="tr_2_tl_118_w4" custom="readingOrder {index:3;}">
                    <Coords points="2082,4009 2082,4069 2219,4069 2219,4009"/>
                    <TextEquiv>
                        <Unicode>worden</Unicode>
                    </TextEquiv>
                </Word>
                <Word id="tr_2_tl_118_w5" custom="readingOrder {index:4;}">
                    <Coords points="2252,4009 2252,4069 2310,4069 2310,4009"/>
                    <TextEquiv>
                        <Unicode>ist.</Unicode>
                    </TextEquiv>
                </Word>
                <Word id="tr_2_tl_118_w6" custom="readingOrder {index:5;}">
                    <Coords points="2326,4009 2326,4069 2415,4069 2415,4009"/>
                    <TextEquiv>
                        <Unicode>Aber</Unicode>
                    </TextEquiv>
                </Word>
                <Word id="tr_2_tl_118_w7" custom="readingOrder {index:6;}">
                    <Coords points="2442,4007 2442,4067 2532,4067 2532,4007"/>
                    <TextEquiv>
                        <Unicode>wäre</Unicode>
                    </TextEquiv>
                </Word>
                <Word id="tr_2_tl_118_w8" custom="readingOrder {index:7;}">
                    <Coords points="2559,4006 2559,4066 2590,4066 2590,4006"/>
                    <TextEquiv>
                        <Unicode>z.</Unicode>
                    </TextEquiv>
                </Word>
                <Word id="tr_2_tl_118_w9" custom="readingOrder {index:8;}">
                    <Coords points="2601,4006 2601,4066 2643,4066 2643,4006"/>
                    <TextEquiv>
                        <Unicode>B.</Unicode>
                    </TextEquiv>
                </Word>
                <TextEquiv>
                    <Unicode>als „jüdisch“ bezeichnet worden ist. Aber wäre z. B.</Unicode>
                </TextEquiv>
            </TextLine>
            <TextLine id="tr_2_tl_119" custom="readingOrder {index:118;}">
                <Coords points="2691,4108 3235,4102 3235,4053 3204,4047 2691,4053"/>
                <Baseline points="2699,4094 2726,4094 2753,4094 2780,4094 2807,4093 2834,4091 2861,4091 2888,4091 2915,4091 2942,4091 2969,4091 2996,4091 3023,4091 3050,4091 3077,4091 3104,4091 3131,4091 3158,4091 3185,4091 3212,4091 3239,4090"/>
                <Word id="tr_2_tl_119_w1" custom="readingOrder {index:0;}">
                    <Coords points="2691,4053 2691,4113 2902,4113 2902,4053"/>
                    <TextEquiv>
                        <Unicode>borgensten</Unicode>
                    </TextEquiv>
                </Word>
                <Word id="tr_2_tl_119_w2" custom="readingOrder {index:1;}">
                    <Coords points="2939,4051 2939,4111 3135,4111 3135,4051"/>
                    <TextEquiv>
                        <Unicode>Schimmer</Unicode>
                    </TextEquiv>
                </Word>
                <Word id="tr_2_tl_119_w3" custom="readingOrder {index:2;}">
                    <Coords points="3167,4051 3167,4111 3239,4111 3239,4051"/>
                    <TextEquiv>
                        <Unicode>ein¬</Unicode>
                    </TextEquiv>
                </Word>
                <TextEquiv>
                    <Unicode>borgensten Schimmer ein¬</Unicode>
                </TextEquiv>
            </TextLine>
            <TextLine id="tr_2_tl_120" custom="readingOrder {index:119;}">
                <Coords points="1585,4109 2633,4108 2613,4051 1585,4057"/>
                <Baseline points="1594,4103 1646,4103 1698,4103 1750,4105 1802,4103 1854,4101 1906,4100 1958,4100 2010,4100 2062,4100 2115,4100 2167,4100 2219,4100 2271,4100 2323,4100 2375,4100 2427,4100 2479,4099 2531,4097 2583,4097 2636,4094"/>
                <Word id="tr_2_tl_120_w1" custom="readingOrder {index:0;}">
                    <Coords points="1585,4063 1585,4123 1643,4123 1643,4063"/>
                    <TextEquiv>
                        <Unicode>der</Unicode>
                    </TextEquiv>
                </Word>
                <Word id="tr_2_tl_120_w2" custom="readingOrder {index:1;}">
                    <Coords points="1659,4062 1659,4122 1977,4122 1977,4062"/>
                    <TextEquiv>
                        <Unicode>fragmentarische</Unicode>
                    </TextEquiv>
                </Word>
                <Word id="tr_2_tl_120_w3" custom="readingOrder {index:2;}">
                    <Coords points="2004,4060 2004,4120 2285,4120 2285,4060"/>
                    <TextEquiv>
                        <Unicode>„Rabbivon</Unicode>
                    </TextEquiv>
                </Word>
                <Word id="tr_2_tl_120_w4" custom="readingOrder {index:3;}">
                    <Coords points="2318,4059 2318,4119 2631,4119 2631,4059"/>
                    <TextEquiv>
                        <Unicode>Bacharach"</Unicode>
                    </TextEquiv>
                </Word>
                <TextEquiv>
                    <Unicode>der fragmentarische „Rabbivon Bacharach"</Unicode>
                </TextEquiv>
            </TextLine>
            <TextLine id="tr_2_tl_121" custom="readingOrder {index:120;}">
                <Coords points="2700,4154 2908,4143 2961,4160 3061,4141 3235,4155 3235,4106 3200,4097 2700,4105"/>
                <Baseline points="2708,4142 2734,4142 2761,4142 2787,4142 2814,4144 2840,4145 2867,4143 2893,4142 2920,4142 2946,4140 2973,4139 3000,4139 3026,4139 3053,4139 3079,4139 3106,4139 3132,4139 3159,4139 3185,4139 3212,4139 3239,4138"/>
                <Word id="tr_2_tl_121_w1" custom="readingOrder {index:0;}">
                    <Coords points="2695,4102 2695,4162 2877,4162 2877,4102"/>
                    <TextEquiv>
                        <Unicode>neswegs.</Unicode>
                    </TextEquiv>
                </Word>
                <Word id="tr_2_tl_121_w2" custom="readingOrder {index:1;}">
                    <Coords points="2903,4099 2903,4159 3035,4159 3035,4099"/>
                    <TextEquiv>
                        <Unicode>Dieses</Unicode>
                    </TextEquiv>
                </Word>
                <Word id="tr_2_tl_121_w3" custom="readingOrder {index:2;}">
                    <Coords points="3066,4099 3066,4159 3157,4159 3157,4099"/>
                    <TextEquiv>
                        <Unicode>Buch</Unicode>
                    </TextEquiv>
                </Word>
                <Word id="tr_2_tl_121_w4" custom="readingOrder {index:3;}">
                    <Coords points="3198,4099 3198,4159 3223,4159 3223,4099"/>
                    <TextEquiv>
                        <Unicode>is</Unicode>
                    </TextEquiv>
                </Word>
                <TextEquiv>
                    <Unicode>neswegs. Dieses Buch is</Unicode>
                </TextEquiv>
            </TextLine>
            <TextLine id="tr_2_tl_122" custom="readingOrder {index:121;}">
                <Coords points="1588,4157 2645,4157 2645,4111 2610,4106 1588,4114"/>
                <Baseline points="1597,4154 1649,4151 1702,4154 1754,4151 1807,4152 1859,4153 1912,4151 1964,4151 2017,4151 2069,4151 2122,4148 2175,4148 2227,4148 2280,4148 2332,4148 2385,4148 2437,4148 2490,4148 2542,4148 2595,4148 2648,4145"/>
                <Word id="tr_2_tl_122_w1" custom="readingOrder {index:0;}">
                    <Coords points="1588,4112 1588,4172 1768,4172 1768,4112"/>
                    <TextEquiv>
                        <Unicode>desselben</Unicode>
                    </TextEquiv>
                </Word>
                <Word id="tr_2_tl_122_w2" custom="readingOrder {index:1;}">
                    <Coords points="1799,4111 1799,4171 2072,4171 2072,4111"/>
                    <TextEquiv>
                        <Unicode>Schriftstellers</Unicode>
                    </TextEquiv>
                </Word>
                <Word id="tr_2_tl_122_w3" custom="readingOrder {index:2;}">
                    <Coords points="2098,4108 2098,4168 2149,4168 2149,4108"/>
                    <TextEquiv>
                        <Unicode>als</Unicode>
                    </TextEquiv>
                </Word>
                <Word id="tr_2_tl_122_w4" custom="readingOrder {index:3;}">
                    <Coords points="2180,4108 2180,4168 2355,4168 2355,4108"/>
                    <TextEquiv>
                        <Unicode>jüdischer</Unicode>
                    </TextEquiv>
                </Word>
                <Word id="tr_2_tl_122_w5" custom="readingOrder {index:4;}">
                    <Coords points="2402,4108 2402,4168 2535,4168 2535,4108"/>
                    <TextEquiv>
                        <Unicode>Roman</Unicode>
                    </TextEquiv>
                </Word>
                <Word id="tr_2_tl_122_w6" custom="readingOrder {index:5;}">
                    <Coords points="2593,4107 2593,4167 2628,4167 2628,4107"/>
                    <TextEquiv>
                        <Unicode>zu</Unicode>
                    </TextEquiv>
                </Word>
                <TextEquiv>
                    <Unicode>desselben Schriftstellers als jüdischer Roman zu</Unicode>
                </TextEquiv>
            </TextLine>
            <TextLine id="tr_2_tl_123" custom="readingOrder {index:122;}">
                <Coords points="2697,4199 3242,4207 3242,4154 3197,4143 2697,4160"/>
                <Baseline points="2705,4192 2732,4192 2759,4192 2786,4190 2813,4189 2840,4189 2867,4191 2894,4192 2921,4192 2948,4191 2975,4189 3002,4189 3029,4189 3056,4189 3083,4189 3110,4189 3137,4189 3164,4188 3191,4187 3218,4183 3246,4177"/>
                <Word id="tr_2_tl_123_w1" custom="readingOrder {index:0;}">
                    <Coords points="2697,4149 2697,4209 2893,4209 2893,4149"/>
                    <TextEquiv>
                        <Unicode>unheimlich</Unicode>
                    </TextEquiv>
                </Word>
                <Word id="tr_2_tl_123_w2" custom="readingOrder {index:1;}">
                    <Coords points="2926,4149 2926,4209 3160,4209 3160,4149"/>
                    <TextEquiv>
                        <Unicode>anmutendes</Unicode>
                    </TextEquiv>
                </Word>
                <Word id="tr_2_tl_123_w3" custom="readingOrder {index:2;}">
                    <Coords points="3187,4144 3187,4204 3229,4204 3229,4144"/>
                    <TextEquiv>
                        <Unicode>Be</Unicode>
                    </TextEquiv>
                </Word>
                <TextEquiv>
                    <Unicode>unheimlich anmutendes Be</Unicode>
                </TextEquiv>
            </TextLine>
            <TextLine id="tr_2_tl_124" custom="readingOrder {index:123;}">
                <Coords points="2200,4207 2645,4201 2645,4155 2616,4163 2568,4147 2524,4164 2477,4151 2418,4169 2298,4155 2261,4172 2200,4167"/>
                <Baseline points="2209,4201 2234,4199 2260,4198 2286,4198 2312,4198 2338,4198 2363,4198 2389,4198 2415,4198 2441,4198 2467,4198 2493,4198 2518,4198 2544,4196 2570,4195 2596,4195 2622,4194 2648,4192"/>
                <Word id="tr_2_tl_124_w1" custom="readingOrder {index:0;}">
                    <Coords points="2199,4160 2199,4220 2231,4220 2231,4160"/>
                    <TextEquiv>
                        <Unicode>er</Unicode>
                    </TextEquiv>
                </Word>
                <Word id="tr_2_tl_124_w2" custom="readingOrder {index:1;}">
                    <Coords points="2260,4158 2260,4218 2306,4218 2306,4158"/>
                    <TextEquiv>
                        <Unicode>cin</Unicode>
                    </TextEquiv>
                </Word>
                <Word id="tr_2_tl_124_w3" custom="readingOrder {index:2;}">
                    <Coords points="2340,4158 2340,4218 2625,4218 2625,4158"/>
                    <TextEquiv>
                        <Unicode>ausgesprochen</Unicode>
                    </TextEquiv>
                </Word>
                <TextEquiv>
                    <Unicode>er cin ausgesprochen</Unicode>
                </TextEquiv>
            </TextLine>
            <TextLine id="tr_2_tl_125" custom="readingOrder {index:124;}">
                <Coords points="1591,4229 1625,4229 1648,4215 1676,4213 1834,4215 1833,4161 1786,4172 1757,4160 1695,4166 1682,4155 1651,4167 1590,4161"/>
                <Baseline points="1600,4207 1626,4207 1653,4208 1679,4209 1706,4210 1732,4210 1759,4212 1785,4213 1812,4213 1839,4216"/>
                <Word id="tr_2_tl_125_w1" custom="readingOrder {index:0;}">
                    <Coords points="1597,4169 1597,4229 1778,4229 1778,4169"/>
                    <TextEquiv>
                        <Unicode>enalenen</Unicode>
                    </TextEquiv>
                </Word>
                <TextEquiv>
                    <Unicode>enalenen</Unicode>
                </TextEquiv>
            </TextLine>
            <TextEquiv>
                <Unicode></Unicode>
            </TextEquiv>
        </TextRegion>
    </Page>
</PcGts>
