3392 4384
343 401 916 461 Schnitzler's
986 403 1213 463 Deatl

499 544 714 604 PELEPTON
756 551 894 611 R-23-O-

170 730 492 790 eae
562 745 1060 805 reon

457 907 629 967 /

420 1002 469 1062 Cen
505 1002 646 1062 preknige
686 1003 845 1063 moiendi.
870 1005 927 1065 Rom
973 1006 994 1066 in
1030 1005 1083 1065 och

419 1036 473 1096 hör
501 1041 560 1101 den
593 1041 666 1101 eller
689 1045 740 1105 tag
768 1045 827 1105 hem
864 1047 923 1107 den
951 1047 987 1107 pô
1016 1044 1089 1104 prov

419 1077 463 1137 för
488 1081 595 1141 någon
621 1081 708 1141 dag.

505 1149 568 1209 i
609 1154 689 1214 vorje
722 1155 785 1215 pfs
810 1156 849 1216 en
874 1157 1082 1217 PHILIPS

263 1317 655 1377 Arthur
700 1324 1084 1384 Schnitzlers

575 1435 924 1495 bortgang.

932 1557 1088 1617 613

422 2456 623 2516 Författaren
675 2456 801 2516 Arthur
843 2459 1026 2519 Schnitzler
1050 2460 1124 2520 har,

374 2498 422 2558 som
463 2500 507 2560 ett
530 2501 672 2561 telegram
708 2503 859 2563 omtalat,
878 2505 1007 2565 avlidit,
1025 2504 1122 2564 drab¬

372 2546 433 2606 bad
462 2545 504 2605 av
533 2545 579 2605 ett
604 2548 807 2608 slaganfall.

414 2588 470 2648 Det
494 2589 551 2649 har
575 2590 659 2650 varit
679 2590 750 2650 tyst
769 2590 854 2650 kring
883 2593 1062 2653 Schnitzler
1087 2593 1119 2653 de

375 2632 501 2692 senaste
527 2635 618 2695 ären.
636 2635 701 2695 Inte
728 2637 940 2697 respektfullt
963 2638 1032 2698 tyst
1054 2638 1105 2698 som

376 2677 427 2737 det
455 2678 577 2738 brukar
605 2678 652 2738 bli
676 2680 764 2740 kring
798 2680 830 2740 en
863 2680 1017 2740 åldrande
1051 2683 1120 2743 dik¬

372 2723 457 2783 tare.
497 2722 561 2782 Det
579 2722 635 2782 har
661 2724 747 2784 varit
769 2725 867 2785 nâgot
890 2725 924 2785 av
950 2725 1001 2785 den
1032 2728 1118 2788 stora

367 2767 558 2827 glömskans
582 2767 718 2827 tysthet.
755 2770 823 2830 När
842 2770 924 2830 hans
947 2770 979 2830 pä
1007 2770 1116 2830 nittio-

376 2811 451 2871 talet
470 2811 597 2871 skrivna
622 2811 753 2871 komedi
768 2814 923 2874 "Alskog”
952 2814 961 2874 i
980 2814 1116 2874 söndags

371 2854 518 2914 spelades
544 2856 557 2916 i
574 2856 665 2916 radio
691 2857 747 2917 kom
791 2856 842 2916 den
873 2859 925 2919 som
964 2858 998 2918 en
1025 2858 1115 2918 häls¬

371 2899 443 2959 ning
494 2899 571 2959 från
622 2901 653 2961 en
685 2901 749 2961 tid,
768 2901 822 2961 som
863 2901 1036 2961 förefaller
1064 2904 1118 2964 vär

366 2941 438 3001 egen
494 2946 640 3006 oändligt
668 2946 842 3006 avlägsen.
884 2949 1117 3009 Sekelskiftets

380 2986 473 3046 Wien,
492 2988 765 3048 kejserlighetens
789 2991 934 3051 anfrätta
967 2991 1066 3051 Wien,
1085 2995 1117 3055 de

368 3032 434 3092 söta
484 3032 675 3092 flickornas
720 3034 778 3094 och
832 3035 867 3095 de
921 3035 1113 3095 smäktande

372 3076 686 3136 Straussvalsernas
712 3078 804 3138 stad,
825 3080 875 3140 som
913 3080 1034 3140 dansar
1060 3080 1114 3140 och

366 3119 478 3179 älskar
509 3122 580 3182 utan
617 3122 666 3182 att
693 3125 822 3185 hoppas
849 3124 885 3184 på
921 3127 1117 3187 morgonda-

369 3164 454 3224 gen.

420 3209 477 3269 Med
531 3209 588 3269 den
641 3212 703 3272 nya
752 3212 1001 3272 världsfredens
1050 3213 1112 3273 nya

374 3250 616 3310 världsordning
649 3254 704 3314 dog
736 3253 818 3313 Wien
851 3256 901 3316 och
934 3256 997 3316 med
1030 3257 1112 3317 Wien

371 3296 428 3356 dog
455 3298 601 3358 diktaren
628 3298 827 3358 Schnitzler,
846 3301 898 3361 som
934 3301 969 3361 på
1001 3301 1049 3361 den
1076 3301 1120 3361 ti¬

370 3340 422 3400 den
454 3340 524 3400 stod
556 3343 564 3403 i
587 3343 719 3403 begrepp
751 3343 803 3403 att
826 3344 896 3404 ingä
923 3343 936 3403 i
959 3344 1016 3404 sitt
1038 3346 1113 3406 sex¬

368 3382 471 3442 tionde
505 3385 561 3445 àr.
599 3385 669 3445 Hos
703 3385 754 3445 oss
788 3387 858 3447 stod
891 3388 952 3448 han
986 3391 1023 3451 på
1056 3389 1112 3449 den

369 3428 453 3488 tiden
502 3429 541 3489 pä
590 3430 634 3490 sin
670 3430 895 3490 berömmelses
922 3434 1120 3494 höjdpunkt.

374 3471 475 3531 Under
502 3471 555 3531 den
582 3474 781 3534 hedbergska
812 3474 945 3534 regimen
972 3477 1007 3537 på
1034 3477 1095 3537 Dra

366 3515 469 3575 maten
525 3516 619 3576 hörde
649 3517 683 3577 en
714 3519 1039 3579 Schnitzlerpremiär
1070 3522 1116 3582 till

366 3559 456 3619 varje
486 3561 542 3621 ärs
572 3561 658 3621 stora
688 3561 877 3621 händelser.
921 3566 993 3626 Man
1024 3567 1114 3627 finns

369 3604 456 3664 dessa
490 3606 657 3666 eleganta,
679 3606 879 3666 svärmodigt
905 3609 1038 3669 kvicka,
1059 3612 1113 3672 un-

371 3648 423 3708 der
446 3648 498 3708 den
526 3648 587 3708 lätt
605 3651 769 3711 maliciösa
796 3652 871 3712 ytan
898 3654 991 3714 djupt
1013 3657 1101 3717 pessi

369 3692 512 3752 mistiska
538 3695 690 3755 stycken,
708 3695 763 3755 där
790 3695 959 3755 kärlekens
981 3698 1033 3758 och
1059 3698 1115 3758 dö-

370 3737 444 3797 dens
471 3737 622 3797 klarröda
653 3740 705 3800 ocl
738 3740 843 3800 môrka
870 3741 985 3801 trådar
1012 3744 1113 3804 bilda-

365 3782 396 3842 de
427 3782 623 3842 ränningen.
669 3785 802 3845 Kanske
830 3785 954 3845 främst
981 3788 1114 3848 enakts¬

367 3824 475 3884 cykeln
510 3827 543 3887 om
585 3827 766 3887 "Anatol”,
787 3829 841 3889 den
875 3831 955 3891 unge
985 3833 1118 3893 sympa-

369 3870 444 3930 tiskt
465 3872 659 3932 stryktäcke
684 3872 852 3932 eleganten
878 3873 912 3933 an
941 3875 995 3935 der
1022 3877 1113 3937 schö¬

361 3911 419 3971 nen
449 3913 557 3973 blauen
591 3916 700 3976 Donau
730 3916 784 3976 och
814 3916 868 3976 den
898 3917 985 3977 eviga
1015 3919 1111 3979 posö¬

370 3955 415 4015 ren
443 3957 497 4017 och
525 3958 698 4018 histrionen
726 3958 739 4018 i
758 3961 840 4021 "Den
868 3961 955 4021 stora
978 3964 1096 4024 rollen”

370 4000 501 4060 Kanske
552 4003 647 4063 ocksá
699 4004 754 4064 den
790 4007 916 4067 judiske
942 4009 1113 4069 professor

367 4045 571 4105 Bernhardi.

411 4087 453 4147 De
477 4090 607 4150 tillhöra
631 4093 691 4153 alla
720 4093 757 4153 de
781 4096 1019 4156 scengestalter
1048 4099 1094 4159 som

371 4131 487 4191 komma
516 4135 567 4195 att
586 4137 618 4197 gå
642 4137 731 4197 igen.
764 4137 839 4197 Inte
858 4141 928 4201 just
947 4141 1003 4201 nu.
1041 4143 1106 4203 Men

368 4176 427 4236 när
454 4176 577 4236 seklets
605 4180 714 4240 första
746 4182 919 4242 decennier
946 4186 1114 4246 definitivt

364 4220 457 4280 blivit
477 4224 610 4284 historia
641 4225 694 4285 och
724 4227 852 4287 därmod
878 4233 1055 4293 romantik.

1444 398 1563 458 box
1639 401 1870 461 43/20

2049 421 2745 481 OBSERVER

2131 470 2155 530 I.
2168 472 2286 532 österr.
2299 476 2451 536 behördl.
2463 479 2762 539 konzessioniertes

2085 512 2316 572 Unternehmen
2346 515 2391 575 für
2421 518 2804 578 Zeitungs-Ausschnitte

2134 572 2278 632 WIEN,
2310 578 2354 638 I.,
2386 578 2669 638 WOLLZEILE
2720 583 2763 643 11

2225 625 2442 685 TELEPHON
2478 628 2661 688 R-23-0-43

2038 760 2258 820 Ausschnitt
2281 760 2369 820 aus:

2015 939 2854 999 galonadtia

2137 1289 2348 1349 Artur
2395 1299 2749 1359 Schnitzlers
2776 1303 2908 1363 sista

2378 1381 2436 1441 är
2480 1389 2709 1449 mörka.

2724 1506 2819 1566 T5

2242 2492 2418 2552 Artur
2463 2498 2836 2558 Schnitaler.

2198 2555 2315 2615 Arthur
2387 2560 2585 2620 Schnitzlers
2634 2563 2710 2623 villa
2742 2566 2845 2626 Ilgger
2873 2567 2908 2627 nu

2149 2606 2318 2666 övergiven
2395 2608 2407 2668 i
2456 2611 2779 2671 Sternwartestrasso
2832 2614 2913 2674 Wie¬

2150 2654 2204 2714 ner
2271 2656 2413 2716 Cottage
2493 2659 2572 2719 nära
2669 2662 2915 2722 Fürkenschaz¬

2151 2704 2244 2764 park,
2309 2707 2451 2767 varifrän
2525 2708 2593 2768 man
2671 2713 2728 2773 kan
2781 2714 2813 2774 se
2862 2715 2915 2775 ut-

2152 2752 2228 2812 över
2261 2755 2325 2815 hela
2362 2758 2694 2818 wienerlandskapet.
2763 2766 2779 2826 I
2808 2764 2908 2824 denna

2150 2807 2221 2867 park
2272 2806 2343 2866 stär
2391 2809 2753 2869 Kainz-monumentet,
2774 2814 2915 2874 minnes-

2150 2853 2280 2913 märket
2347 2853 2425 2913 över
2473 2856 2531 2916 den
2567 2859 2740 2919 konstnär,
2760 2862 2810 2922 som
2854 2865 2909 2925 var

2150 2905 2344 2965 Schnitzlers
2379 2907 2486 2967 Henry
2521 2907 2533 2967 i
2560 2910 2710 2970 "Grünen
2749 2913 2882 2973 Kakadu

2150 2953 2201 3013 och
2232 2955 2313 3015 hans
2335 2958 2497 3018 Amadeus
2519 2958 2532 3018 i
2550 2961 2858 3021 "Zwischenspiel".
2893 2965 2910 3025 1

2150 3006 2454 3066 Fürkenschazpark
2487 3008 2628 3068 brukade
2658 3012 2833 3072 Schnitzler
2858 3015 2907 3075 fö¬

2149 3053 2252 3113 retaga
2282 3056 2349 3116 sina
2383 3056 2470 3116 länga
2503 3058 2716 3118 promenader
2742 3062 2796 3122 till
2817 3064 2908 3124 läng.

2146 3106 2170 3166 in
2208 3105 2241 3165 pä
2275 3107 2408 3167 hösten.
2475 3107 2583 3167 Under
2638 3110 2704 3170 sina
2734 3110 2813 3170 sista
2843 3110 2909 3170 lev-

2144 3155 2281 3215 nadsar,
2302 3156 2336 3216 då
2370 3158 2428 3218 han
2461 3158 2595 3218 träffats
2645 3159 2682 3219 av
2712 3161 2825 3221 många
2855 3161 2908 3221 be¬

2150 3204 2291 3264 Fymmer
2317 3204 2324 3264 —
2380 3206 2458 3266 hans
2484 3206 2530 3266 fru
2559 3209 2659 3269 skilde
2688 3210 2730 3270 sig
2756 3211 2822 3271 frän
2851 3212 2909 3272 ho¬

2141 3253 2201 3313 nom
2246 3255 2299 3315 och
2336 3255 2417 3315 hans
2446 3256 2551 3316 dotter
2584 3256 2693 3316 begick
2726 3259 2901 3319 själymore

2203 3304 2294 3364 sökte
2322 3306 2382 3366 han
2414 3305 2513 3365 genom
2557 3307 2720 3367 ensamma
2752 3310 2907 3370 vandrin-

2145 3356 2197 3416 gar
2222 3352 2237 3412 i
2262 3355 2473 3415 Wienerwald
2531 3358 2640 3418 hämta
2673 3359 2730 3419 nya
2767 3361 2908 3421 kiatter.

2145 3403 2209 3463 Han
2236 3403 2304 3463 blev
2330 3404 2381 3464 till
2399 3406 2463 3466 slut
2485 3406 2570 3466 blott
2592 3409 2622 3469 en
2648 3409 2768 3469 skugga
2794 3409 2828 3469 av
2854 3412 2896 3472 sig

2145 3454 2238 3514 själv,
2255 3454 2287 3514 de
2316 3454 2398 3514 stora
2427 3457 2577 3517 sorgerna
2602 3457 2655 3517 som
2697 3457 2798 3517 ald:ig
2823 3460 2904 3520 kun¬

2142 3503 2170 3563 de
2199 3503 2300 3563 lämna
2334 3504 2435 3564 honom
2476 3504 2529 3564 ens
2558 3504 2659 3564 under
2684 3506 2766 3566 hans
2791 3508 2904 3568 lyckli¬

2140 3554 2223 3614 gaste
2253 3553 2371 3613 dagar,
2393 3555 2556 3615 omhöljde
2587 3554 2797 3614 70-äringer.

2184 3600 2246 3660 Vem
2288 3602 2367 3662 eller
2397 3604 2476 3664 vilka
2505 3604 2560 3664 som
2602 3605 2647 3665 bli
2668 3603 2819 3663 arvingar
2848 3606 2902 3666 till

2127 3651 2323 3711 Schnitzlers
2353 3652 2426 3712 villa
2455 3653 2508 3713 och
2542 3651 2652 3711 övriga
2706 3654 2898 3714 kvarlaten-

2144 3701 2212 3761 skap
2241 3700 2273 3760 är
2297 3700 2378 3760 ännu
2407 3701 2564 3761 obekant.
2605 3704 2621 3764 I
2645 3701 2730 3761 varje
2759 3704 2815 3764 fall
2840 3704 2892 3764 hu:

2138 3749 2332 3809 författaren
2365 3749 2490 3809 lämnat
2520 3752 2568 3812 ett
2592 3752 2775 3812 värdefullt
2800 3752 2896 3812 testa-

2135 3797 2238 3857 mente
2274 3798 2325 3858 till
2353 3800 2575 3860 eftervärlden
2608 3801 2619 3861 —
2679 3802 2722 3862 sin
2758 3803 2881 3863 dagbok

2131 3848 2170 3908 av
2194 3848 2295 3908 vilken
2323 3851 2386 3911 inte
2414 3848 2445 3908 en
2469 3850 2519 3910 rad
2547 3851 2665 3911 hittills
2685 3851 2900 3911 publ'cerats.

2133 3896 2145 3956 I
2165 3897 2267 3957 denna
2298 3899 2420 3959 dagbok
2448 3899 2503 3959 har
2530 3899 2707 3959 Schnitzler
2731 3902 2888 3962 alltsedan

2138 3946 2166 4006 àr
2192 3946 2271 4006 1895
2300 3947 2371 4007 utan
2400 3947 2533 4007 avbrott
2555 3949 2737 4009 nedskrivit
2759 3952 2816 4012 alit
2838 3952 2871 4012 om

2129 3994 2189 4054 sitt
2215 3997 2227 4057 1
2249 3997 2361 4057 början
2397 3997 2430 4057 av
2461 3997 2573 4057 lyckan
2603 4000 2772 4060 zynnade,
2789 4000 2883 4060 sedan

2130 4045 2189 4105 allt
2217 4045 2417 4105 ensammare
2445 4047 2503 4107 liv,
2523 4048 2559 4108 on
2600 4048 2659 4108 alla
2691 4049 2887 4109 märkAgare

2132 4093 2319 4153 människor
2368 4095 2425 4155 han
2469 4097 2565 4157 mött,
2594 4096 2656 4156 alla
2686 4099 2805 4159 sapal
2825 4099 2877 4159 och

2137 4143 2274 4203 tankar.

2314 4248 2760 4308 .....................
