3344 4352
140 297 257 357 12.
317 300 909 360 Schnitzler's
980 300 1205 360 Death

321 1442 1041 1502 OBSERVER

414 1497 435 1557 1.
453 1500 573 1560 österr.
587 1500 732 1560 behördl.
746 1500 1042 1560 konzessioniertes

366 1539 605 1599 Unternehmen
633 1540 681 1600 für
708 1543 1095 1603 Zeitungs-Ausschnitte

421 1598 567 1658 WIEN,
595 1604 641 1664 I.,
668 1604 956 1664 WOLLZEILE
1003 1599 1043 1659 11

516 1652 734 1712 TELEPHON
771 1652 952 1712 R-23-0-43

313 1793 542 1853 Ausschnitt
564 1794 656 1854 aus:

670 1881 859 1941 ENSURUCKER
888 1870 932 1930 YOI
944 1867 1072 1927 SEETUN

315 2019 430 2079 vom:

538 2121 647 2181 Artur
670 2117 844 2177 Schnitzler
875 2112 1063 2172 gestorben.

305 2181 457 2241 Wien,
477 2180 534 2240 21.
554 2178 630 2238 Okt.
675 2174 745 2234 Der
796 2170 1045 2230 österreichische
1097 2162 1224 2222 Dichter
1256 2157 1364 2217 Artur

221 2234 393 2294 Schnitzler
432 2230 470 2290 ist
497 2228 594 2288 heute
627 2222 849 2282 nachmittags
887 2219 913 2279 im
963 2215 1022 2275 70.
1044 2212 1265 2272 Lebensjahre
1320 2205 1373 2265 ge¬

221 2284 371 2344 storben.

307 2329 481 2389 Schnitzler
508 2324 582 2384 war
609 2323 666 2383 seit
693 2320 820 2380 einiger
868 2316 947 2376 Zeit
974 2312 1116 2372 leidend,
1159 2307 1243 2367 ohne
1292 2303 1370 2363 aber

226 2381 320 2441 krank
346 2381 370 2441 zu
406 2377 486 2437 sein.
501 2374 541 2434 Er
567 2371 636 2431 war
662 2369 706 2429 ein
737 2367 868 2427 Wiener
893 2365 1043 2425 Dichter,
1064 2357 1113 2417 der
1139 2353 1369 2413 insbesondere

221 2428 251 2488 in
288 2428 344 2488 der
375 2424 539 2484 Blütezeit
571 2420 622 2480 des
675 2415 947 2475 Naturalismus
1005 2405 1267 2465 hervorgetreten
1324 2401 1380 2461 ist.

225 2479 329 2539 Seine
362 2474 583 2534 Hauptwerke
618 2469 700 2529 sind:
733 2464 921 2524 „Anatol",
949 2457 1148 2517 „Liebelei",
1176 2450 1369 2510 „Freiwild,

224 2527 283 2587 und
316 2524 369 2584 der
397 2524 494 2584 kühne
527 2518 711 2578 „Reigen",
728 2515 781 2575 der
810 2513 874 2573 sehr
902 2509 1020 2569 großes
1048 2505 1204 2565 Aufsehen
1232 2497 1378 2557 gemacht

1227 2547 1385 2607 Gustel",

222 2575 307 2635 hat.e
338 2571 464 2631 Ferner
520 2568 571 2628 die
622 2562 946 2622 Monplognovellen
992 2550 1179 2610 „Leutnant

229 2625 313 2685 „Der
340 2622 435 2682 junge
462 2616 695 2676 Medardus",
711 2613 753 2673 Im
796 2608 949 2668 „Grünen
981 2602 1134 2662 Kakadu“
1161 2599 1219 2659 hat
1241 2593 1383 2653 Schnitz¬

223 2675 274 2735 ler
305 2671 351 2731 ein
388 2664 740 2724 Revolutionsdrama
772 2657 973 2717 geschaffen,
1000 2650 1149 2710 während
1191 2645 1273 2705 „Der
1300 2643 1377 2703 Weg

233 2722 281 2782 ins
314 2718 431 2778 Freie“
460 2717 508 2777 die
535 2712 745 2772 Judenfrage
779 2706 973 2766 behandelt.
995 2703 1037 2763 In
1070 2698 1216 2758 späteren
1249 2692 1372 2752 Jahren

235 2772 317 2832 schuf
334 2768 366 2828 er
389 2764 471 2824 dann
505 2761 561 2821 das
589 2759 682 2819 Werk
705 2755 920 2815 „Casanovas
949 2746 1181 2806 Heimfahrt",
1192 2741 1275 2801 seine
1297 2738 1380 2798 letzte

1206 2788 1383 2848 Schnitzler

227 2819 331 2879 große
364 2813 553 2873 Schöpfung
585 2809 658 2869 war
685 2806 743 2866 der
791 2802 927 2862 Roman
965 2795 1159 2855 „Therese“.

1230 2837 1306 2897 schon
1345 2834 1372 2894 in

233 2867 287 2927 hat
315 2866 363 2926 sich
401 2862 493 2922 durch
526 2858 585 2918 das
619 2856 710 2916 Stück
743 2852 933 2912 „Professor
961 2843 1177 2903 Bernhardi“

232 2916 288 2976 der
318 2913 564 2973 Vorkriegszeit
585 2907 640 2967 den
670 2906 735 2966 Haß
765 2902 821 2962 der
851 2897 1078 2957 Herrschenden
1108 2891 1306 2951 zugezogen.

1424 302 1557 362 box
1637 303 1818 363 42/6

1845 1356 2561 1416 DOBSERVER

1935 1419 1961 1479 I.
1975 1419 2096 1479 österr.
2105 1419 2257 1479 behördl.
2271 1419 2567 1479 konzessioniertes

1890 1461 2127 1521 Unternehmen
2155 1461 2200 1521 für
2228 1461 2611 1521 Zeitungs-Ausschnitte

1944 1519 2092 1579 WIEN,
2120 1523 2167 1583 I.,
2195 1522 2472 1582 WOLLZEILE
2520 1520 2560 1580 11

2039 1574 2258 1634 TELEPHON
2297 1572 2467 1632 R-23-0-43

1837 1715 2057 1775 Ausschnitt
2083 1722 2148 1782 aus
2173 1738 2287 1798 iZER
2329 1738 2533 1798 LAGESEOS

1843 1937 1949 1997 vom:
2039 1944 2136 2004 72.
2155 1937 2288 1997 OKT.
2307 1916 2484 1976 g

1934 2095 2177 2155 Theater
2246 2100 2342 2160 und
2409 2104 2620 2164 Kunst.

1907 2192 2013 2252 Arkur
2040 2195 2230 2255 Schnitzlers
2263 2195 2342 2255 letzte
2375 2197 2544 2257 Stunden.
2566 2198 2698 2258 Gestern

1841 2239 2042 2299 vormittags
2109 2240 2294 2300 unternahm
2367 2240 2470 2300 Artur
2522 2240 2702 2300 Schnitzler

1842 2281 1929 2341 einen
1976 2282 2214 2342 Spaziergang
2262 2283 2318 2343 von
2370 2285 2474 2345 seiner
2516 2285 2701 2345 Döblinger

1844 2324 1926 2384 Villa
1963 2327 1988 2387 in
2025 2324 2076 2384 der
2107 2328 2428 2388 Sternwartestraße
2459 2327 2495 2387 71
2527 2329 2603 2389 aus.
2640 2330 2686 2390 Um

1842 2368 1877 2428 11
1909 2371 1976 2431 Uhr
2002 2371 2053 2431 kam
2101 2370 2131 2430 er
2163 2369 2230 2429 heim
2277 2371 2333 2431 und
2371 2371 2437 2431 eine
2463 2371 2707 2431 Viertelstunde

1851 2414 1948 2474 später
1980 2413 2052 2473 fand
2089 2413 2134 2473 die
2166 2416 2357 2476 Sekretärin
2389 2416 2445 2476 den
2482 2416 2611 2476 Mann,
2648 2416 2704 2476 der

1841 2458 1981 2518 niemals
2012 2458 2092 2518 ohne
2123 2458 2243 2518 Arbeit
2269 2458 2323 2518 sein
2359 2460 2490 2520 konnte,
2520 2461 2550 2521 in
2581 2461 2681 2521 seinem

1838 2503 2190 2563 bücherumstandenen
2241 2503 2503 2563 Diktierzimmer
2554 2503 2704 2563 bewußt¬

1838 2544 1885 2604 los
1923 2544 1996 2604 auf.
2029 2544 2114 2604 Man
2151 2545 2278 2605 brachte
2311 2547 2485 2607 Schnitzler
2528 2545 2634 2605 sofort
2666 2546 2697 2606 zu

1842 2586 1937 2646 Bett,
1953 2588 2021 2648 doch
2048 2588 2106 2648 hat
2128 2589 2159 2649 er
2186 2589 2238 2649 das
2270 2591 2470 2651 Bewußtsein
2508 2591 2587 2651 nicht
2609 2589 2698 2649 mehr

1836 2634 1989 2694 erlangt,
2011 2631 2047 2691 ist
2075 2634 2121 2694 sich
2154 2634 2254 2694 seines
2287 2634 2467 2694 Zustandes
2499 2634 2562 2694 also
2595 2634 2695 2694 keinen

1838 2676 2033 2736 Augenblick
2060 2677 2196 2737 bewußt
2229 2679 2423 2739 geworden.
2466 2679 2513 2739 Er
2545 2679 2603 2739 hat
2635 2679 2698 2739 also

1836 2720 1922 2780 nicht
1967 2721 2091 2781 gelitten
2146 2721 2281 2781 gehabt,
2320 2723 2368 2783 als
2418 2721 2455 2781 um
2521 2721 2597 2781 ¼19
2635 2721 2705 2781 Uhr

1839 2765 2098 2825 Atemlähmung
2134 2765 2258 2825 eintrat
2285 2765 2347 2825 und
2378 2765 2403 2825 in
2435 2765 2528 2825 deren
2565 2765 2704 2825 Gefolge

1838 2807 1892 2867 der
1933 2809 2023 2869 Tod.
2069 2810 2119 2870 Am
2175 2810 2427 2870 Krankenlager
2468 2808 2578 2868 weilte
2634 2810 2694 2870 sein

1839 2852 1967 2912 Bruder
2009 2852 2132 2912 Hofrat
2169 2852 2236 2912 Dr.
2262 2852 2381 2912 Julius
2412 2853 2587 2913 Schnitzler
2634 2852 2695 2912 und

1841 2894 1883 2954 die
1910 2896 2042 2956 übrigen
2080 2897 2100 2957 in
2139 2897 2223 2957 Wien
2260 2897 2430 2957 weilenden
2468 2897 2695 2957 Angehörigen

1836 2936 1892 2996 des
1939 2940 2103 3000 Dichters.
2151 2938 2212 2998 Die
2265 2940 2507 3000 amtsärztliche
2554 2941 2703 3001 Leichen¬

1833 2980 1958 3040 beschau
1988 2983 2098 3043 wurde
2123 2983 2243 3043 gestern
2278 2984 2398 3044 abends
2427 2983 2707 3043 vorgenommen.

1836 3027 1941 3087 Ueber
1973 3026 2020 3086 die
2053 3028 2269 3088 Leichenfeier
2301 3028 2358 3088 sind
2396 3028 2464 3088 noch
2502 3028 2586 3088 keine
2618 3028 2702 3088 Dis¬

1837 3070 2011 3130 positionen
2044 3070 2224 3130 getroffen.
2251 3071 2314 3131 Der
2341 3070 2431 3130 Sohn
2458 3073 2627 3133 Heinrich,
2649 3073 2701 3133 der

1833 3115 1884 3175 als
1926 3115 2159 3175 Schauspieler
2196 3112 2227 3172 in
2269 3115 2382 3175 Berlin
2429 3115 2497 3175 lebt
2539 3115 2601 3175 und
2643 3115 2704 3175 vor

1834 3159 1942 3219 kurzer
1981 3156 2063 3216 Zeit
2107 3159 2134 3219 in
2184 3157 2276 3217 Wien
2343 3158 2408 3218 eine
2452 3159 2698 3219 Inszenierung

1835 3201 1958 3261 leitete,
1979 3201 2088 3261 durfte
2120 3201 2145 3261 im
2192 3202 2295 3262 Laufe
2322 3201 2373 3261 des
2404 3201 2554 3261 heutigen
2591 3203 2699 3263 Tages

1836 3243 1861 3303 in
1898 3245 1985 3305 Wien
2022 3245 2209 3305 eintreffen.
2235 3244 2245 3304 —
2297 3246 2369 3306 Zum
2416 3246 2468 3306 70.
2489 3246 2696 3306 Geburtstag

1839 3289 1888 3349 des
1914 3290 2059 3350 Dichters
2090 3289 2170 3349 hatte
2201 3288 2240 3348 ein
2276 3291 2532 3351 Freundeskreis
2563 3289 2698 3349 Wiener

1836 3332 2057 3392 Bibliophilen
2109 3332 2175 3392 eine
2217 3332 2470 3392 Bibliographie
2512 3332 2568 3392 der
2599 3332 2702 3392 sämt¬

1834 3377 1921 3437 lichen
1959 3374 2072 3434 Werke
2099 3376 2208 3436 Artur
2245 3375 2442 3435 Schnitzlers
2484 3375 2702 3435 vorbereitet;

1834 3418 1924 3478 darin
1966 3419 2092 3479 werden
2138 3419 2209 3479 auch
2256 3419 2305 3479 die
2342 3419 2534 3479 unzähligen
2581 3419 2702 3479 Ueber¬

1837 3464 1993 3524 setzungen
2054 3464 2254 3524 angeführt,
2293 3463 2324 3523 so
2379 3463 2433 3523 ins
2477 3464 2704 3524 Bulgarische,

1837 3506 2007 3566 Lettische,
2025 3509 2302 3569 Portugiesische,
2319 3509 2530 3569 Japanische.
