3344 4384
105 375 161 435 12

288 373 871 433 Schnitzlers
931 372 1167 432 Deatl

1401 366 1523 426 box
1602 369 1832 429 43/20

2065 241 2130 301 lors
2149 242 2209 302 Dod
2238 243 2345 303 fundet
2360 243 2401 303 sit
2420 243 2555 303 Udtryk.
2593 245 2631 305 Af
2655 245 2682 305 on
2711 245 2836 305 Artikel

2071 300 2224 360 »Berliner
2259 300 2446 360 Tagoblatte
2480 303 2513 363 af
2547 303 2662 363 Arnold
2706 302 2864 362 IIooll-

2069 360 2222 420 riegel
2247 358 2323 418 skal
2348 360 2400 420 her
2430 360 2578 420 gengivos
2612 362 2703 422 nogle
2737 360 2861 420 Enkelt¬

2074 413 2189 473 hoder.

2142 470 2247 530 Forsto
2277 472 2377 532 Gang,
2397 472 2512 532 hedder
2536 473 2603 533 det,
2623 475 2666 535 jog
2695 473 2767 533 talte
2796 473 2858 533 mod

2067 530 2182 590 Arthur
2214 530 2399 590 Schnitzler,
2426 528 2483 588 var
2515 527 2607 587 under
2639 530 2753 590 Krigen
2789 530 2802 590 1
2829 533 2860 593 en

2069 585 2228 645 overfyldt
2257 585 2435 645 Sporvogn.
2478 586 2520 646 VI
2544 586 2604 646 stog
2642 587 2675 647 ud
2709 589 2872 649 samtidig,

2074 643 2105 703 da
2142 643 2196 703 min
2233 643 2320 703 Bolig
2352 643 2411 703 var
2439 643 2452 703 1
2475 643 2644 703 Nwrheden
2704 643 2740 703 af
2791 646 2868 706 hans

2077 699 2170 759 Villa.
2211 699 2249 759 Vi
2270 700 2388 760 fulgtes
2413 700 2442 760 ad
2472 700 2565 760 nogle
2591 703 2714 763 Skridt,
2734 703 2768 763 og
2803 703 2876 763 alle¬

2074 757 2144 817 rode
2177 757 2209 817 da
2242 758 2340 818 sagdo
2368 759 2424 819 han
2457 760 2489 820 ot
2518 760 2578 820 Par
2607 760 2774 820 oplysendo
2807 760 2862 820 Ord

2077 817 2106 877 om
2150 817 2193 877 sig
2228 814 2309 874 solv.

2155 870 2283 930 Digter?
2327 871 2382 931 Jeg
2420 873 2449 933 er
2481 873 2530 933 for
2555 873 2610 933 det
2635 876 2752 936 forsto,
2777 876 2868 936 andet

2077 930 2106 990 og
2142 930 2238 990 trodje
2264 930 2369 990 Lage.
2405 932 2460 992 Jeg
2487 930 2567 990 foler
2592 933 2653 993 mig
2679 935 2769 995 langt
2795 936 2870 996 more

2080 988 2124 1048 som
2161 987 2252 1047 Læge
2279 987 2329 1047 ond
2362 987 2411 1047 som
2448 990 2625 1050 Forfatter.
2644 992 2721 1052 Mine
2749 993 2871 1053 Værker

2077 1047 2109 1107 er
2137 1047 2358 1107 udolukkende
2386 1049 2580 1109 Dlagnoser.

2152 1104 2238 1164 Efter
2267 1104 2377 1164 mange
2416 1106 2492 1166 Aars
2527 1106 2708 1166 Samkvem,
2738 1106 2795 1166 der
2829 1108 2876 1168 for

2080 1163 2136 1223 mig
2162 1163 2250 1223 betod
2276 1163 2405 1223 Lykke,
2421 1163 2467 1223 saa
2498 1166 2539 1226 jeg
2571 1164 2622 1224 ham
2664 1165 2756 1225 aidste
2782 1164 2870 1224 Gang

2077 1221 2124 1281 tre
2154 1220 2239 1280 Dage
2269 1220 2321 1280 for
2345 1220 2402 1280 han
2436 1223 2532 1283 dode.
2571 1222 2638 1282 Han
2672 1223 2724 1283 saa
2753 1223 2868 1283 daarlig

2081 1277 2130 1337 ud,
2155 1276 2214 1336 det
2239 1276 2342 1336 havde
2377 1278 2431 1338 han
2471 1280 2555 1340 gjort
2585 1279 2639 1339 don
2674 1281 2772 1341 sidste
2807 1281 2880 1341 Tid;

2081 1336 2144 1396 men
2176 1336 2208 1396 nu
2240 1336 2294 1396 var
2318 1336 2372 1396 han
2400 1336 2477 1396 uden
2505 1337 2559 1397 den
2591 1338 2673 1398 Aand
2705 1339 2741 1399 og
2769 1339 2882 1399 Liden-

2077 1393 2172 1453 skab,
2197 1393 2254 1453 der
2283 1396 2374 1456 ellers
2404 1396 2509 1456 livode
2544 1396 2577 1456 op
2611 1397 2624 1457 1
2658 1398 2735 1458 hans
2764 1397 2874 1457 gustne

2084 1453 2225 1513 Ausigt.

2161 1509 2220 1569 Han
2256 1509 2332 1569 talte
2363 1509 2428 1569 med
2464 1512 2524 1572 mig
2560 1512 2590 1572 om
2636 1512 2681 1572 sin
2717 1514 2878 1574 logomlige

2081 1566 2238 1626 Tilstand,
2254 1568 2288 1628 og
2318 1569 2371 1629 han
2396 1569 2548 1629 bekendte
2579 1570 2618 1630 sig
2643 1569 2790 1629 smilende
2815 1572 2864 1632 som

2081 1624 2115 1684 en
2175 1626 2327 1686 ulyksalig
2392 1626 2545 1686 Blanding
2605 1629 2639 1689 af
2693 1629 2782 1689 Læge
2842 1635 2876 1695 og

2082 1682 2293 1742 Hypokondor
2332 1684 2370 1744 og
2413 1686 2538 1746 stillede
2582 1683 2649 1743 selv
2693 1687 2889 1747 Diagnosen.

2088 1742 2201 1802 Nogles
2222 1742 2268 1802 lod
2294 1742 2350 1802 paa
2377 1745 2407 1805 en
2439 1742 2552 1802 nerves
2578 1744 2794 1804 Mavelidelse,
2815 1748 2871 1808 men

2084 1799 2136 1859 der
2170 1799 2227 1859 var
2257 1801 2342 1861 dem,
2372 1802 2419 1862 som
2473 1802 2516 1862 lod
2554 1802 2698 1862 formode
2732 1803 2804 1863 det,
2828 1805 2885 1865 der

2087 1856 2143 1916 var
2174 1859 2287 1919 værro.
2334 1859 2400 1919 Kun
2442 1862 2580 1922 Hjertet,
2607 1862 2704 1922 sagde
2741 1862 2817 1922 han,
2849 1862 2879 1922 or

2083 1915 2314 1975 ovorraskonde
2345 1916 2455 1976 sundt.
2497 1917 2536 1977 Et
2567 1918 2627 1978 Par
2653 1919 2748 1979 Dusin
2779 1919 2884 1979 Timer

2087 1972 2192 2032 sonere
2219 1972 2382 2032 standsede
2409 1972 2493 2032 dette
2525 1975 2646 2035 Hjerte;
2668 1978 2757 2038 ingen
2789 1978 2820 2038 af
2842 1978 2878 2038 de

2081 2029 2179 2089 andro
2210 2032 2412 2092 Sygdomma,
2438 2033 2591 2093 virkolige
2621 2035 2695 2095 eller
2725 2035 2892 2095 indbildte,

2087 2086 2123 2146 fik
2155 2086 2206 2146 Tid
2238 2089 2274 2149 til
2295 2089 2327 2149 at
2348 2090 2420 2150 gere
2447 2090 2504 2150 det
2525 2092 2556 2152 af
2583 2092 2645 2152 med
2677 2094 2759 2154 ham.

2165 2146 2247 2206 Ilvem
2286 2146 2342 2206 der
2370 2149 2419 2209 har
2447 2149 2547 2209 kendt
2570 2152 2686 2212 Artbur
2714 2152 2886 2212 Schnitwier

2087 2204 2200 2264 hans
2234 2204 2330 2264 sidste
2359 2207 2443 2267 Aar,
2466 2208 2596 2268 bovarer
2625 2209 2743 2269 Mindet
2772 2209 2806 2269 om
2857 2211 2885 2271 et

2085 2262 2180 2322 stort,
2229 2262 2315 2322 delt,
2334 2263 2444 2323 omukt
2473 2265 2506 2325 og
2540 2266 2598 2326 frit
2627 2268 2775 2328 smilende
2809 2268 2890 2328 Men¬

2086 2319 2200 2379 neske,
2220 2322 2286 2382 hvis
2311 2322 2483 2382 porsonlige
2512 2325 2670 2385 tiltalende
2699 2327 2732 2387 og
2766 2328 2885 2388 muntre

2086 2378 2257 2438 fornomme
2288 2380 2440 2440 Holdning
2475 2383 2573 2443 aldrig
2608 2384 2770 2444 svigtede,
2819 2384 2883 2444 men

2088 2436 2137 2496 som
2178 2437 2253 2497 altid
2285 2438 2349 2498 blev
2380 2438 2465 2498 mere
2517 2441 2698 2501 ulykkelig.
2739 2444 2884 2504 Grunden

2087 2495 2184 2555 hertil
2206 2495 2262 2555 var
2289 2495 2360 2555 ikke
2412 2498 2500 2558 alene
2532 2501 2743 2561 Tragediorne
2775 2501 2784 2561 1
2811 2501 2887 2561 hans

2086 2555 2160 2615 egen
2191 2555 2317 2615 Famille
2343 2555 2377 2615 og
2408 2557 2483 2617 hans
2514 2558 2584 2618 adle
2615 2559 2674 2619 Ven
2711 2561 2796 2621 Hugo
2826 2561 2881 2621 von

2091 2614 2343 2674 Hofmannsthals
2372 2614 2454 2674 Ded.
2498 2616 2643 2676 Grunden
2682 2617 2735 2677 kan
2774 2617 2890 2677 enhver

2092 2674 2153 2734 læse
2180 2674 2220 2734 sig
2247 2674 2282 2734 til
2304 2674 2313 2734 i
2330 2674 2407 2734 hane
2433 2674 2556 2734 Værker
2578 2674 2655 2734 efter
2681 2674 2763 2734 1918.
2779 2675 2882 2735 Denne

2089 2731 2196 2791 Mand,
2219 2734 2321 2794 denne
2355 2734 2484 2794 Digter,
2512 2734 2609 2794 denne
2643 2734 2734 2794 Lægo
2773 2734 2886 2794 tankte

2088 2792 2123 2852 nu
2155 2791 2211 2851 kun
2243 2791 2294 2851 paa
2325 2791 2407 2851 detto
2439 2791 2469 2851 at
2495 2791 2577 2851 blive
2604 2791 2742 2851 gammel
2764 2793 2794 2853 og
2825 2791 2882 2851 pae

2091 2847 2207 2907 Doden.
2245 2847 2314 2907 Han
2347 2847 2399 2907 var
2427 2849 2485 2909 lige
2517 2850 2608 2910 langt
2630 2850 2752 2910 fjernet
2779 2850 2821 2910 fra
2853 2850 2885 2910 en

2090 2907 2210 2967 hvilken
2246 2906 2296 2966 som
2336 2907 2417 2967 helst
2448 2907 2649 2967 Resignation
2680 2907 2735 2967 som
2776 2907 2821 2967 fra
2852 2907 2886 2967 en

2093 2964 2203 3024 ledelos
2226 2967 2336 3027 Frygt.
2370 2966 2436 3026 Men
2465 2967 2708 3027 Sporgsmaalet
2731 2967 2786 3027 var
2809 2967 2880 3027 altid

2091 3024 2315 3084 nærværende,
2359 3024 2392 3084 en
2445 3024 2550 3084 stadig
2584 3027 2712 3087 Martren
2751 3024 2784 3084 af
2809 3024 2889 3084 Tan¬

2090 3082 2200 3142 kerno.
2238 3080 2323 3140 Hans
2366 3083 2519 3143 Arbejde,
2552 3083 2604 3143 den
2652 3082 2747 3142 sidste
2774 3083 2895 3143 Strek¬

2086 3143 2157 3203 ning
2187 3140 2220 3200 af
2240 3140 2316 3200 hans
2340 3140 2532 3200 glansfulde,
2552 3140 2767 3200 kunstnoriske
2797 3142 2897 3202 lebe¬

2091 3200 2165 3260 bane
2196 3197 2249 3257 var
2275 3197 2339 3257 helt
2360 3200 2578 3260 overskygget
2603 3200 2711 3260 deraf.

2164 3256 2339 3316 Schnitzler
2372 3256 2541 3316 arbejdede
2579 3259 2684 3319 stadig
2723 3259 2780 3319 paa
2813 3259 2892 3319 flere

2098 3313 2221 3373 Vorker
2246 3316 2408 3376 samtidig,
2428 3316 2477 3376 som
2522 3316 2576 3376 han
2606 3316 2650 3376 lod
2685 3316 2763 3376 ligge
2793 3316 2892 3376 lange

2089 3370 2257 3430 ufuldendt
2281 3373 2313 3433 og
2346 3371 2510 3431 uaffilede.
2534 3373 2594 3433 Man
2632 3373 2673 3433 vil
2697 3373 2781 3433 finde
2810 3373 2889 3433 storo

2087 3430 2236 3490 litterære
2270 3430 2585 3490 Efterladenskaber.

2160 3485 2217 3545 Jeg
2242 3486 2366 3546 frygter
2391 3486 2452 3546 for,
2472 3488 2501 3548 at
2525 3486 2577 3546 han
2607 3486 2621 3546 i
2641 3488 2717 3548 mine
2746 3489 2885 3549 Dromme

2095 3543 2134 3603 vil
2154 3543 2218 3603 staa
2248 3543 2391 3603 saaledes
2421 3544 2465 3604 for
2490 3546 2569 3606 mig:
2594 3546 2673 3606 lille,
2693 3549 2766 3609 graa
2792 3547 2806 3607 !
2831 3546 2894 3606 An¬

2085 3603 2193 3663 sigtet,
2216 3600 2531 3660 sammenskrumpen
2648 3605 2707 3665 den
2747 3606 2891 3666 elegante

2090 3657 2292 3717 Overfrakke.
2340 3659 2403 3719 Han
2442 3660 2576 3720 trakker
2606 3663 2664 3723 paa
2703 3663 2890 3723 Skuldrene,

2082 3715 2396 3775 Schnitzler-Lokkep
2470 3716 2574 3776 flyver
2611 3719 2688 3779 over
2721 3718 2775 3778 den
2821 3719 2889 3779 vid¬

2086 3773 2245 3833 underlige
2275 3776 2394 3836 Pande,
2415 3776 2669 3836 Hageskoggets
2694 3776 2783 3836 hvide
2809 3779 2892 3839 Haar

2087 3833 2194 3893 sitrer.
2232 3833 2288 3893 Jeg
2316 3833 2367 3893 sor
2396 3833 2452 3893 ham
2495 3835 2564 3895 staa
2598 3833 2767 3893 fortvivlet
2795 3836 2888 3896 træk¬

2084 3890 2183 3950 kende
2213 3890 2267 3950 paa
2303 3890 2475 3950 Skuldreno
2506 3893 2565 3953 paa
2600 3893 2818 3953 Afslutningen
2858 3897 2887 3957 af

2087 3946 2163 4006 hans
2192 3947 2326 4007 glorrige
2355 3949 2528 4009 halvfjerds
2557 3950 2634 4010 Aar,
2658 3952 2734 4012 efter
2764 3952 2792 4012 et
2817 3952 2888 4012 saa¬

2089 4003 2159 4063 dant
2183 4006 2328 4066 Arbejde,
2347 4006 2506 4066 saadanne
2530 4009 2704 4069 Triumfer.
2737 4009 2803 4069 Han
2831 4011 2882 4071 var

2086 4063 2140 4123 dog
2175 4063 2302 4123 fremfor
2332 4063 2376 4123 alt
2401 4066 2430 4126 en
2460 4066 2568 4126 Læge,
2588 4068 2691 4128 stadig
2721 4067 2784 4127 med
2815 4069 2888 4129 Fin¬

2083 4123 2175 4183 geren
2213 4123 2267 4183 paa
2305 4123 2380 4183 egen
2419 4125 2505 4185 Puls,
2532 4128 2569 4188 og
2603 4125 2661 4185 han
2700 4125 2818 4185 vidste,
2846 4128 2883 4188 at

2089 4179 2189 4239 Doden
2226 4179 2306 4239 vilde
2332 4181 2472 4241 komme.
