3392 4384
728 241 787 301 sind
826 243 873 303 die
908 240 1259 300 Schnitzler-Menschen
1299 243 1371 303 grau
1410 237 1590 297 geworden.

721 282 764 342 Sie
796 285 934 345 kommen
971 285 1026 345 aus
1054 283 1137 343 einer
1165 282 1299 342 anderen
1335 282 1402 342 Zeit
1430 282 1453 342 in
1490 279 1588 339 dieses

730 324 843 384 Leben,
866 327 925 387 und
962 327 1007 387 sie
1039 325 1134 385 gehen
1171 324 1239 384 hier
1271 324 1316 384 ein
1353 324 1448 384 wenig
1485 322 1580 382 fremd

787 1423 841 1483 her
881 1424 943 1484 mt
976 1423 1210 1483 verwunderten
1242 1424 1391 1484 Blicken.
1415 1423 1486 1483 Den
1541 1419 1595 1479 die

729 1468 797 1528 Zeit
821 1468 901 1528 ibrer
931 1468 1063 1528 schönen
1093 1466 1352 1526 Dämmerungen,
1370 1468 1451 1528 ihrer
1474 1465 1577 1525 Abend

728 1510 886 1570 stunden,
915 1510 1000 1570 ihrer
1035 1507 1181 1567 Einkeln,
1210 1506 1295 1566 ihrer
1330 1503 1500 1563 zärtlichen
1540 1503 1596 1563 Ge¬

727 1554 878 1614 spräche,
904 1549 989 1609 ihrer
1040 1549 1116 1609 Art,
1162 1548 1278 1608 Frauen
1339 1551 1374 1611 zu
1425 1550 1601 1610 erkennen,

735 1596 788 1656 und
824 1596 859 1656 zu
895 1593 1048 1653 nehmen,
1072 1593 1120 1653 ihr
1150 1593 1416 1653 Liebe-Beginnen
1458 1594 1511 1654 und
1553 1593 1599 1653 ihr

734 1635 944 1695 Liebe-Enden
976 1635 1043 1695 sind
1081 1635 1206 1695 vorbei.

769 1680 886 1740 Dahin.
915 1680 1078 1740 Verweht.
1107 1678 1163 1738 Das
1206 1678 1304 1738 waren
1342 1677 1600 1737 Lieblingsworte

733 1721 825 1781 Artur
857 1721 1062 1781 Schnitzlers,
1089 1720 1145 1780 der
1172 1718 1248 1778 noch
1285 1721 1310 1781 in
1476 1718 1599 1778 Gegen¬

742 1765 814 1825 wart
846 1765 1285 1825 Vergangenheitsmenschen
1304 1760 1474 1820 b,
1524 1760 1596 1820 woil

736 1810 759 1870 er
794 1808 884 1868 keine
937 1808 1071 1868 anderen
1129 1805 1263 1865 kannte,
1312 1805 1402 1865 keihe
1456 1805 1589 1865 anderen

734 1852 850 1912 kennen
888 1850 1009 1910 wollte.
1033 1850 1088 1910 Mit
1122 1850 1173 1910 den
1211 1850 1331 1910 Jungen
1388 1849 1448 1909 von
1505 1849 1593 1909 heute

737 1896 817 1956 hatte
847 1893 877 1953 er
903 1894 1004 1954 nichts
1034 1892 1064 1952 zu
1095 1892 1165 1952 tun,
1186 1890 1286 1950 dieser
1312 1889 1438 1949 Epoche
1464 1892 1594 1952 Kämpfe

735 1937 789 1997 und
823 1936 1028 1996 Niederlagen
1061 1933 1298 1993 interessierten
1338 1933 1387 1993 ihn
1427 1933 1598 1993 scheinbar

734 1981 831 2041 nicht,
859 1981 935 2041 oder
968 1978 1000 2038 er
1027 1978 1103 2038 fand
1142 1975 1239 2035 weder
1273 1976 1380 2036 Laune
1413 1975 1489 2035 noch
1522 1976 1603 2036 Zeit,

734 2024 781 2084 bis
813 2026 850 2086 zu
887 2023 971 2083 ihnen
1014 2024 1050 2084 zu
1088 2021 1256 2081 gelangen.
1288 2020 1330 2080 Er
1362 2017 1441 2077 lebte
1478 2019 1504 2079 in
1542 2021 1599 2081 des

736 2066 843 2126 müden
886 2067 1003 2127 Sphäre
1046 2065 1128 2125 eines
1164 2060 1365 2120 glückhaften
1412 2060 1598 2120 Vorkriegs¬

737 2110 944 2170 Oeterreichs,
968 2110 1026 2170 das
1056 2107 1121 2167 sein
1157 2102 1381 2162 dichterisches
1418 2101 1512 2161 Beich
1548 2100 1606 2160 ge¬

739 2151 833 2211 wesen
869 2152 924 2212 ist.
945 2153 1030 2213 Noch
1066 2149 1146 2209 sieht
1177 2147 1242 2207 man
1282 2146 1383 2206 seinen
1424 2143 1604 2203 nachdenk¬

734 2194 935 2254 lich-feschen
972 2192 1147 2252 „Leutnant
1173 2187 1287 2247 Gustl“
1313 2187 1369 2247 auf
1396 2187 1452 2247 der
1479 2187 1602 2247 Prater¬

741 2244 815 2304 bank
851 2244 966 2304 sitzen,
990 2244 1041 2304 das
1071 2243 1146 2303 süße
1175 2240 1279 2300 Mädel
1303 2238 1418 2298 kommt
1448 2238 1500 2298 aus
1535 2238 1586 2298 dem

737 2289 943 2349 Volkagarten
980 2286 1038 2346 und
1060 2285 1102 2345 die
1123 2283 1377 2343 Schlager-Mizzi
1404 2283 1541 2343 spaziert
1558 2280 1589 2340 um

738 2332 781 2392 ein
798 2332 992 2392 Nachtmahl
1004 2330 1031 2390 zu
1053 2328 1247 2388 arrangieren
1281 2326 1375 2386 durch
1414 2323 1464 2383 die
1476 2325 1597 2385 Winkcl

738 2377 847 2437 gassen
882 2378 939 2438 der
968 2375 1163 2435 Josefstadt,
1187 2371 1226 2431 wo
1262 2371 1313 2431 der
1342 2370 1520 2430 Lobmeyer
1549 2369 1601 2429 ge¬

742 2420 845 2480 wohnt
877 2417 944 2477 hat.

777 2462 844 2522 Wie
879 2462 947 2522 weit
970 2462 1009 2522 ist
1038 2459 1095 2519 das
1124 2458 1197 2518 alles
1226 2456 1277 2516 von
1311 2458 1362 2518 der
1391 2456 1607 2516 Sachlichkeit

744 2507 795 2567 des
821 2505 939 2565 Radio-
965 2504 1021 2564 und
1053 2503 1341 2563 Flugzeug-Heute,
1388 2502 1413 2562 in
1455 2501 1511 2561 der
1548 2501 1599 2561 die

750 2549 1172 2609 Anatol-Empfindsamkeit,
1219 2546 1358 2606 Liebelei
1404 2546 1461 2606 und
1509 2546 1601 2606 Liebe

1036 2693 1236 2753 Frisch,
1248 2689 1586 2749 fröhlichegesund

1168 2738 1247 2798 fühlt
1270 2735 1313 2795 sich
1336 2732 1415 2792 jeder
1438 2731 1521 2791 durch

1094 2802 1164 2862 Dr.
1181 2797 1385 2857 Axelrod's
1409 2797 1606 2857 Yoghurt

1095 2867 1158 2927 der
1183 2864 1350 2924 Wiener
1382 2862 1605 2922 Molkerei.

751 2976 805 3036 von
836 2974 1027 3034 Schnitzlers
1063 2970 1279 3030 Abgesandten
1330 2970 1400 3030 nach
1451 2967 1611 3027 Lavenlel

750 3019 802 3079 und
846 3020 1013 3080 vergilbten
1047 3015 1296 3075 Seidenbändern
1330 3012 1445 3072 riecht.
1470 3009 1522 3069 Die
1556 3008 1613 3068 Be¬

748 3062 915 3122 ziehungen
961 3060 1014 3120 der
1047 3058 1205 3118 Menschen
1251 3054 1345 3114 haben
1391 3053 1454 3113 sich
1500 3051 1608 3111 verän¬

743 3107 833 3167 dert,
853 3104 1077 3164 Leidenschaft
1102 3100 1197 3160 findet
1226 3098 1336 3158 andere
1365 3095 1533 3155 Deutung,
1553 3095 1614 3155 seit

747 3153 795 3213 die
831 3149 989 3209 Menschen
1030 3145 1113 3205 mehr
1144 3144 1192 3204 tun
1232 3142 1289 3202 und
1338 3140 1474 3200 weniger
1519 3137 1611 3197 nach¬

751 3195 890 3255 denken,
937 3191 993 3251 der
1026 3191 1124 3251 ganze
1162 3184 1521 3244 Zärtlichkeits-Betrieb
1559 3179 1614 3239 der

749 3237 1023 3297 Schnitzler-Welt
1047 3233 1088 3293 ist
1112 3232 1158 3292 ins
1187 3230 1321 3290 Wanken
1354 3227 1498 3287 geraten,
1522 3224 1605 3284 keine

751 3280 899 3340 Komödie
948 3276 1000 3336 der
1029 3274 1129 3334 Worte
1183 3271 1283 3331 mehr,
1322 3270 1389 3330 kein
1428 3268 1518 3328 Spiel
1557 3267 1614 3327 der

754 3325 862 3385 Sinne,
890 3319 981 3379 keine
1022 3314 1481 3374 melancholisch-geflüsterten
1523 3310 1613 3370 Sätze

749 3375 779 3435 an
815 3365 1046 3425 Straßenecken
1082 3360 1170 3420 unter
1197 3358 1352 3418 fallendem
1397 3355 1534 3415 Schnee,
1552 3355 1614 3415 ur

759 3412 894 3472 Unruhe.
950 3409 1034 3469 Haß,
1082 3402 1311 3462 mörderischer
1367 3397 1619 3457 Lebenskampf;

756 3457 985 3517 Stimmungen,
1029 3450 1130 3510 denen
1178 3445 1369 3505 Schnitzlers
1404 3442 1489 3502 Werk
1548 3442 1609 3502 fern

757 3501 855 3561 blieb.

791 3543 829 3603 Er
867 3542 910 3602 ist
944 3538 997 3598 der
1036 3534 1165 3594 Dichter
1199 3532 1324 3592 sanfter
1358 3528 1545 3588 Deutungen
1588 3525 1612 3585 in

756 3584 1043 3644 Menschenkreisen
1078 3579 1112 3639 um
1156 3575 1478 3635 Neunzehnhundert,
1504 3571 1533 3631 or
1564 3570 1619 3630 bat

755 3631 821 3691 eine
875 3628 967 3688 Reihe
1025 3620 1285 3680 unvergeßlicher
1343 3615 1617 3675 österreichisher

755 3672 918 3732 Menschen
952 3668 1129 3728 gedichtet,
1171 3663 1274 3723 kleine
1307 3660 1363 3720 und
1400 3657 1512 3717 große,
1559 3653 1624 3713 Ge¬

757 3718 869 3778 lehrte,
898 3710 1156 3770 Kapellmeister,
1180 3704 1330 3764 Fürsten,
1358 3701 1461 3761 Ärzte,
1490 3698 1626 3758 Schrift¬

760 3761 881 3821 steller,
909 3755 965 3815 Mit
998 3752 1184 3812 besonderer
1222 3746 1361 3806 Vorliebe
1395 3743 1529 3803 geistige
1567 3740 1622 3800 Be¬

759 3806 840 3866 rufe,
862 3803 935 3863 denn
961 3800 1004 3860 sie
1030 3795 1141 3855 konnte
1172 3792 1201 3852 er
1228 3791 1271 3851 die
1297 3788 1404 3848 echten
1438 3785 1606 3845 Schnitzler

765 3848 846 3908 Sätze
885 3842 1031 3902 sprochen
1074 3839 1190 3899 lassen,
1220 3834 1301 3894 diese
1340 3830 1495 3890 schönen,
1525 3827 1624 3887 elegi¬

762 3894 850 3954 schen
886 3886 1242 3946 Nachdenklichkeiten,
1265 3877 1308 3937 die
1335 3876 1440 3936 immer
1467 3872 1617 3932 zwisthon

766 3936 815 3996 dem
879 3931 938 3991 Tod
993 3929 1051 3989 und
1102 3925 1156 3985 dem
1215 3921 1315 3981 Leben
1365 3916 1519 3976 standen,
1560 3913 1623 3973 voll

769 3979 959 4039 Schwermut
982 3973 1040 4033 und
1073 3970 1095 4030 im
1136 3966 1232 4026 Glanz
1260 3964 1309 4024 der
1337 3960 1613 4020 österreichischen

771 4021 883 4081 Natur.

808 4066 893 4126 Diese
921 4061 1016 4121 Natur
1039 4060 1093 4120 hat
1117 4057 1212 4117 Artui
1235 4051 1375 4111 schnizl

770 4112 849 4172 einer
878 4105 1031 4165 stärkeren
1064 4101 1199 4161 Neigung
1232 4097 1274 4157 als
1298 4093 1423 4153 manche
1451 4090 1553 4150 derer,
1573 4087 1619 4147 die

770 4155 941 4215 pathetisch
975 4152 1069 4212 Berg,
1097 4145 1190 4205 Wiese
1224 4141 1279 4201 und
1313 4137 1390 4197 Halm
1429 4134 1539 4194 lyrisch
1573 4131 1622 4191 be¬
