3344 4352
203 291 288 351 2.
346 292 941 352 Schnitzler's
1009 293 1238 353 Death

1466 292 1597 352 box
1676 294 1861 354 42/6

2232 789 2364 849 Arthur
2396 789 2575 849 Schnitzler
2616 788 2661 848 f.

2073 873 2136 933 Der
2168 873 2294 933 Dichter
2326 872 2452 932 Arthur
2479 870 2653 930 Schnitzler
2685 867 2722 927 ist
2749 867 2864 927 gestern

2009 918 2225 978 nachmittags
2260 915 2283 975 im
2328 915 2382 975 70.
2407 915 2632 975 Lebensjahre
2662 912 2696 972 an
2731 912 2872 972 Gehirn¬

2007 962 2143 1022 blutung
2179 957 2365 1017 gestorben.

2074 1013 2200 1073 Arthur
2233 1011 2406 1071 Schnitzler
2439 1010 2475 1070 ist
2502 1008 2596 1068 neben
2639 1007 2718 1067 Karl
2750 1006 2871 1066 Schön¬

2012 1059 2082 1119 herr
2113 1058 2168 1118 der
2199 1055 2426 1115 bedeutendste
2458 1052 2700 1112 österreichische
2731 1049 2877 1109 Drama¬

2012 1101 2087 1161 tiker
2112 1100 2274 1160 gewesen.
2295 1097 2334 1157 Er
2360 1097 2420 1157 gilt
2447 1095 2491 1155 als
2522 1094 2572 1154 der
2603 1094 2794 1154 Begründer
2820 1094 2870 1154 des

2017 1145 2166 1205 „Wiener
2198 1141 2311 1201 Stils“
2342 1142 2404 1202 auf
2431 1140 2487 1200 der
2518 1139 2652 1199 Bühne,
2679 1139 2766 1199 jenes
2798 1136 2880 1196 fein¬

2011 1188 2187 1248 nervigen,
2212 1186 2340 1246 zarten,
2360 1183 2585 1243 ziselierenden
2621 1180 2723 1240 Stils,
2749 1180 2797 1240 der
2827 1182 2876 1242 als

2012 1231 2238 1291 Niederschlag
2273 1229 2323 1289 des
2359 1227 2620 1287 Naturalismus
2656 1225 2716 1285 auf
2742 1225 2877 1285 Wiener

2010 1276 2171 1336 Eigenart
2192 1273 2283 1333 durch
2309 1271 2364 1331 Sil
2390 1272 2502 1332 Vara,
2518 1270 2634 1330 Salten
2665 1267 2721 1327 und
2752 1270 2878 1330 Auern¬

2015 1319 2133 1379 heimer
2160 1318 2205 1378 die
2232 1318 2407 1378 Hochblüte
2433 1315 2485 1375 der
2516 1314 2645 1374 Wiener
2676 1313 2877 1373 Feuilleton¬

2017 1364 2110 1424 kunst
2131 1361 2317 1421 bedeutete.

2081 1416 2276 1476 Schnitzlers
2304 1413 2424 1473 Vater,
2446 1410 2615 1470 Professor
2647 1407 2678 1467 an
2711 1407 2763 1467 der
2795 1407 2879 1467 Wie¬

2019 1461 2068 1521 ner
2104 1458 2326 1518 Universität,
2357 1455 2427 1515 war
2459 1452 2513 1512 der
2544 1452 2629 1512 Arzt
2660 1452 2711 1512 der
2747 1452 2882 1512 Wiener

2015 1504 2237 1564 Gesellschaft;
2265 1504 2296 1564 zu
2328 1499 2428 1559 seinen
2471 1497 2640 1557 Patienten
2678 1495 2800 1555 zählten
2837 1497 2884 1557 die

2018 1547 2290 1607 Berühmtheiten
2326 1544 2376 1604 des
2407 1542 2624 1602 Kunstlebens
2655 1539 2710 1599 der
2736 1539 2887 1599 österrei¬

2019 1591 2140 1651 chischen
2178 1590 2400 1650 Hauptstadt.
2427 1585 2506 1645 Auch
2544 1583 2676 1643 Arthur
2708 1582 2883 1642 Schnitzler

2019 1634 2168 1694 studierte
2200 1634 2364 1694 Medizin.
2386 1631 2432 1691 Er
2458 1628 2680 1688 promovierte
2711 1625 2784 1685 1885
2820 1625 2882 1685 und

2019 1678 2100 1738 blieb
2138 1679 2192 1739 bis
2230 1677 2283 1737 zum
2338 1674 2440 1734 Jahre
2479 1671 2554 1731 1893
2593 1670 2743 1730 Assistent
2777 1670 2879 1730 seines

2019 1721 2160 1781 Vaters.
2187 1718 2312 1778 Später
2345 1718 2469 1778 richtete
2502 1716 2534 1776 er
2567 1715 2616 1775 sich
2654 1714 2718 1774 eine
2746 1712 2886 1772 Privat¬

2020 1767 2131 1827 praxis
2163 1765 2231 1825 ein.

2089 1819 2249 1879 Zahlreich
2288 1815 2348 1875 sind
2389 1812 2438 1872 die
2471 1810 2699 1870 dramatischen
2744 1810 2805 1870 und
2838 1808 2888 1868 er¬

2024 1862 2193 1922 zählenden
2225 1858 2335 1918 Werke
2363 1857 2458 1917 dieses
2485 1855 2765 1915 repräsentativen
2792 1852 2886 1912 öster¬

2021 1906 2198 1966 reichischen
2242 1903 2409 1963 Dichters.
2442 1900 2512 1960 Mit
2550 1897 2604 1957 den
2648 1897 2874 1957 dramatischen

2027 1947 2303 2007 Zwiegesprächen
2342 1944 2504 2004 „Anatol“
2532 1941 2656 2001 erregte
2684 1939 2716 1999 er
2744 1941 2797 2001 zum
2841 1940 2889 2000 er¬

2022 1993 2164 2053 stenmal
2186 1989 2344 2049 Aufsehen
2382 1989 2408 2049 in
2445 1987 2598 2047 weitesten
2636 1983 2757 2043 Kreisen
2795 1986 2884 2046 durch

2022 2037 2073 2097 die
2097 2036 2207 2096 Kunst
2230 2035 2282 2095 zur
2312 2031 2600 2091 Dialogführung.
2625 2028 2694 2088 Mit
2717 2028 2769 2088 der
2799 2028 2891 2088 „Lie¬

2020 2079 2122 2139 belei“
2154 2078 2262 2138 wurde
2293 2076 2417 2136 Arthur
2448 2073 2618 2133 Schnitzler
2650 2073 2886 2133 Burgtheater¬

2022 2124 2138 2184 autor.
2165 2120 2207 2180 In
2250 2120 2568 2180 altösterreichischen
2605 2115 2881 2175 Offizierskreisen

2034 2168 2120 2228 spielt
2153 2165 2212 2225 das
2256 2162 2456 2222 Schauspiel
2489 2158 2690 2218 „Freiwild“
2734 2156 2798 2216 und
2842 2156 2885 2216 die

2028 2210 2163 2270 Novelle
2196 2207 2391 2267 „Leutnant
2425 2203 2560 2263 Gustl“;
2615 2201 2663 2261 ihr
2697 2201 2881 2261 Erscheinen

2026 2255 2194 2315 bewirkte,
2227 2252 2280 2312 daß
2325 2250 2504 2310 Schnitzler
2542 2246 2591 2306 die
2630 2246 2760 2306 Charge
2798 2246 2884 2306 eines

2031 2297 2268 2357 Militärarztes
2325 2294 2351 2354 in
2413 2292 2470 2352 der
2507 2289 2646 2349 Reserve
2677 2288 2883 2348 niederlegen

2031 2341 2152 2401 mußte.
2184 2340 2290 2400 Unter
2322 2336 2380 2396 den
2423 2335 2650 2395 Schöpfungen
2693 2331 2888 2391 Schnitzlers

2022 2385 2174 2445 befinden
2207 2383 2255 2443 sich
2282 2381 2380 2441 viele,
2407 2380 2472 2440 die,
2489 2380 2558 2440 bald
2592 2377 2737 2437 prickelnd
2771 2377 2895 2437 geschil¬

2031 2431 2115 2491 dert,
2131 2428 2205 2488 bald
2232 2425 2460 2485 psychologisch
2492 2423 2550 2483 mit
2572 2419 2895 2479 außerordentlicher

2031 2473 2274 2533 Gründlichkeit
2328 2468 2391 2528 und
2445 2466 2582 2526 Schärfe
2614 2464 2799 2524 motiviert,
2827 2464 2889 2524 eine

2025 2517 2293 2577 eigentümliche,
2315 2513 2371 2573 von
2403 2512 2526 2572 leichter
2558 2509 2775 2569 Melancholie
2802 2506 2899 2566 über¬

2027 2559 2169 2619 schattete
2196 2558 2306 2618 Erotik
2329 2556 2529 2616 aufweisen:
2545 2554 2571 2614 so
2598 2552 2645 2612 die
2673 2550 2894 2610 Szenenfolge

2031 2606 2117 2666 „Der
2145 2602 2317 2662 Reigen",
2345 2598 2387 2658 die
2420 2598 2501 2658 1896
2534 2598 2679 2658 entstand
2718 2597 2776 2657 und
2809 2593 2890 2653 1920

2027 2652 2127 2712 gegen
2170 2646 2227 2706 den
2276 2643 2392 2703 Willen
2440 2643 2493 2703 des
2536 2642 2683 2702 Dichters
2721 2637 2747 2697 in
2795 2637 2884 2697 Wien

2033 2692 2226 2752 aufgeführt
2249 2687 2378 2747 wurde.
2395 2687 2492 2747 Eines
2520 2685 2616 2745 seiner
2644 2682 2773 2742 feinsten
2800 2682 2897 2742 histo¬

2027 2735 2137 2795 rischen
2175 2733 2323 2793 Dramen
2360 2732 2397 2792 ist
2430 2730 2513 2790 „Der
2540 2729 2641 2789 junge
2673 2725 2900 2785 Medardus“,

2032 2779 2093 2839 aus
2120 2777 2171 2837 der
2192 2777 2284 2837 Zeit,
2300 2775 2330 2835 da
2362 2774 2526 2834 Napoleon
2558 2773 2583 2833 I.
2604 2772 2624 2832 in
2656 2771 2743 2831 Wien
2774 2769 2897 2829 weilte;

2032 2822 2090 2882 mit
2112 2821 2164 2881 dem
2207 2821 2371 2881 ärztlichen
2403 2818 2509 2878 Beruf
2531 2816 2641 2876 befaßt
2663 2816 2711 2876 sich
2738 2816 2796 2876 das
2823 2813 2901 2873 viel¬

2037 2864 2237 2924 umstrittene
2265 2861 2459 2921 Schauspiel
2482 2861 2671 2921 „Professor
2699 2858 2904 2918 Bernardi“.

2038 2909 2130 2969 Einen
2172 2906 2317 2966 überaus
2353 2906 2472 2966 starken
2509 2904 2627 2964 Erfolg
2659 2903 2783 2963 errang
2815 2900 2897 2960 1910

2034 2954 2123 3014 „Das
2150 2953 2245 3013 weite
2272 2950 2383 3010 Land“
2416 2950 2441 3010 im
2485 2947 2728 3007 Burgtheater;
2744 2944 2823 3004 1925
2850 2940 2903 3000 er¬

2029 2999 2119 3059 schien
2157 2995 2204 3055 die
2236 2994 2449 3054 dramatische
2482 2992 2641 3052 Dichtung
2679 2992 2763 3052 „Der
2796 2989 2896 3049 Gang

2037 3043 2088 3103 zum
2130 3039 2306 3099 Weiher",
2322 3037 2342 3097 in
2379 3037 2430 3097 der
2451 3036 2648 3096 Schnitzlers
2674 3031 2897 3091 wundervolle

2032 3085 2143 3145 Kunst
2180 3082 2238 3142 des
2280 3081 2597 3141 feingeschliffenen,
2635 3076 2893 3136 leichtbewegten

2039 3127 2319 3187 Zwiegespräches
2352 3124 2420 3184 noch
2452 3124 2579 3184 einmal
2601 3121 2627 3181 in
2659 3121 2744 3181 ihrer
2776 3120 2891 3180 ganzen

2037 3171 2218 3231 Schönheit
2245 3167 2479 3227 aufleuchtete.

2106 3222 2205 3282 Unter
2244 3221 2299 3281 den
2344 3219 2553 3279 erzählenden
2598 3216 2731 3276 Werken
2770 3214 2897 3274 Arthur

2029 3267 2229 3327 Schnitzlers
2271 3264 2394 3324 nimmt
2426 3264 2518 3324 wohl
2550 3261 2606 3321 der
2643 3260 2766 3320 Roman
2813 3258 2900 3318 „Der

2039 3310 2113 3370 Weg
2140 3312 2193 3372 ins
2220 3307 2331 3367 Freie“
2364 3306 2405 3366 die
2432 3303 2724 3363 hervorragendste
2746 3300 2899 3360 Stellung

2039 3354 2103 3414 ein.
2129 3353 2169 3413 In
2205 3350 2255 3410 ihm
2301 3350 2386 3410 weht
2417 3350 2467 3410 der
2498 3345 2740 3405 schwermütige
2771 3346 2901 3406 Zauber

2041 3398 2092 3458 der
2128 3395 2180 3455 der
2217 3393 2439 3453 Wienerstadt
2470 3393 2574 3453 nahen
2615 3389 2827 3449 Landschaft;
2854 3386 2905 3446 die

2040 3441 2200 3501 Gestalten
2246 3439 2311 3499 sind
2352 3437 2417 3497 mit
2453 3434 2644 3494 minutiöser
2685 3431 2906 3491 Genauigkeit

2042 3487 2101 3547 und
2132 3485 2227 3545 dabei
2259 3482 2314 3542 mit
2339 3482 2475 3542 größter
2506 3479 2708 3539 Leichtigkeit
2728 3476 2904 3536 umrissene

2049 3529 2149 3589 Typen
2185 3526 2235 3586 des
2266 3523 2402 3583 Wiener
2428 3523 2589 3583 Bodens:
2610 3520 2665 3580 der
2691 3518 2908 3578 philosophie¬

2041 3574 2135 3634 rende
2168 3571 2290 3631 arbiter
2318 3568 2544 3628 elegantiarum
2590 3563 2644 3623 der
2672 3562 2803 3622 inneren
2844 3558 2907 3618 Be¬

2038 3619 2121 3679 zirke
2171 3616 2234 3676 und
2289 3612 2347 3672 das
2407 3609 2676 3669 Vorstadtmädel
2706 3604 2765 3664 mit
2795 3604 2897 3664 seinen

2619 3649 2898 3709 verschwebenden

2291 3655 2581 3715 sehnsüchtigen,

2043 3661 2218 3721 törichten,

2048 3703 2244 3763 Wünschen.

2112 3756 2231 3816 Arthur
2259 3750 2434 3810 Schnitzler
2456 3749 2586 3809 gehörte
2614 3747 2635 3807 in
2669 3744 2766 3804 seiner
2794 3744 2913 3804 stillen,

2045 3799 2326 3859 zurückhaltenden
2357 3794 2435 3854 Art,
2456 3793 2554 3853 seiner
2579 3789 2811 3849 gewinnenden
2846 3788 2905 3848 und

2044 3845 2105 3905 doch
2137 3841 2271 3901 Distanz
2287 3839 2484 3899 fordernden
2511 3832 2770 3892 Freundlichkeit
2791 3834 2816 3894 zu
2848 3831 2899 3891 den

2045 3886 2280 3946 markantesten
2315 3882 2476 3942 Gestalten
2512 3877 2565 3937 des
2595 3876 2708 3936 Wiens
2742 3876 2791 3936 der
2821 3873 2909 3933 Vor¬

2051 3931 2236 3991 kriegszeit.
2258 3926 2332 3986 Wer
2359 3924 2385 3984 je
2412 3923 2469 3983 mit
2497 3923 2544 3983 ihm
2587 3920 2756 3980 persönlich
2789 3919 2814 3979 in
2847 3916 2909 3976 Be¬

2049 3972 2193 4032 rührung
2230 3970 2317 4030 kam,
2344 3968 2395 4028 der
2427 3967 2514 4027 zählt
2540 3964 2587 4024 die
2613 3962 2820 4022 Begegnung
2857 3959 2913 4019 mit

2051 4019 2143 4079 dieser
2170 4016 2324 4076 sustilen,
2340 4010 2619 4070 hochkultivierten
2650 4007 2908 4067 Dichterpersön¬

2051 4061 2167 4121 lichkeit
2195 4060 2220 4120 zu
2253 4058 2306 4118 den
2343 4055 2550 4115 wertvollsten
2583 4049 2773 4109 Eindrücken
2811 4049 2906 4109 seines

2740 4091 2838 4151 -mm—

2051 4104 2202 4164 Lebens.
