3248 4384
919 207 959 267 Zu
990 207 1190 267 Schnitzlers
1217 207 1281 267 Tod

812 259 1090 319 Turückdenkend

1171 261 1204 321 an
1293 261 1413 321 Arthur

791 295 1046 355 Schnitzler
1077 297 1133 357 und
1172 300 1206 360 an
1242 297 1289 357 die
1324 300 1419 360 Freu¬

791 336 869 396 den,
886 336 928 396 die
956 337 983 397 er
1007 337 1062 397 uns
1086 338 1129 398 ein
1161 339 1416 399 Menschenalter

788 375 938 435 hindurch
991 375 1111 435 erleben
1155 375 1232 435 ließ,
1267 378 1417 438 überfällt

792 413 864 473 mich
906 413 950 473 die
983 413 1117 473 Trauer:
1150 414 1215 474 was
1252 415 1321 475 wird
1362 416 1418 476 mit

791 449 987 509 Österreich?
1031 452 1069 512 Es
1100 452 1143 512 ist
1170 452 1257 512 nicht
1283 455 1331 515 die
1362 455 1413 515 ge¬

790 492 923 552 peinigte
971 491 1074 551 kleine
1122 493 1419 553 Zwangsrepublik,

787 530 875 590 nicht
914 530 959 590 die
998 530 1322 590 Doppelmonarchie,
1356 533 1423 593 die,

787 566 820 626 es
854 566 896 626 ist
930 568 993 628 eine
1031 569 1217 629 allgemeine
1259 572 1423 632 Weisheit,

787 607 863 667 auch
900 606 949 666 für
982 607 1030 667 die
1067 608 1192 668 meisten
1242 610 1412 670 Bewohner

786 644 833 704 ein
877 646 1097 706 Zwangsstaat
1149 646 1227 706 war,
1263 648 1321 708 was
1365 649 1408 709 ich

787 685 904 745 meine,
933 684 982 744 für
1019 683 1072 743 das
1110 685 1142 745 zu
1183 685 1346 745 fürchten,
1367 688 1399 748 um

790 724 842 784 das
864 724 894 784 zu
921 724 1043 784 trauern
1073 724 1170 784 wäre,
1189 724 1200 784 —
1249 724 1278 784 es
1301 725 1342 785 ist
1365 726 1416 786 der

790 761 875 821 Geist
898 761 1112 821 Österreichs.
1148 764 1232 824 „Das
1264 765 1308 825 ist
1340 766 1407 826 kein

791 801 896 861 Staat,
924 802 977 862 das
1012 799 1052 859 ist
1084 801 1127 861 ein
1159 802 1337 862 Zustand",
1364 804 1416 864 hat

787 837 833 897 ein
867 837 1084 897 Österreicher
1110 840 1235 900 gesagt,
1256 840 1411 900 natürlich

783 876 852 936 voll
878 876 1051 936 Bitterkeit
1082 878 1138 938 hat
1168 877 1198 937 er
1233 879 1263 939 es
1298 880 1419 940 gesagt,

782 912 828 972 als
867 915 929 975 eine
968 916 1187 976 Verurteilung
1225 918 1280 978 des
1310 918 1415 978 Staats

786 952 842 1012 wie
880 954 932 1014 des
961 954 1136 1014 Zustands.
1173 954 1218 1014 Da
1259 954 1312 1014 der
1349 954 1414 1014 eine

780 993 970 1053 vergangen,
1004 991 1056 1051 der
1089 993 1186 1053 andre
1224 993 1248 1053 im
1301 993 1414 1053 Verge¬

780 1027 836 1087 hen
869 1029 926 1089 ist,
947 1029 1089 1089 versteht
1114 1032 1179 1092 man
1212 1032 1297 1092 nicht
1326 1034 1411 1094 mehr

783 1064 834 1124 die
908 1067 1020 1127 bittere
1077 1070 1418 1130 Selbstverurteilung.

786 1106 866 1166 Denn
907 1106 968 1166 was
1005 1109 1120 1169 bleibt,
1151 1109 1222 1169 auch
1263 1109 1316 1169 bei
1352 1112 1405 1172 den

786 1145 1040 1205 Österreichern?
1080 1149 1289 1209 Heimatliebe
1330 1151 1405 1211 ohne

785 1185 931 1245 Gleichen
981 1187 1039 1247 und
1090 1187 1139 1247 die
1186 1190 1406 1250 schmerzende

783 1226 963 1286 Sehnsucht
1002 1229 1075 1289 nach
1123 1228 1179 1288 der
1209 1230 1411 1290 Vergangen¬

788 1267 873 1327 heit.

823 1323 932 1383 Immer
983 1324 1078 1384 haben
1138 1321 1397 1381 Nicht-Österrei

780 1363 871 1423 cher,
897 1360 1052 1420 „gelernte
1087 1360 1320 1420 Österreicher“
1360 1363 1411 1423 ge¬

780 1401 902 1461 rechter
932 1402 1078 1462 geurteilt
1108 1402 1167 1462 und
1201 1402 1259 1462 sich
1289 1402 1411 1462 offener

775 1438 807 1498 zu
841 1441 927 1501 jenem
973 1441 1063 1501 Geist
1084 1441 1241 1501 bekannt,
1258 1442 1270 1502 —
1324 1443 1406 1503 wenn

784 1480 825 1540 sie
855 1480 900 1540 ihn
934 1480 1022 1540 nicht
1047 1480 1239 1540 schlechthin
1273 1480 1394 1540 verwar

780 1518 827 1578 fen
872 1519 932 1579 und
972 1518 1202 1578 verdammten.
1254 1518 1310 1578 Die
1354 1521 1410 1581 das

775 1557 880 1617 taten,
906 1557 1007 1617 waren
1042 1557 1135 1617 meist
1169 1557 1329 1617 Preußen,
1360 1560 1406 1620 die

780 1596 837 1656 mit
869 1596 953 1656 ihrem
1011 1596 1104 1656 Ideal
1145 1599 1300 1659 Bismarck
1349 1599 1402 1659 den

776 1635 896 1695 Bayern
933 1637 1004 1697 „den
1036 1636 1201 1696 Übergang
1228 1638 1277 1698 vom
1318 1637 1407 1697 Men¬

780 1675 869 1735 schen
902 1677 950 1737 zum
996 1674 1228 1734 Österreicher“
1261 1677 1411 1737 nannten.

779 1713 838 1773 Für
871 1714 929 1774 das
957 1713 1240 1773 Nicht-Verstehen
1282 1715 1405 1775 Andrer

776 1752 842 1812 sind
879 1754 918 1814 sie
955 1754 1044 1814 nicht
1076 1754 1156 1814 ohne
1197 1754 1304 1814 Grund
1353 1755 1406 1815 be¬

783 1793 903 1853 rühmt.

818 1850 882 1910 Vom
931 1850 1055 1910 Anatol
1086 1850 1142 1910 und
1195 1850 1250 1910 dem
1307 1850 1402 1910 süßen

785 1891 904 1951 Mädel,
931 1892 983 1952 dem
1020 1891 1178 1951 Leutnant
1205 1890 1311 1950 Gustl,
1339 1892 1391 1952 dem

780 1928 986 1988 Fabrikanten
1034 1929 1197 1989 Reithofer
1236 1929 1291 1989 und
1335 1931 1390 1991 dem

780 1964 943 2024 Professor
964 1968 1144 2028 Bernhardi
1195 1969 1245 2029 die
1270 1969 1387 2029 unüber

778 2005 908 2065 sehbare
945 2006 1038 2066 Reihe
1076 2005 1129 2065 von
1178 2007 1300 2067 Frauen
1345 2008 1402 2068 und

1252 2045 1410 2105 Dichter,

775 2044 945 2104 Männern,
1024 2044 1193 2104 Bankiers,

780 2084 1019 2144 Schauspieler,
1040 2086 1279 2146 Aristokraten,
1301 2086 1413 2146 Ärzte,

776 2123 922 2183 Beamte,
945 2122 1095 2182 Offiziere
1131 2125 1144 2185 —
1198 2124 1260 2184 alle
1296 2124 1402 2184 Oster¬

812 2196 951 2256 reicher,
973 2196 1204 2256 Österreicher,
1226 2199 1283 2259 nur
1305 2199 1453 2259 gedacht,

811 2236 868 2296 nur
901 2238 1044 2298 denkbar
1090 2238 1114 2298 in
1168 2238 1221 2298 dem
1275 2238 1438 2298 seltsamen

818 2277 1066 2337 Staatsgebilde,
1116 2277 1173 2337 das
1214 2278 1446 2338 zusammener¬

817 2316 910 2376 obert
939 2316 996 2376 und
1034 2316 1237 2376 -geheiratet,
1263 2318 1442 2378 inhomogen

818 2355 839 2415 im
893 2355 1075 2415 Nationalen
1116 2355 1173 2415 wie
1209 2358 1230 2418 im
1280 2358 1444 2418 Kulturel-

818 2393 884 2453 len,
915 2393 1035 2453 endlich
1089 2393 1164 2453 doch
1209 2395 1275 2455 eine
1325 2396 1431 2456 Mittel

817 2432 938 2492 schicht
964 2432 1089 2492 erzeugt
1106 2433 1210 2493 hatte,
1227 2435 1273 2495 die
1303 2433 1357 2493 nur
1378 2434 1440 2494 hier

817 2471 873 2531 und
906 2471 939 2531 so
972 2471 1033 2531 sein
1062 2471 1180 2531 konnte
1209 2474 1266 2534 und
1304 2474 1369 2534 die,
1394 2474 1442 2534 wie

817 2509 857 2569 sie
890 2510 967 2570 war,
988 2510 1061 2570 weit
1085 2510 1171 2570 mehr
1199 2513 1289 2573 gute,
1310 2513 1443 2573 liebens¬

817 2550 972 2610 würdige,
999 2549 1154 2609 treffliche
1204 2552 1439 2612 Eigenschaften

815 2588 921 2648 hatte,
935 2589 983 2649 als
1010 2588 1139 2648 Fehler.
1162 2590 1353 2650 Spanisches
1371 2589 1446 2649 Hof¬

811 2626 1019 2686 zeremoniell
1044 2626 1101 2686 und
1146 2628 1276 2688 östliche
1322 2631 1419 2691 Juden

817 2664 921 2724 schaft
951 2665 1072 2725 hatten,
1097 2665 1143 2725 sie
1172 2667 1205 2727 zu
1243 2668 1343 2728 bilden
1390 2670 1423 2730 ge

815 2704 940 2764 holfen,
970 2704 1090 2764 alpines
1129 2704 1350 2764 Deutschtum,
1380 2707 1442 2767 ma¬

811 2743 995 2803 gyarisches
1021 2743 1147 2803 Talent,
1164 2743 1239 2803 süd-
1265 2744 1319 2804 und
1353 2745 1441 2805 west¬

813 2782 976 2842 slawische
1015 2782 1360 2842 Bauernschlichtheit,
1386 2783 1427 2843 Ge

811 2822 915 2882 neräle
948 2820 1005 2880 und
1029 2820 1224 2880 Abenteurer
1249 2822 1301 2882 aus
1334 2823 1434 2883 Irland

819 2860 873 2920 und
903 2861 1112 2921 Frankreich,
1138 2862 1347 2922 süddeutsche
1381 2862 1435 2922 und

815 2898 1009 2958 italienische
1049 2898 1226 2958 Einflüsse,
1270 2901 1447 2961 Rumänen,

812 2937 981 2997 Albanier,
1013 2937 1155 2997 Türken,
1191 2940 1437 3000 Katholizismus

811 2977 870 3037 und
926 2976 1171 3036 Freigeisterei,
1205 2979 1446 3039 Absolutismus

811 3018 867 3078 und
898 3016 1222 3076 Sozialdemokratie,
1244 3021 1443 3081 Gelehrtheit

817 3056 873 3116 und
914 3056 1244 3116 Analphabetentum,

1337 3056 1413 3116 zum

815 3092 925 3152 Schluß
961 3095 1032 3155 aber
1054 3095 1147 3155 grade
1179 3095 1231 3155 ehe
1263 3095 1307 3155 ihr
1338 3096 1440 3156 Nähr¬

813 3134 912 3194 boden
952 3134 1102 3194 zerrissen
1142 3134 1245 3194 ward,
1273 3134 1359 3194 stand
1400 3134 1443 3194 sie

814 3173 889 3233 fest,
910 3173 994 3233 zwar
1029 3173 1264 3233 undefinierbar
1294 3173 1370 3233 aber
1395 3173 1441 3233 für

813 3213 869 3273 das
904 3212 1037 3272 Gefühl,
1063 3214 1201 3274 fremdes
1236 3212 1292 3272 wie
1327 3215 1447 3275 eignes,

814 3250 1069 3310 unverkennbar.
1125 3251 1187 3311 Und
1219 3252 1302 3312 wenn
1337 3253 1435 3313 nichts

805 3289 874 3349 ihre
910 3289 1057 3349 Existenz
1093 3289 1149 3349 und
1189 3292 1359 3352 Eigenheit
1390 3291 1424 3351 be

814 3328 920 3388 wiese,
936 3328 966 3388 so
990 3329 1070 3389 wäre
1093 3330 1153 3390 sie,
1165 3331 1211 3391 als
1234 3331 1436 3391 abgegrenzte

811 3367 1042 3427 Erscheinung,
1089 3369 1240 3429 dargetan
1291 3370 1442 3430 dadurch,

812 3409 869 3469 daß
910 3406 949 3466 sie
990 3409 1051 3469 ihre
1087 3409 1220 3469 Dichter
1252 3409 1345 3469 fand,
1376 3409 1434 3469 daß

810 3447 857 3507 sie
888 3445 974 3505 Stoff
1009 3445 1091 3505 ward
1134 3445 1181 3505 für
1221 3449 1445 3509 Kunstwerke.

813 3483 853 3543 Ob
889 3486 929 3546 sie
956 3484 1027 3544 aber
1054 3485 1103 3545 die
1135 3486 1304 3546 Dichtung,
1323 3489 1371 3549 die
1399 3489 1438 3549 sie

814 3527 1073 3587 hervorbrachte,
1098 3525 1261 3585 überleben
1300 3528 1399 3588 wird?

850 3603 970 3663 Arthur
1022 3603 1203 3663 Schnitzler
1259 3605 1435 3665 betrauerte

811 3642 927 3702 einmal
954 3642 1018 3702 eine
1049 3642 1140 3702 Tote.
1166 3644 1205 3704 Zu
1240 3644 1352 3704 einem,
1374 3646 1443 3706 der,

814 3681 1004 3741 verzweifelt
1032 3681 1134 3741 wegen
1167 3684 1328 3744 desselben
1365 3684 1421 3744 Ver

811 3720 924 3780 lustes,
941 3722 973 3782 zu
1010 3722 1055 3782 ihm
1096 3722 1181 3782 kam,
1202 3722 1287 3782 sagte
1320 3722 1352 3782 er
1377 3722 1437 3782 trö¬

812 3760 922 3820 stend:
945 3761 1051 3821 „Nun,
1069 3761 1104 3821 da
1132 3761 1180 3821 ihr
1207 3761 1326 3821 Körper
1354 3761 1442 3821 nicht

809 3799 895 3859 mehr
926 3797 1007 3857 lebt,
1029 3798 1102 3858 wird
1137 3800 1184 3860 ihr
1210 3800 1300 3860 Geist
1331 3802 1434 3862 immer

810 3839 990 3899 lebendiger
1044 3838 1203 3898 werden.
1249 3840 1339 3900 Aber
1385 3842 1441 3902 das

808 3878 895 3938 Band
929 3878 1080 3938 zwischen
1114 3878 1168 3938 den
1202 3881 1306 3941 beiden
1345 3881 1440 3941 Trau¬

811 3915 945 3975 ernden,
967 3916 1023 3976 das
1053 3916 1100 3976 die
1131 3916 1364 3976 Freundschaft
1390 3919 1437 3979 für

807 3953 875 4013 eine
908 3954 981 4014 Frau
1018 3955 1165 4015 knüpfte,
1190 3955 1250 4015 war
1275 3958 1441 4018 zerrissen.

812 3994 913 4054 Daran
945 3994 1047 4054 mußte
1078 3994 1122 4054 ich
1158 3997 1300 4057 denken,
1318 3997 1362 4057 als
1389 3997 1433 4057 ich

812 4033 891 4093 jetzt
914 4034 975 4094 las,
999 4033 1051 4093 wie
1083 4033 1153 4093 sehr
1181 4036 1354 4096 Schnitzler
1386 4035 1438 4095 auf

813 4072 858 4132 die
891 4072 1031 4132 Zukunft
1059 4072 1228 4132 gerechnet
1256 4075 1323 4135 hat.
1374 4074 1433 4134 Der

806 4113 980 4173 zeitlebens
1015 4114 1062 4174 nie
1102 4114 1184 4174 ohne
1224 4114 1436 4174 Todesfurcht

1808 2071 1897 2131 ühne
1923 2084 2037 2144 Porlin

1615 2096 1674 2156 Die
1700 2096 1801 2156 Veltb

1495 2199 1574 2259 war,
1604 2202 1658 2262 hat
1700 2202 1788 2262 unter
1835 2202 1951 2262 andern
2002 2202 2119 2262 hinter¬

1501 2241 1634 2301 lassenen
1674 2241 1909 2301 Manuskripten
1945 2242 2031 2302 eines
2063 2241 2117 2301 zur

1501 2280 1783 2340 Veröffentlichung
1816 2281 1860 2341 „in
1893 2280 2007 2340 fünfzig
2044 2280 2120 2340 Jah-

1496 2317 1561 2377 ren"
1583 2317 1758 2377 bestimmt.
1789 2319 1828 2379 Er
1855 2319 1977 2379 glaubte
2008 2320 2038 2380 an
2070 2319 2121 2379 das

1502 2357 1701 2417 Weiterleben
1733 2358 1759 2418 im
1808 2358 1914 2418 Geist,
1946 2358 1976 2418 er
2013 2358 2114 2418 wollte

1497 2398 1548 2458 mit
1597 2398 1674 2458 aller
1731 2399 1964 2459 Geistesmacht
2020 2399 2115 2459 daran

1492 2435 1648 2495 glauben.

1531 2495 1590 2555 Der
1623 2495 1669 2555 ich
1702 2495 1863 2555 wehmütig
1895 2495 2121 2555 zurückdenke

1497 2536 1524 2596 an
1573 2534 1622 2594 die
1676 2534 1774 2594 Welt,
1819 2536 1845 2596 in
1900 2534 1957 2594 der
1998 2534 2118 2594 Arthur

1493 2572 1668 2632 Schnitzler
1694 2573 1811 2633 wuchs,
1828 2573 1874 2633 die
1899 2573 1929 2633 er
1950 2573 2029 2633 innig
2055 2572 2121 2632 um¬

1497 2612 1596 2672 faßte,
1626 2611 1673 2671 die
1713 2611 1742 2671 er
1782 2611 1833 2671 neu
1885 2611 2027 2671 erschuf,
2066 2611 2109 2671 ich

1493 2650 1626 2710 zweifle.
1669 2650 1714 2710 Ich
1748 2650 1824 2710 habe
1849 2650 1920 2710 mich
1954 2650 2042 2710 nicht
2067 2649 2117 2709 ge¬

1493 2689 1650 2749 wundert,
1673 2689 1729 2749 daß
1769 2689 1821 2749 des
1852 2689 2001 2749 Dichters
2027 2689 2119 2749 letzte

1497 2728 1605 2788 Stücke
1652 2727 1689 2787 an
1740 2727 1823 2787 einem
1870 2728 2003 2788 Theater
2054 2728 2108 2788 und

1492 2767 1568 2827 dann
1601 2766 1686 2826 nicht
1710 2765 1791 2825 mehr
1816 2767 1945 2827 gegeben
1978 2767 2119 2827 wurden,

1493 2806 1543 2866 daß
1578 2806 1662 2866 seine
1692 2806 1815 2866 frühern
1854 2806 1912 2866 viel
1939 2809 2116 2869 bewährten

1492 2843 1579 2903 keine
1605 2843 1751 2903 Reprisen
1785 2844 1868 2904 mehr
1894 2844 2027 2904 fanden.
2049 2844 2115 2904 Wer

1497 2883 1565 2943 weiß
1598 2883 1670 2943 noch
1711 2883 1759 2943 von
1796 2883 1853 2943 dem
1898 2883 1978 2943 alten
2007 2884 2116 2944 Öster¬

1492 2922 1592 2982 reich,
1613 2922 1676 2982 wer
1705 2922 1801 2982 kennt
1831 2922 1864 2982 es
1894 2922 1994 2982 noch?
2040 2923 2115 2983 Ver¬

1491 2961 1621 3021 standen
1649 2961 1743 3021 haben
1771 2961 1802 3021 es
1826 2961 1900 3021 auch
1928 2961 2034 3021 früher
2058 2960 2117 3020 we¬

1492 3000 1575 3060 nige,
1592 2999 1663 3059 aber
1689 2998 1717 3058 es
1743 3002 1806 3062 war
1827 3003 1914 3063 ihnen
1940 3003 1986 3063 als
2011 3003 2115 3063 Reali¬

1497 3040 1538 3100 tät
1572 3038 1711 3098 bewußt,
1741 3038 1782 3098 sie
1825 3041 1951 3101 nahmen
1994 3038 2039 3098 es,
2069 3041 2119 3101 oft

1497 3077 1700 3137 widerwillig,
1719 3077 1789 3137 hin.
1825 3080 1868 3140 Da
1895 3080 1926 3140 es
1953 3078 1997 3138 als
2024 3080 2112 3140 Staat

1490 3116 1684 3176 zerschlagen
1718 3116 1772 3176 ist,
1793 3116 1865 3176 wird
1899 3119 1928 3179 es
1958 3121 2034 3181 auch
2068 3122 2114 3182 als

1489 3155 1625 3215 Zustand
1664 3158 1823 3218 hinfällig.

1534 3212 1595 3272 Wie
1623 3214 1703 3274 stark
1734 3215 1765 3275 es
1793 3215 1868 3275 war,
1891 3215 1943 3275 wie
1967 3215 2122 3275 fesselnd,

1493 3253 1544 3313 wie
1570 3253 1734 3313 vielfältig,
1761 3253 1812 3313 wie
1843 3254 1998 3314 bindend,
2021 3256 2115 3316 zwin-

1488 3292 1587 3352 gend,
1605 3292 1660 3352 das
1686 3292 1768 3352 zeigt
1790 3292 1842 3352 das
1868 3295 1967 3355 Epos,
1985 3295 2040 3355 das
2067 3295 2109 3355 ein

1492 3331 1660 3391 Jüngerer,
1686 3331 1802 3391 Robert
1833 3331 1944 3391 Musil,
1966 3334 2026 3394 mit
2052 3334 2099 3394 ihm

1493 3370 1634 3430 erfüllte:
1657 3372 1737 3432 „Der
1769 3370 1857 3430 Mann
1893 3372 1973 3432 ohne
2004 3373 2115 3433 Eigen¬

1488 3410 1669 3470 schaften",
1687 3409 1742 3469 von
1777 3411 1829 3471 dem
1873 3409 1915 3469 ein
1950 3412 2032 3472 Band
2062 3414 2113 3474 mit

1491 3451 1616 3511 tausend
1648 3451 1746 3511 Seiten
1774 3448 1825 3508 vor
1849 3448 1931 3508 einem
1966 3451 2044 3511 Jahr
2068 3449 2111 3509 er¬

1487 3489 1609 3549 schien,
1633 3489 1679 3549 ein
1711 3486 1837 3546 zweiter
1869 3489 2029 3549 stärkerer
2061 3487 2112 3547 be¬

1488 3525 1642 3585 vorsteht.
1690 3527 1767 3587 Hier
1798 3526 1952 3586 schillert,
1979 3529 2116 3589 glitzert,

1490 3567 1623 3627 spiegelt
1645 3567 1722 3627 sich,
1735 3566 1799 3626 hier
1825 3567 2014 3627 verdunkelt
2036 3569 2117 3629 sich,

1484 3606 1569 3666 sinkt
1596 3606 1631 3666 ab
1668 3606 1726 3666 und
1762 3606 1838 3666 fällt
1865 3606 1977 3666 dahin:
2004 3606 2111 3666 Öster¬

1490 3642 1584 3702 reich,
1611 3645 1658 3705 ein
1693 3645 1817 3705 großes,
1843 3646 2015 3706 mächtiges
2050 3647 2105 3707 und

1490 3684 1679 3744 shvaches,
1720 3684 1862 3744 elastisch
1887 3684 1894 3744 -
1907 3684 1999 3744 zähes
2049 3685 2105 3745 und

1486 3722 1712 3782 zerfallendes,
1775 3722 1997 3782 vielgespalten
2023 3722 2031 3782 -
2048 3724 2110 3784 ein¬

1484 3762 1646 3822 heitliches
1678 3762 1831 3822 Gebilde,
1873 3761 2025 3821 feindlich
2081 3765 2108 3825 in

1489 3803 1548 3863 sich
1572 3802 1721 3862 zerrissen
1749 3802 1800 3862 und
1832 3803 1902 3863 doch
1930 3803 1981 3863 von
2013 3803 2095 3863 einem

1490 3841 1592 3901 Geist.
1633 3842 1681 3902 Ich
1721 3839 1801 3899 kann
1842 3840 1890 3900 die
1926 3842 2011 3902 alten
2051 3841 2113 3901 Ge¬

1488 3881 1592 3941 neräle
1621 3881 1676 3941 und
1710 3880 1822 3940 Grafen
1856 3879 1910 3939 gut
1936 3880 2115 3940 verstehen,

1487 3919 1535 3979 die
1567 3919 1619 3979 den
1656 3916 1904 3976 Narren-Putsch
1940 3918 1997 3978 des
2029 3917 2113 3977 Pfri¬

1488 3956 1548 4016 mer
1577 3958 1791 4018 mitmachten,
1816 3957 1889 4017 weil
1909 3958 1949 4018 sie
1978 3958 2115 4018 meinen,

1488 3997 1552 4057 man
1581 3997 1677 4057 müsse
1706 3997 1758 4057 nur
1791 3997 1916 4057 wollen,
1941 3997 1973 4057 so
2006 4000 2107 4060 werde

1490 4036 1541 4096 das
1572 4036 1641 4096 Alte
1671 4036 1727 4096 neu
1758 4036 1917 4096 erstehen.
1965 4036 2030 4096 Und
2065 4035 2103 4095 ich

1485 4075 1582 4135 kenne
1618 4075 1911 4135 deutschnationale
1947 4077 2111 4137 Sozialde¬

1485 4114 1666 4174 mokraten,
1727 4115 1779 4175 die
1839 4117 2103 4177 mitmarschieren
