3344 4352
183 279 305 339 112.
359 282 960 342 Schnitzler's
1025 285 1252 345 Death

256 1249 989 1309 OBSERVER

345 1315 368 1375 I.
382 1317 503 1377 österr.
517 1321 670 1381 behördl.
684 1325 984 1385 konzessioniertes

304 1356 536 1416 Unternehmen
569 1362 614 1422 für
642 1368 1029 1428 Zeitungs-Ausschnitte

358 1416 507 1476 WIEN,
535 1421 582 1481 I.,
610 1428 889 1488 WOLLZEILE
937 1432 984 1492 11

444 1473 664 1533 TELEPHON
703 1479 879 1539 R-23-0-43

248 1610 471 1670 Ausschnitt
496 1613 586 1673 aus:

221 1739 351 1799 Extrait
379 1740 411 1800 du
450 1744 580 1804 Journal

733 1787 916 1847 zeitung.
940 1764 1036 1824 Chur

220 1834 356 1894 Adresse
375 1837 393 1897 :
412 1837 494 1897 Nello
532 1825 604 1885 Bul

512 1906 575 1966 22
624 1891 897 1951 00TOBRE
939 1882 1026 1942 931

258 1963 393 2023 Arthur
426 1968 626 2028 Schnitzler,
659 1972 714 2032 der
747 1974 778 2034 im
835 1974 931 2034 Alter
972 1977 1035 2037 von
1068 1978 1139 2038 fast

216 2010 246 2070 0
277 2013 412 2073 Jahren
449 2021 658 2081 verstorbeste
684 2020 824 2080 Wiener
857 2026 1009 2086 Dichter,
1029 2028 1132 2088 dessen

190 2061 385 2121 AAndtol“
431 2066 493 2126 und
532 2070 727 2130 „Liebelei“
766 2073 828 2133 wir
867 2076 942 2136 auch
981 2079 1006 2139 in
1044 2079 1144 2139 Chur

199 2110 439 2170 inheater
472 2118 609 2178 gesehen
649 2121 779 2181 haben,
806 2123 910 2183 dessen
956 2125 1132 2185 „Reigen“

198 2157 264 2217 vor
308 2162 479 2222 ungefähr
517 2166 596 2226 zehn
639 2169 774 2229 Jahren
823 2171 853 2231 in
903 2176 1123 2236 Deutschland

194 2210 233 2270 zu
274 2213 642 2273 aufsehenerregenden
683 2220 858 2280 Prozessen
898 2222 1040 2282 führte,
1069 2225 1130 2285 und

195 2257 300 2317 dessen
349 2264 561 2324 eigenartige
604 2265 757 2325 Novelle
799 2270 987 2330 „Fräulein
1036 2267 1129 2327 Else“

189 2303 245 2363 die
274 2309 416 2369 jüngere
451 2315 792 2375 Dichtergeneration
833 2321 1026 2381 beeinflußt
1061 2324 1134 2384 hat,

194 2356 291 2416 unter
319 2358 443 2418 andern
477 2361 661 2421 besonders
694 2365 802 2425 einige
836 2371 1047 2431 Franzosen,
1075 2371 1134 2431 hat

195 2404 259 2464 uns
296 2405 342 2465 ein
378 2407 484 2467 Werk
509 2413 751 2473 hinterlassen,
775 2416 839 2476 das
875 2418 905 2478 zu
947 2421 1123 2481 beurteilen

187 2455 358 2515 natürlich
386 2457 469 2517 über
498 2458 552 2518 den
592 2461 740 2521 Rahmen
780 2466 868 2526 eines
902 2467 1012 2527 kurzen
1046 2470 1134 2530 Hin¬

195 2503 304 2563 weises
333 2503 362 2563 in
391 2506 442 2566 der
472 2510 610 2570 Zeitung
640 2514 876 2574 hinausgeht.
894 2515 998 2575 Seine
1027 2521 1136 2581 Kunst

191 2548 259 2608 auf
292 2552 360 2612 eine
398 2556 542 2616 Formel
568 2559 598 2619 zu
643 2562 806 2622 bringen,
838 2564 875 2624 ist
908 2565 995 2625 nicht
1027 2568 1132 2628 leicht,

189 2598 266 2658 doch
300 2604 382 2664 baut
411 2605 460 2665 sich
488 2606 577 2666 alles
605 2607 688 2667 fast,
710 2610 782 2670 was
815 2612 876 2672 von
910 2613 965 2673 ihm
1016 2616 1120 2676 haften

189 2649 317 2709 bleibt,
343 2654 404 2714 auf
429 2655 490 2715 auf
515 2655 594 2715 drei
626 2660 828 2720 Begriffen:
860 2664 982 2724 Liebe,
1001 2664 1130 2724 Entsa¬

184 2700 302 2760 gung,
326 2703 421 2763 Tod.
445 2706 492 2766 In
523 2706 576 2766 den
612 2707 789 2767 Dramen,
814 2710 867 2770 die
891 2709 950 2769 den
987 2715 1122 2775 Einfluß

199 2747 323 2807 Ibsens
358 2753 535 2813 verraten,
558 2759 729 2819 begegnen
764 2759 826 2819 wir
855 2759 929 2819 stets
964 2760 1020 2820 der
1049 2764 1134 2824 glei¬

184 2796 253 2856 chen
300 2801 613 2861 Menschenschicht,
648 2807 851 2867 eleganten,
886 2813 1118 2873 gutsituierten

193 2847 337 2907 Leuten,
360 2849 412 2909 die
441 2852 521 2912 nicht
551 2855 602 2915 zum
655 2855 822 2915 Kämpfen
863 2859 897 2919 da
938 2861 1024 2921 sind,
1048 2863 1122 2923 son¬

181 2895 260 2955 dern
303 2895 408 2955 gerne
447 2903 626 2963 entsagen,
659 2904 733 2964 ihre
770 2908 955 2968 Gedanken
999 2911 1125 2971 analy¬

181 2943 300 3003 sieren,
328 2947 420 3007 ihren
459 2952 846 3012 Gefühlsstimmungen
885 2958 1113 3018 unterworfen

192 2992 246 3052 sind
286 2995 346 3055 und
380 2998 446 3058 mit
469 2998 557 3058 einer
591 3004 706 3064 müden
740 3007 967 3067 Resignation
1006 3007 1056 3067 sich
1089 3010 1111 3070 in

179 3041 236 3101 ihr
277 3046 439 3106 Schicksal
475 3049 601 3109 fügen.
631 3052 700 3112 Als
742 3055 927 3115 natürliche
968 3058 1112 3118 Regung

176 3092 257 3152 wird
291 3094 339 3154 die
367 3096 475 3156 Angst
498 3098 541 3158 um
586 3100 639 3160 den
678 3101 754 3161 Tod
782 3106 1016 3166 empfunden,
1038 3109 1119 3169 über

177 3141 260 3201 allem
311 3144 394 3204 liegt
422 3147 494 3207 eine
523 3147 634 3207 sanfte
668 3152 913 3212 Melancholie,
941 3154 991 3214 die
1025 3156 1119 3216 kenn¬

179 3192 343 3252 zeichnend
383 3193 423 3253 ist
446 3195 502 3255 für
537 3195 593 3255 sein
633 3199 752 3259 Werk.
781 3201 895 3261 Neben
930 3204 986 3264 den
1026 3207 1110 3267 schon

177 3243 365 3303 genannten
404 3243 539 3303 Werken
577 3249 756 3309 vermögen
789 3250 853 3310 das
886 3255 1097 3315 „Märchen“

178 3291 274 3351 „Der
314 3291 428 3351 grüne
474 3295 661 3355 Kakadu",
702 3302 935 3362 „Paracelsus

973 3310 1107 3370 „„Die

180 3338 418 3398 Gefährten“,
470 3342 572 3402 „Der
606 3344 759 3404 Schleier
817 3350 879 3410 der
914 3352 1078 3412 Beatrice

182 3389 274 3449 „Der
303 3389 447 3449 einsame
476 3392 579 3452 Weg"
621 3395 678 3455 und
714 3398 776 3458 das
812 3401 1088 3461 „Zwischenspiel

176 3438 243 3498 und
283 3437 334 3497 die
363 3443 601 3503 Erzählungen
647 3446 869 3506 „Sterben",
898 3452 1119 3512 „Lieutnant

175 3488 307 3548 Gust“,
342 3491 458 3551 „Frau
505 3494 637 3554 Bertha
679 3494 851 3554 Garbau“
899 3500 967 3560 und
1014 3503 1106 3563 „Der

178 3538 258 3598 Weg
293 3538 345 3598 ins
380 3535 519 3595 Freie“,
542 3539 594 3599 die
623 3544 686 3604 alle
716 3544 918 3604 Schnitzlers
947 3550 1109 3610 reizvolle

175 3589 325 3649 Sprache
356 3592 419 3652 mit
449 3590 535 3650 ihrem
589 3592 687 3652 klaren
728 3595 885 3655 Satzbau
921 3599 1112 3659 enthalten,

157 3759 207 3819 den
250 3754 435 3814 literarisch
462 3747 699 3807 interessierten
751 3744 843 3804 Leser
878 3747 911 3807 zu
954 3747 1114 3807 fesseln.,

1475 282 1607 342 box
1682 286 1873 346 42/8

1435 1554 2158 1614 OBSERVER

1529 1616 1550 1676 I.
1564 1616 1688 1676 österr.
1698 1613 1848 1673 behördl.
1862 1611 2159 1671 konzessioniertes

1482 1658 1720 1718 Unternehmen
1748 1655 1799 1715 für
1823 1653 2210 1713 Zeitungs-Ausschnitte

1531 1718 1684 1778 WIEN,
1712 1717 1761 1777 I.,
1789 1715 2075 1775 WOLLZEILE
2117 1712 2165 1772 11

1630 1767 1851 1827 TELEPHON
1885 1765 2057 1825 R-23-0-43

1441 1893 1631 1953 ni
1683 1906 1750 1966 aS

1355 1977 1402 2037 du
1433 1982 1611 2042 Journal:

1458 2072 1757 2132 Vaterland.
1783 2053 2001 2113 Lucerne

1606 2200 1674 2260 22
1711 2201 1814 2261 0CT.
1827 2201 1908 2261 1931

2394 2269 2481 2329 ihrer
2512 2270 2667 2330 Dichtung
2709 2270 2766 2330 aus
2807 2270 2884 2330 einer
2921 2270 3143 2330 eingeborenen
3185 2270 3313 2330 Kathol

1682 2309 2072 2369 Feuilleton.

2392 2312 2532 2372 heraus,
2565 2315 2645 2375 wenn
2689 2311 2743 2371 ihr
2776 2312 2872 2372 Werk
2916 2314 2986 2374 auch
3041 2313 3089 2373 dem
3143 2312 3316 2372 relativisti

2396 2355 2500 2415 Geiste
2537 2356 2586 2416 des
2623 2356 2924 2416 Impressionismus
2961 2356 3096 2416 schweren
3140 2356 3256 2416 Tribut
3287 2361 3317 2421 za

1563 2392 1705 2452 Arthur
1732 2392 1924 2452 Schuitzler
1959 2392 2169 2452 gestorben.

2395 2399 2523 2459 mußte.

1446 2437 1591 2497 Wien,
1621 2440 1679 2500 21.
1709 2441 1790 2501 Okt.
1814 2444 1871 2504 ag.
1901 2443 1970 2503 Der
2000 2443 2239 2503 österreichische
2274 2442 2361 2502 Dra¬

2486 2440 2574 2500 Nicht
2604 2442 2633 2502 so
2675 2443 2863 2503 Schnitzler,
2894 2443 2946 2503 der
2982 2443 3088 2503 soeben
3130 2443 3158 2503 in
3201 2443 3294 2503 seinem

1374 2485 1493 2545 matiker
1532 2485 1591 2545 und
1630 2486 1773 2546 Erzähler
1812 2485 1940 2545 Arthut
1971 2488 2136 2548 Schnitzler
2174 2488 2211 2548 ist
2243 2488 2264 2548 im
2310 2488 2347 2548 70

2395 2488 2578 2548 Altersjahr
2612 2488 2773 2548 gestorben
2814 2486 2863 2546 ist.
2891 2485 2936 2545 Er
2976 2485 3042 2545 war
3076 2485 3103 2545 in
3143 2487 3198 2547 der
3233 2488 3338 2548 Total

1373 2527 1552 2587 Altersjahr
1586 2530 1760 2590 gestorben.

2401 2529 2487 2589 seiner
2520 2530 2759 2590 Persönlichkeit
2792 2530 2851 2590 und
2885 2530 2981 2590 seines
3015 2530 3139 2590 Werkes
3178 2531 3269 2591 diesem

2391 2574 2569 2634 tivistischen
2613 2572 2715 2632 Geiste
2753 2574 2958 2634 vollkommen
3002 2574 3175 2634 verfallen.
3208 2574 3250 2634 Er

1461 2574 1510 2634 K.
1547 2574 1610 2634 W.
1654 2574 1746 2634 Hugo
1782 2574 1853 2634 von
1904 2574 2189 2634 Hofmanysthal,
2233 2574 2353 2634 Arthur

1362 2616 1540 2676 Schnitler,
1569 2616 1725 2676 Hermann
1765 2619 1876 2679 Bahr,
1905 2617 1966 2677 sind
2006 2619 2066 2679 das
2101 2619 2201 2679 große
2236 2619 2352 2679 Dreige

2394 2616 2573 2676 überhaupt
2601 2617 2693 2677 nichts
2726 2619 2818 2679 ernst,
2846 2616 2916 2676 auch
2950 2616 3025 2676 seine
3058 2616 3156 2676 Kunst
3184 2618 3275 2678 nicht.

1364 2658 1430 2718 stirn
1469 2659 1518 2719 des
1557 2660 1684 2720 Wiener
1723 2663 2049 2723 Impressionismus.
2077 2662 2170 2722 Bahr
2210 2661 2270 2721 war
2304 2661 2358 2721 der
2392 2663 2502 2723 spielen
2541 2662 2668 2722 immer,
2697 2661 2757 2721 wer
2790 2661 2823 2721 es
2857 2661 2950 2721 weiß,
2978 2659 3016 2719 ist
3045 2660 3154 2720 klug",
3183 2663 3248 2723 sagt
3282 2664 3320 2724 ein

1362 2701 1547 2761 Verkünder
1584 2703 1640 2763 und
1683 2706 2003 2766 Standartenträger
2040 2706 2138 2766 dieses
2174 2706 2365 2766 Impressio¬

2394 2707 2459 2767 eine
2497 2706 2594 2766 leiner
2643 2706 2880 2766 bedeutendsten
2924 2704 3205 2764 Theaterfiguren,
3243 2704 3313 2764 Par

2396 2749 2464 2809 sus.
2486 2748 2559 2808 Das
2592 2747 2654 2807 war
2687 2748 2739 2808 der
2766 2750 2861 2810 ganze
2888 2747 3067 2807 Schnitzler,
3094 2747 3152 2807 nur
3184 2747 3220 2807 ein
3253 2747 3321 2807 Spi

1360 2747 1502 2807 nismus,
1524 2747 1576 2807 sein
1609 2747 1767 2807 Prophet,
1789 2750 2048 2810 Hofmannsthal
2069 2750 2128 2810 hat
2149 2749 2196 2809 als
2223 2748 2349 2808 Künstle

2397 2792 2434 2852 ein
2473 2792 2608 2852 Spieler
2641 2792 2700 2852 mit
2728 2792 2825 2852 seiner
2859 2789 2972 2849 Kunst,
3000 2790 3043 2850 ein
3081 2789 3162 2849 Spie
3179 2789 3211 2849 er
3244 2790 3298 2850 mit

1362 2789 1457 2849 diesen
1494 2789 1801 2849 Impressionismus
1854 2792 1912 2852 auf
1955 2792 2012 2852 den
2055 2792 2172 2852 Gipfel
2209 2792 2362 2852 formaler

2394 2835 2508 2895 Lebhen,
2547 2837 2589 2897 ein
2634 2837 2764 2897 Spieler
2803 2834 2863 2894 mit
2901 2834 2955 2894 den
2999 2834 3140 2894 sittlichen
3190 2835 3325 2895 Probler

1362 2834 1557 2894 Vollendung
1602 2834 1765 2894 gebracht,
1798 2837 2065 2897 Hofmannsthal
2098 2835 2136 2895 ist
2169 2836 2239 2896 tot,
2273 2834 2364 2894 Bahr

2399 2879 2476 2939 Aber
2518 2882 2605 2942 welch
2657 2878 2703 2938 ein
2756 2879 2905 2939 Spieler!
2947 2876 3014 2936 Von
3071 2878 3262 2938 unerhörten

1360 2879 1426 2939 lebt
1453 2879 1540 2939 noch,
1561 2879 1607 2939 sich
1638 2879 1736 2939 selber
1762 2879 1824 2939 treu
1855 2882 1880 2942 in
1917 2882 1968 2942 der
1994 2881 2252 2941 staunenswerten
2283 2878 2365 2938 Ver¬

1361 2921 1705 2981 wandlungsfähigkeit
1738 2924 1834 2984 seines
1867 2924 2012 2984 Wesens.
2040 2924 2298 2984 Hofmannsthal
2325 2922 2363 2982 ist
2396 2925 2567 2985 nervigkeit
2595 2924 2648 2984 und
2681 2923 2912 2983 schimmerndec
2940 2921 3074 2981 Pracht!
3102 2921 3182 2981 Aber
3209 2921 3241 2981 es
3269 2923 3306 2983 ist

1357 2965 1487 3025 plötzlich
1521 2963 1667 3023 erlöscht,
1695 2965 1754 3025 und
1793 2965 1891 3025 dieses
1929 2968 2082 3028 Erlöschen
2121 2967 2180 3027 ließ
2218 2965 2267 3025 die
2301 2965 2354 3025 ark

2394 2968 2510 3028 großen
2537 2966 2611 3026 Teil
2632 2965 2679 3025 die
2702 2965 2876 3025 schillernd:
2892 2965 3135 3025 Farbenpracht
3157 2965 3236 3025 einer
3263 2964 3305 3024 Su

1358 3007 1443 3067 tische
1471 3007 1568 3067 Nacht
1591 3008 1714 3068 fühlen,
1737 3009 1780 3069 die
1808 3010 1850 3070 sich
1878 3010 1953 3070 über
1981 3010 2034 3070 das
2062 3010 2246 3070 wesentliche
2263 3009 2365 3069 Dicht¬

2389 3013 2579 3073 landschaft.
2613 3010 2716 3070 Dieses
2755 3010 2913 3070 Schillern
2957 3009 3055 3069 macht
3089 3007 3148 3067 das
3187 3010 3317 3070 Hauptn

1358 3052 1412 3112 tum
1456 3052 1662 3112 Oesterreichs
1697 3052 1751 3112 und
1791 3053 1903 3113 Wiens
1938 3054 2149 3114 ausbreitete.
2175 3053 2248 3113 Eine
2278 3051 2365 3111 wun¬

2394 3055 2455 3115 mal
2487 3055 2544 3115 der
2580 3052 2683 3112 Kunst
2715 3052 2901 3112 Schnitzlers
2938 3051 3015 3111 aus.
3047 3052 3217 3112 Bisweilen
3264 3052 3316 3112 neh

1360 3097 1499 3157 dervolle
1530 3097 1612 3157 letzte
1643 3097 1761 3157 Blüte,
1793 3097 1834 3157 ein
1871 3097 2087 3157 Nachleuchten
2129 3097 2211 3157 einer
2242 3098 2345 3158 geistig

2397 3097 2445 3157 die
2472 3100 2612 3160 Figuren
2651 3097 2835 3157 Schnitzlers
2868 3097 2954 3157 wohl
2981 3095 3154 3155 bestimmte
3187 3096 3311 3156 Gestalt

1360 3141 1566 3201 idealistischen
1598 3138 1714 3198 Epoche
1741 3141 1825 3201 stand
1852 3141 2116 3201 Hofmannsthal
2138 3141 2158 3201 in
2191 3141 2243 3201 der
2265 3141 2359 3201 Reihe

2389 3140 2469 3200 dann
2505 3143 2571 3203 sind
2607 3142 2637 3202 es
2679 3141 2749 3201 aber
2786 3141 2907 3201 vielfach
2944 3141 3126 3201 vollendete
3157 3138 3304 3198 Schwein

1355 3186 1407 3246 der
1450 3185 1581 3245 größten
1624 3183 1781 3243 Gestalten
1824 3185 1913 3245 jenes
1951 3185 2113 3245 wirklichen
2156 3185 2361 3245 Oesterreich,
2388 3185 2519 3245 Garten
2557 3184 2609 3244 der
2641 3185 2746 3245 Circe;
2778 3183 2846 3243 man
2884 3183 3025 3243 erinnert
3052 3183 3105 3243 sich
3142 3182 3289 3242 vielleicht

2395 3228 2428 3288 an
2480 3228 2536 3288 den
2582 3229 2826 3289 Riesenskandal
2866 3228 2922 3288 der
2963 3225 3308 3285 „Reigen"=Aufführu

1357 3226 1416 3286 das
1455 3228 1584 3288 jenseits
1628 3228 1725 3288 seiner
1775 3228 2115 3288 historisch-politischen
2159 3228 2359 3288 Erscheinung

1357 3275 1446 3335 steht.
1483 3272 1541 3332 Wo
1578 3270 1625 3330 ein
1664 3270 1885 3330 Schuberklied
1922 3270 2043 3330 ertönt,
2076 3270 2154 3330 oder
2192 3270 2234 3330 ein
2272 3270 2355 3330 Vers
2393 3273 2487 3333 Wien
2526 3273 2583 3333 und
2621 3273 2726 3333 Berlin
2763 3273 2821 3333 vor
2854 3273 2916 3333 zehn
2959 3270 3080 3330 Jahren

2480 3315 2551 3375 Mit
2579 3315 2674 3375 Recht
2708 3315 2762 3375 hat
2796 3315 2863 3375 man
2902 3315 3069 3375 (chnitzler
3103 3315 3157 3375 den
3198 3318 3313 3378 ausgen

1355 3318 1408 3378 von
1510 3315 1702 3375 mannsthal
1724 3315 1873 3375 erklingt,
1890 3318 1954 3378 lebt
1981 3315 2183 3375 Oesterreich,
2205 3314 2259 3374 das
2291 3315 2344 3375 nich

1357 3362 1383 3422 in
1425 3359 1525 3419 secten
1573 3359 1762 3419 Politikern,
1800 3359 1926 3419 sondern
1980 3360 2005 3420 in
2053 3359 2147 3419 seinen
2196 3359 2354 3419 Künstlern
2386 3361 2486 3421 testen
2518 3358 2660 3418 Erotiker
2692 3359 2744 3419 des
2777 3359 3082 3419 Impressionismus
3114 3356 3272 3416 genannt.

1354 3404 1538 3464 unsterblich
1573 3401 1630 3461 ist,
1660 3402 1752 3462 Bahr
1793 3404 1850 3464 und
1891 3404 2156 3464 Hofmannsthal
2192 3403 2283 3463 lebten
2330 3404 2352 3464 in
2394 3404 2474 3464 oder
2510 3404 2578 3464 doch
2613 3404 2676 3464 fast
2706 3404 2786 3464 alles
2822 3404 2913 3464 dreht
2943 3404 2994 3464 sich
3029 3404 3058 3464 in
3099 3404 3190 3464 seinen
3232 3402 3317 3462 Nov¬
