3344 4352
348 271 449 331 Seite
476 270 488 330 8

1130 274 1293 334 Sonntag

301 348 381 408 habe
400 351 578 411 manchmal
606 351 696 411 daran
724 351 866 411 gedacht.
885 354 1036 414 Vielleicht
1055 354 1172 414 kommt
1191 354 1216 414 es
1244 354 1369 414 einmal
1388 356 1485 416 dazu.

293 395 375 455 Aber
402 398 468 458 jetzt
495 398 567 458 habe
598 398 634 458 ich
666 401 784 461 andere
811 401 955 461 Arbeiten
997 401 1017 461 im
1064 403 1162 463 Kopf,
1189 401 1235 461 die
1261 401 1333 461 mich
1365 403 1478 463 stärker

292 446 520 506 beschäftigen.

553 448 734 508 Tatsächlich
767 445 803 505 ist
831 449 932 509 Artur
964 450 1129 510 Schnitzler
1162 450 1214 510 erst
1247 449 1273 509 in
1306 449 1358 509 der
1391 451 1481 511 aller¬

293 494 391 554 letzten
431 494 499 554 Zeit
524 496 616 556 seines
647 497 764 557 Lebens
794 497 1073 557 dazugekommen,
1094 500 1142 560 den
1177 497 1270 557 lange
1295 499 1476 559 erwogenen

297 542 355 602 und
394 544 507 604 immer
562 545 815 605 zurückgestellten
853 545 934 605 Plan
978 548 1064 608 einer
1119 546 1345 606 Umarbeitung
1389 547 1475 607 dieses

296 589 436 649 Dramas
467 589 493 649 in
530 592 660 652 Angriff
686 592 712 652 zu
749 595 894 655 nehmen.

408 637 527 697 Frage:
552 639 678 699 Welches
709 640 805 700 seiner
829 643 1052 703 Theaterstücke
1077 643 1106 703 er
1137 643 1166 703 am
1210 643 1342 703 höchsten
1373 640 1486 700 schätzt!

289 685 477 745 Schnitzler,
500 688 549 748 auf
577 688 632 748 und
666 688 699 748 ab
728 688 755 748 in
789 688 882 748 seinem
928 691 1082 751 Zimmer,
1106 688 1249 748 kräuselte
1278 688 1322 748 die
1350 691 1483 751 Lippen,

293 730 335 790 sah
372 733 451 793 dann
489 733 557 793 aber
589 736 651 796 doch
684 736 768 796 einen
805 736 990 796 Augenblick
1017 739 1217 799 nachdenklich
1254 739 1306 799 vor
1339 739 1386 799 sich
1418 739 1486 799 hin,

282 777 320 837 um
364 783 483 843 sachlich
517 783 576 843 und
603 783 761 843 bestimmt
789 786 962 846 antworten
1002 788 1028 848 zu
1062 786 1197 846 können.
1220 783 1279 843 Die
1307 785 1404 845 Wahl
1432 786 1486 846 fiel

288 828 336 888 ihm
380 831 580 891 anscheinend
613 831 695 891 nicht
722 832 847 892 schwer.
891 834 939 894 Er
967 834 1069 894 sagte:
1114 835 1194 895 „Die
1228 834 1401 894 „Komödie
1434 832 1482 892 der

291 879 418 939 Worte“
446 879 517 939 habe
540 880 572 940 ich
595 879 689 939 gern.
706 879 860 939 Vielleicht
883 883 987 943 könnte
1010 884 1043 944 ich
1071 882 1137 942 mich
1166 882 1253 942 sogar
1271 879 1486 939 entschließen,

291 929 328 989 sie
356 928 572 988 ausnehmend
600 930 653 990 gut
680 930 712 990 zu
740 930 864 990 finden.
892 931 993 991 Sagen
1027 930 1129 990 würde
1157 930 1194 990 ich
1227 930 1281 990 das
1314 930 1383 990 aber
1411 930 1486 990 nur,

285 974 371 1034 wenn
404 976 442 1036 sie
470 976 480 1036 —
535 974 578 1034 ein
611 977 746 1037 anderer
774 977 952 1037 geschrieben
991 977 1143 1037 hätte...
1165 976 1322 1036 Hingegen
1355 977 1425 1037 gibt
1448 975 1480 1035 es

288 1022 330 1082 ein
364 1023 466 1083 Buch,
483 1027 510 1087 zu
543 1025 591 1085 dem
630 1025 667 1085 ich
701 1025 765 1085 mich
793 1025 874 1085 ganz
896 1028 977 1088 ohne
999 1025 1249 1085 Einschränkung
1276 1025 1422 1085 bekenne.
1439 1023 1482 1083 Es

290 1071 474 1131 geschrieben
512 1074 543 1134 zu
575 1073 692 1133 haben,
719 1073 765 1133 bin
798 1073 834 1133 ich
872 1073 1004 1133 beinahe
1031 1073 1120 1133 stolz.
1147 1073 1210 1133 Und
1248 1073 1300 1133 das
1337 1073 1368 1133 ist
1401 1073 1479 1133 mein

287 1118 366 1178 alter
399 1120 520 1180 Roman
557 1122 641 1182 „Der
668 1121 737 1181 Weg
769 1121 821 1181 ins
848 1123 980 1183 Freie“.
1002 1121 1107 1181 Dieses
1134 1121 1213 1181 Buch
1251 1121 1319 1181 muß
1351 1123 1388 1183 ich
1420 1121 1483 1181 mir

284 1165 438 1225 nächstens
470 1168 523 1228 auf
550 1168 666 1228 meinen
699 1168 895 1228 Schreibtisch
928 1170 959 1230 zu
991 1171 1039 1231 den
1071 1168 1209 1228 Büchern
1242 1171 1347 1231 legen,
1369 1171 1416 1231 die
1443 1169 1480 1229 ich

289 1208 334 1268 bei
362 1216 589 1276 Gelegenheit,
610 1218 669 1278 und
704 1219 790 1279 wenn
825 1219 864 1279 ich
892 1219 965 1279 Zeit
992 1219 1085 1279 habe,
1113 1216 1226 1276 wieder
1254 1218 1381 1278 einmal
1408 1218 1481 1278 lesen

288 1260 429 1320 möchte.

398 1314 604 1374 Weggehend,
629 1315 670 1375 sah
704 1315 744 1375 ich
770 1315 818 1375 die
844 1315 1041 1375 erleuchteten
1075 1315 1215 1375 Scheiben
1257 1315 1306 1375 des
1331 1313 1479 1373 Arbeits¬

285 1356 434 1416 zimmers
490 1359 589 1419 Artur
639 1362 833 1422 Schnitzlers
862 1362 949 1422 durch
983 1362 1032 1422 die
1083 1362 1310 1422 verregneten,
1355 1362 1476 1422 finstern

290 1406 533 1466 Cottagegärten
565 1407 713 1467 glänzen.
729 1408 824 1468 Nebel
846 1410 940 1470 spann
967 1410 1035 1470 ums
1062 1411 1141 1471 Licht
1163 1410 1215 1470 der
1237 1410 1342 1470 hinter
1364 1410 1490 1470 Baum¬

285 1454 393 1514 kronen
431 1455 675 1515 halbversteckten
714 1458 892 1518 Laternen.
936 1458 995 1518 Die
1029 1460 1164 1520 Schritte
1197 1459 1251 1519 des
1301 1461 1484 1521 Entgegen¬

287 1503 486 1563 kommenden
524 1505 682 1565 scheuchten
720 1506 761 1566 ein
793 1509 1110 1569 engverschlungenes
1142 1509 1232 1569 Paar
1259 1509 1490 1569 auseinander.

289 1553 436 1613 Zögernd
466 1553 542 1613 lösen
572 1553 613 1613 sie
637 1553 701 1613 ihre
731 1553 855 1613 Hände.
879 1556 944 1616 Der
968 1556 1062 1616 junge
1092 1556 1215 1616 Mensch
1245 1556 1357 1616 schlägt
1381 1556 1480 1616 seinen

291 1601 477 1661 Rockkragen
506 1603 579 1663 auf.
596 1601 658 1661 Und
687 1603 743 1663 das
772 1604 941 1664 Mädchen,
964 1604 1190 1664 Regentropfen
1224 1604 1280 1664 aus
1310 1604 1360 1664 dem
1400 1607 1484 1667 Haar

286 1649 450 1709 streifend,
473 1651 563 1711 fängt
592 1649 654 1709 mit
683 1651 734 1711 der
769 1651 859 1711 Hand
894 1652 938 1712 ein
979 1655 1251 1715 herangewehtes,
1297 1654 1353 1714 von
1394 1655 1484 1715 Nässe

292 1697 432 1757 schweres
468 1698 563 1758 Blatt
592 1700 665 1760 auf.
688 1701 750 1761 Sie
779 1702 847 1762 läßt
876 1703 909 1763 es
938 1703 1051 1763 fallen.
1096 1703 1181 1763 Ihre
1210 1703 1340 1763 dunklen
1380 1703 1481 1763 Augen

292 1745 395 1805 haften
430 1746 516 1806 einen
552 1747 719 1807 Moment,
743 1747 916 1807 sonderbar
951 1749 1008 1809 und
1044 1750 1240 1810 verräterisch
1293 1750 1471 1810 schweifend

291 1795 364 1855 über
393 1792 449 1852 den
478 1795 636 1855 Geliebten
670 1795 794 1855 hinweg
823 1798 856 1858 an
891 1798 941 1858 dem
987 1798 1162 1858 Fremden,
1185 1798 1235 1858 der
1264 1798 1490 1858 vorübergeht.

400 1841 469 1901 Wie
497 1843 583 1903 durch
616 1844 685 1904 eine
735 1846 923 1906 erfundene,
967 1846 1026 1906 aus
1075 1846 1291 1906 Bücherseiten
1329 1846 1388 1906 und
1421 1849 1480 1909 von

283 1891 526 1951 Theaterszenen
557 1894 752 1954 symbolhaft
776 1896 1079 1956 herüberschattende
1110 1895 1198 1955 Welt
1223 1897 1293 1957 geht
1318 1897 1388 1957 man
1419 1896 1477 1956 und

290 1941 425 2001 erkennt
450 1941 505 2001 sie:
536 1940 609 2000 diese
641 1941 861 2001 schweigenden
899 1944 1114 2004 Herbstgärten
1151 1943 1255 2003 Artur
1287 1941 1489 2001 Schnitzlers,

293 1989 342 2049 des
375 1991 518 2051 Dichters
550 1989 606 2049 von
638 1989 750 2049 Wien.

315 2133 485 2193 Aeiur
522 2135 813 2195 Schnihler
867 2134 971 2194 und
1042 2133 1126 2193 die
1180 2134 1471 2194 Operelle.

852 2205 915 2265 Von

738 2256 887 2316 Edmund
916 2258 1043 2318 Eysler.

400 2323 514 2383 Heute,
541 2324 585 2384 wo
611 2325 693 2385 ganz
720 2324 802 2384 Wien
841 2324 873 2384 um
918 2327 1008 2387 jenen
1041 2324 1181 2384 genialen
1214 2324 1315 2384 Mann
1348 2327 1488 2387 trauert,

289 2371 341 2431 der
365 2374 422 2434 wie
452 2373 509 2433 kein
539 2371 661 2431 zweiter
685 2373 737 2433 den
767 2371 947 2431 Pulsschlag
977 2374 1029 2434 des
1059 2372 1157 2432 alten,
1175 2374 1245 2434 stets
1275 2374 1478 2434 träumenden

294 2421 576 2481 Vorkriegs=Wien
611 2422 724 2482 fühlte,
753 2420 792 2480 wo
826 2419 871 2479 die
900 2422 1074 2482 furchtbare
1109 2422 1250 2482 Schwere
1284 2422 1374 2482 dieses
1409 2422 1487 2482 Ver¬

298 2471 389 2531 lustes
425 2470 482 2530 uns
518 2470 575 2530 alle
604 2469 633 2529 so
662 2468 720 2528 tief
749 2470 887 2530 bewegt,
929 2470 1003 2530 tritt
1033 2470 1119 2530 wohl
1166 2470 1269 2530 meine
1300 2470 1490 2530 persönliche

289 2518 418 2578 Trauer
453 2518 475 2578 in
515 2518 566 2578 den
606 2518 844 2578 Hintergrund,
873 2519 997 2579 obwohl
1031 2520 1138 2580 gerade
1173 2518 1212 2578 ich
1247 2518 1275 2578 in
1315 2519 1484 2579 Schnitzler

298 2568 349 2628 den
384 2568 673 2628 Gleichgesinnten,
697 2567 748 2627 den
784 2567 939 2627 Gestalter
975 2567 1056 2627 einer
1085 2566 1160 2626 Zeit
1184 2566 1374 2626 bewundert
1404 2568 1495 2628 habe,

298 2616 355 2676 mit
385 2616 436 2676 der
466 2616 534 2676 auch
564 2616 604 2676 ich
639 2616 696 2676 mit
726 2616 800 2676 allen
836 2616 946 2676 Fasern
987 2616 1102 2676 meines
1132 2616 1270 2676 Herzens
1305 2616 1478 2676 verbunden

301 2664 383 2724 war.
431 2664 531 2724 Schon
573 2664 667 2724 lange
698 2662 732 2722 ist
763 2663 797 2723 es
827 2664 898 2724 her,
928 2664 981 2724 daß
1017 2664 1057 2724 ich
1093 2664 1152 2724 mit
1183 2664 1288 2724 Artur
1319 2664 1489 2724 Schnitzler

301 2710 362 2770 jene
397 2712 634 2772 unvergeßliche
663 2713 855 2773 Begegnung
896 2713 997 2773 hatte,
1026 2712 1071 2772 die
1105 2712 1167 2772 mir
1202 2712 1331 2772 bewies,
1360 2713 1484 2773 welches

298 2760 457 2820 Interesse
487 2761 545 2821 und
581 2759 793 2819 Verständnis
823 2762 1012 2822 Schnitzler,
1042 2759 1088 2819 der
1124 2762 1218 2822 große
1248 2762 1306 2822 und
1343 2761 1489 2821 gefeierte

296 2810 443 2870 Literat,
469 2810 536 2870 auch
567 2808 622 2868 für
654 2808 757 2868 meine
789 2807 881 2867 Muse
913 2810 973 2870 und
1012 2807 1060 2867 für
1098 2810 1171 2870 mein
1215 2810 1357 2870 Schaffen
1400 2810 1498 2870 hatte.

294 2858 360 2918 Wie
394 2858 521 2918 treffend
555 2858 615 2918 und
649 2858 744 2918 dabei
772 2858 827 2918 von
861 2858 1082 2918 wohltuender
1111 2858 1238 2918 Wärme
1272 2858 1371 2918 waren
1411 2858 1488 2918 seine

298 2906 433 2966 Kritiken
470 2906 546 2966 über
582 2906 682 2966 einige
712 2906 829 2966 meiner
866 2906 990 2966 Werke;
1044 2906 1102 2966 und
1138 2906 1197 2966 wie
1227 2907 1303 2967 stolz
1333 2909 1403 2969 war
1434 2909 1492 2969 ich,

298 2953 352 3013 der
381 2955 476 3015 junge
512 2953 711 3013 Komponist,
733 2953 856 3013 damals
891 2953 945 3013 auf
974 2953 1069 3013 dieses
1098 2953 1256 3013 Interesse
1284 2955 1339 3015 des
1374 2956 1483 3016 großen

298 3003 465 3063 Dichters.

405 3052 502 3112 Eines
540 3051 644 3111 Tages
700 3051 834 3111 übergab
890 3051 957 3111 mir
1007 3052 1178 3112 Schnitzler
1234 3049 1332 3109 einige
1388 3050 1486 3110 seiner

1531 3067 1608 3127 gedie

295 3100 464 3160 herrlichen
504 3099 673 3159 Novellen.
726 3100 849 3160 „Sehen
890 3100 946 3160 Sie
980 3100 1053 3160 sich,
1082 3100 1178 3160 lieber
1213 3100 1359 3160 Freund,
1411 3100 1489 3160 diese

2613 3110 2706 3170 eistet

1515 3112 1596 3172 fblieb

300 3147 414 3207 Sachen
454 3147 575 3207 einmal
601 3147 672 3207 an,"
704 3147 787 3207 sagte
820 3147 870 3207 er,
890 3147 1063 3207 „vielleicht
1096 3147 1198 3207 eignet
1224 3147 1275 3207 sich
1309 3147 1404 3207 etwas
1437 3148 1487 3208 für
1527 3161 1609 3221 Queg

298 3195 355 3255 Sie
390 3195 436 3255 als
471 3195 743 3255 Operettenstoff."
772 3195 829 3255 Ich
859 3195 992 3255 brauche
1021 3195 1107 3255 wohl
1137 3195 1218 3255 nicht
1247 3196 1276 3256 zu
1311 3195 1472 3255 erwähnen

2644 3207 2690 3267 ein

1519 3209 1609 3269 Mar

295 3240 351 3300 daß
385 3243 424 3303 ich
459 3243 516 3303 mit
545 3244 669 3304 wahrem
716 3243 897 3303 Feuereifer
926 3244 959 3304 an
1000 3243 1044 3303 die
1073 3245 1204 3305 Lektüre
1233 3245 1307 3305 ging
1341 3243 1397 3303 und
1432 3243 1465 3303 da

1518 3255 1601 3315 1697

2617 3255 2704 3315 kische

297 3293 325 3353 es
360 3292 421 3352 mir
450 3291 494 3351 ein
529 3292 636 3352 Genuß
670 3294 755 3354 war,
778 3294 919 3354 Stunden
959 3293 981 3353 im
1027 3293 1140 3353 Banne
1169 3294 1270 3354 Artur
1298 3293 1484 3353 Schnitzlers

2613 3303 2708 3363 erkeit

1522 3305 1622 3365 Reite

301 3346 330 3406 zu
372 3341 555 3401 verbringen
597 3341 655 3401 und
685 3341 768 3401 seine
798 3341 827 3401 so
857 3344 1051 3404 eigenartige
1087 3343 1300 3403 Melancholie
1331 3341 1389 3401 auf
1419 3341 1489 3401 mich

2640 3349 2705 3409 das

297 3389 464 3449 einwirken
503 3390 535 3450 zu
573 3389 681 3449 lassen.
731 3389 844 3449 Leider
877 3392 947 3452 fand
986 3390 1029 3450 ich
1089 3389 1181 3449 unter
1214 3391 1267 3451 den
1311 3389 1484 3449 damaliger

1522 3401 1772 3461 Namenregister
1803 3401 1888 3461 jener
1919 3400 2069 3460 Statten,
2095 3398 2130 3458 un
2166 3400 2255 3460 denen
2296 3404 2341 3464 sich
2377 3404 2421 3464 der
2458 3401 2708 3461 nmeistel

298 3440 424 3500 Werken
454 3437 568 3497 nichts,
586 3437 649 3497 was
685 3438 741 3498 mir
771 3440 799 3500 zu
829 3440 915 3500 einer
938 3440 1122 3500 Vertonung
1152 3441 1296 3501 geeignet
1319 3440 1480 3500 erschiener

1520 3448 1632 3508 immer
1672 3449 1734 3509 mit
1768 3449 1819 3509 der
1859 3447 1982 3507 gleichen
2028 3446 2185 3506 Bravour
2220 3449 2377 3509 schlugen:
2423 3449 2541 3509 Zenta,
2569 3448 2709 3508 Parma,

297 3488 396 3548 wäre.
425 3488 530 3548 Jahre
564 3488 624 3548 sind
658 3488 857 3548 vergangen.
908 3488 974 3548 Der
1002 3488 1096 3548 Krieg
1136 3488 1185 3548 kam
1241 3488 1296 3548 und
1336 3488 1396 3548 mit
1430 3485 1473 3545 ihm

1521 3497 1701 3557 Guastalla,
1730 3497 1814 3557 dann
1855 3494 1972 3554 Campo
2013 3494 2142 3554 Santo,
2194 3494 2238 3554 wo
2279 3497 2357 3557 nicht
2391 3497 2533 3557 weniger
2573 3494 2617 3554 als
2657 3495 2702 3555 ein

299 3535 366 3595 eine
397 3535 470 3595 neue
501 3535 587 3595 Zeit,
606 3535 655 3595 die
680 3535 759 3595 nicht
791 3535 870 3595 mehr
901 3535 949 3595 die
975 3537 1159 3597 Schnitzlers
1190 3535 1251 3595 und
1282 3535 1387 3595 meine
1412 3537 1497 3597 war.
1522 3542 1651 3602 Viertel
1683 3544 1731 3604 der
1763 3542 2013 3602 Deutschmeister
2046 3542 2100 3602 den
2138 3544 2309 3604 Heldentod
2340 3544 2451 3604 stirbt,
2494 3544 2610 3604 Kolin,
2654 3544 2708 3604 der

400 3583 567 3643 Schnitzler
600 3583 719 3643 begann
758 3585 806 3645 sich
861 3584 980 3644 immer
1035 3586 1121 3646 mehr
1154 3583 1213 3643 und
1252 3586 1338 3646 mehr
1371 3583 1490 3643 zurück¬

1524 3594 1771 3654 Erbfolgekrieg,
1810 3592 1859 3652 die
1904 3592 2157 3652 napoleonischen
2207 3592 2338 3652 Kriege,
2372 3589 2421 3649 die
2466 3592 2614 3652 Schlacht
2659 3590 2708 3650 bei

295 3634 436 3694 zuziehen
476 3634 532 3694 und
567 3632 595 3692 so
630 3633 674 3693 kam
726 3634 777 3694 es,
800 3634 856 3694 daß
891 3634 947 3694 wir
988 3634 1044 3694 uns
1073 3634 1243 3694 jahrelang
1278 3634 1362 3694 nicht
1391 3632 1492 3692 sahen.

1526 3643 1692 3703 Wagram,
1709 3640 1753 3700 die
1780 3640 1888 3700 Kriege
1915 3638 2012 3698 1849,
2029 3640 2104 3700 1859
2137 3638 2191 3698 und
2224 3637 2299 3697 1866
2327 3638 2445 3698 mehren
2478 3638 2527 3698 die
2549 3639 2710 3699 Ruhmes¬

298 3684 380 3744 Aber
416 3682 492 3742 mein
528 3682 686 3742 Interesse
717 3681 769 3741 für
805 3682 863 3742 sein
899 3682 969 3742 Tun
1011 3682 1069 3742 und
1106 3682 1253 3742 Schaffen
1289 3682 1394 3742 blieb;
1425 3683 1483 3743 und
1519 3687 1601 3747 taten
1637 3689 1683 3749 der
1713 3688 1836 3748 Wiener
1861 3687 2079 3747 Edelknaben.
2103 3687 2191 3747 Dann
2227 3686 2338 3746 kommt
2362 3687 2415 3747 der
2445 3686 2627 3746 Weltkrieg,
2645 3688 2698 3748 von

297 3730 366 3790 auch
405 3731 453 3791 die
486 3729 550 3789 mir
583 3731 701 3791 einmal
734 3729 787 3789 von
831 3729 879 3789 ihm
929 3732 1079 3792 gegebene
1113 3732 1285 3792 Anregung
1323 3730 1376 3790 zur
1409 3727 1490 3787 Ver¬

1520 3738 1569 3798 dem
1614 3738 1668 3798 das
1691 3734 2089 3794 Deutschmeisterdenkmal
2112 3735 2166 3795 seit
2189 3735 2293 3795 heute,
2310 3735 2360 3795 seit
2383 3734 2437 3794 auf
2460 3734 2553 3794 seinen
2587 3735 2697 3795 Stufen

294 3780 418 3840 tonung
458 3780 542 3840 einer
576 3780 671 3840 seiner
706 3780 851 3840 Novellen
892 3780 998 3840 wirkte
1032 3778 1173 3838 nach...
1224 3777 1285 3837 Als
1320 3779 1392 3839 mich
1432 3780 1488 3840 vor
1523 3781 1573 3841 der
1601 3785 1742 3845 mächtige
1770 3783 1877 3843 eherne
1900 3783 2001 3843 Kranz
2024 3783 2080 3843 aus
2108 3783 2254 3843 Lorbeer,
2277 3782 2457 3842 Eichenlaub
2486 3781 2542 3841 und
2570 3783 2699 3843 Dornen

300 3826 457 3886 ungefähr
486 3828 564 3888 einem
610 3828 712 3888 Jahre
740 3828 819 3888 zwei
842 3828 954 3888 junge,
972 3828 1265 3888 schaffensfreudige
1294 3825 1484 3885 Librettisten
1520 3830 1615 3890 ruht,
1632 3833 1682 3893 der
1706 3831 1863 3891 Nachwelt
1880 3832 1988 3892 Kunde
2011 3832 2089 3892 gibt.
2112 3831 2236 3891 137.000
2265 3831 2389 3891 Wiener
2412 3831 2529 3891 standen
2558 3828 2704 3888 während

297 3876 447 3936 besuchten
508 3876 567 3936 und
621 3876 686 3936 mir
741 3876 783 3936 ein
822 3876 1070 3936 Operettenbuch
1126 3876 1309 3936 vorlegten,
1353 3873 1412 3933 das
1445 3874 1493 3934 die

1523 3879 1571 3939 des
1609 3879 1808 3939 Weltkrieges
1857 3879 1883 3939 in
1933 3877 1986 3937 den
2030 3879 2142 3939 Reihen
2197 3879 2245 3939 des
2283 3878 2471 3938 Regiments
2504 3878 2606 3938 Hoch-
2645 3879 2698 3939 und

289 3923 443 3983 bekannte
493 3923 625 3983 Novelle
681 3923 868 3983 Schnitzlers
925 3923 1134 3983 „Casanovas
1168 3923 1372 3983 Heimfahrt“
1427 3923 1482 3983 zur
1517 3927 1787 3987 Deutschmeister,
1809 3923 1886 3983 5000
1914 3924 2107 3984 Edelknaben
2142 3924 2257 3984 starben
2291 3925 2340 3985 den
2374 3926 2566 3986 Heldentod,
2584 3926 2710 3986 Unzahl

300 3972 441 4032 Vorlage
476 3974 577 4034 hatte,
601 3974 634 4034 da
674 3972 753 4032 griff
782 3974 821 4034 ich
855 3972 918 4032 mit
946 3971 1087 4031 Freuden
1128 3974 1178 4034 zu.
1230 3971 1285 4031 Ein
1326 3971 1489 4031 tragisches

1524 3974 1558 4034 ist
1588 3977 1639 4037 die
1669 3977 1767 4037 Reihe
1802 3974 1906 4034 derer,
1936 3974 1981 4034 die
2017 3974 2161 4034 Wunden
2202 3974 2439 4034 davontrugen.

300 4020 435 4080 Geschick
464 4020 565 4080 wollte
594 4019 622 4079 es
656 4020 775 4080 jedoch,
821 4021 876 4081 daß
911 4019 973 4079 mir
1007 4022 1085 4082 jetzt,
1132 4019 1177 4079 wo
1234 4019 1312 4079 diese
1341 4019 1493 4079 Operette

1626 4042 1670 4102 Am
1709 4040 1740 4100 6.
1767 4042 1881 4102 August
1907 4040 1977 4100 1914
2010 4040 2080 4100 steht
2107 4040 2157 4100 das
2183 4043 2356 4103 Regiment
2375 4042 2400 4102 in
2434 4042 2484 4102 der
2510 4042 2708 4102 Rennweger

298 4068 413 4128 bereits
448 4067 638 4127 bühnenreif
662 4067 714 4127 ist,
738 4067 783 4127 die
813 4068 917 4128 Kritik
946 4067 992 4127 des
1027 4070 1137 4130 großen
1172 4067 1293 4127 Geistes
1323 4067 1490 4127 Schnitzler

1521 4091 1655 4151 Kaserne
1684 4088 1954 4148 abmarschbereit.
2002 4090 2077 4150 Sein
2111 4088 2260 4148 Inhaber
2295 4091 2464 4151 Erzherzog
2498 4091 2600 4151 Eugen
2641 4088 2708 4148 ver¬

301 4117 428 4177 versagt
457 4114 571 4174 bleiben
613 4116 700 4176 muß,
742 4117 795 4177 die
831 4117 904 4177 mein
946 4117 1040 4177 neues
1075 4116 1163 4176 Werk
1211 4116 1271 4176 erst
1319 4117 1353 4177 so
1387 4119 1488 4179 richtig

1521 4141 1687 4201 abschiedet
1717 4138 1762 4198 es,
1792 4138 1843 4198 vom
1890 4138 2017 4198 Wiener
2052 4138 2282 4198 Nordbahnhof
2312 4138 2381 4198 geht
2410 4138 2444 4198 es
2474 4137 2611 4197 hinaus,
2641 4135 2686 4195 dem

303 4163 435 4223 gekrönt
458 4162 558 4222 hätte.

1517 4184 1658 4244 Kampfe
1685 4186 1843 4246 entgegen,
1870 4183 1911 4243 Am
1954 4185 2012 4245 14.
2039 4186 2155 4246 August
2181 4186 2273 4246 stehen
2307 4186 2356 4246 die
2384 4184 2634 4244 Deutichmeister
2661 4187 2710 4247 bei
