<?xml version="1.0" encoding="UTF-8" standalone="yes"?>
<PcGts xmlns="http://schema.primaresearch.org/PAGE/gts/pagecontent/2013-07-15" xmlns:xsi="http://www.w3.org/2001/XMLSchema-instance" xsi:schemaLocation="http://schema.primaresearch.org/PAGE/gts/pagecontent/2013-07-15 http://schema.primaresearch.org/PAGE/gts/pagecontent/2013-07-15/pagecontent.xsd">
    <Metadata>
        <Creator>prov=READ-COOP:name=PyLaia@TranskribusPlatform:version=2.12.1:model_id=39995:lm=none:date=09_04_2024_22:50</Creator>
        <Created>2019-10-07T20:38:28.269+02:00</Created>
        <LastChange>2024-04-09T22:50:06.716+02:00</LastChange>
        <TranskribusMetadata docId="224459" pageId="9581591" pageNr="265" tsid="157630089" status="IN_PROGRESS" userId="64420" imgUrl="https://files.transkribus.eu/Get?id=MKSRLBGHGBUMUHJHURWMSRGX&amp;fileType=view" xmlUrl="https://files.transkribus.eu/Get?id=TKPGUPLCZSGRLJQIYHFWLYEW" imageId="6209006"/>
    </Metadata>
    <Page imageFilename="224459_0265.jpeg" imageWidth="3392" imageHeight="4352">
        <ReadingOrder>
            <OrderedGroup id="ro_1712938091050" caption="Regions reading order">
                <RegionRefIndexed index="0" regionRef="tr_1"/>
                <RegionRefIndexed index="1" regionRef="tr_2"/>
                <RegionRefIndexed index="2" regionRef="tr_3"/>
            </OrderedGroup>
        </ReadingOrder>
        <TextRegion orientation="0.0" id="tr_1" custom="readingOrder {index:0;}">
            <Coords points="149,213 149,363 220,363 220,213"/>
            <TextLine id="tr_1_tl_1" custom="readingOrder {index:0;}">
                <Coords points="142,337 153,340 164,334 172,339 186,325 193,323 206,331 217,332 217,277 202,278 175,256 158,262 142,256"/>
                <Baseline points="149,313 184,313 220,313"/>
                <Word id="tr_1_tl_1_w1" custom="readingOrder {index:0;}">
                    <Coords points="150,273 150,333 168,333 168,273"/>
                    <TextEquiv>
                        <Unicode>2</Unicode>
                    </TextEquiv>
                </Word>
                <TextEquiv>
                    <Unicode>2</Unicode>
                </TextEquiv>
            </TextLine>
            <TextEquiv>
                <Unicode></Unicode>
            </TextEquiv>
        </TextRegion>
        <TextRegion orientation="0.0" id="tr_2" custom="readingOrder {index:1;}">
            <Coords points="304,210 304,378 737,378 737,210"/>
            <TextLine id="tr_2_tl_1" custom="readingOrder {index:0;}">
                <Coords points="298,333 405,353 553,332 601,354 664,333 701,356 734,343 733,262 712,276 675,254 641,270 556,250 493,278 404,254 296,264"/>
                <Baseline points="304,310 329,315 354,319 380,317 405,317 431,319 456,320 482,322 507,324 533,325 558,320 584,317 609,318 635,322 660,324 686,325 711,327 737,328"/>
                <Word id="tr_2_tl_1_w1" custom="readingOrder {index:0;}">
                    <Coords points="295,282 295,342 675,342 675,282"/>
                    <TextEquiv>
                        <Unicode>Schnitzl</Unicode>
                    </TextEquiv>
                </Word>
                <TextEquiv>
                    <Unicode>Schnitzl</Unicode>
                </TextEquiv>
            </TextLine>
            <TextEquiv>
                <Unicode></Unicode>
            </TextEquiv>
        </TextRegion>
        <TextRegion orientation="0.0" id="tr_3" custom="readingOrder {index:2;}">
            <Coords points="776,295 776,4173 1886,4173 1886,295"/>
            <TextLine id="tr_3_tl_1" custom="readingOrder {index:0;}">
                <Coords points="1392,346 1443,330 1510,352 1546,331 1580,346 1600,329 1678,344 1814,320 1814,266 1771,250 1734,250 1714,269 1643,256 1560,276 1455,276 1420,254 1392,264"/>
                <Baseline points="1399,316 1425,316 1451,316 1477,318 1503,319 1529,319 1555,318 1581,316 1608,316 1634,316 1660,316 1686,316 1712,316 1738,316 1764,316 1790,316 1817,316"/>
                <Word id="tr_3_tl_1_w1" custom="readingOrder {index:0;}">
                    <Coords points="1397,276 1397,336 1520,336 1520,276"/>
                    <TextEquiv>
                        <Unicode>box</Unicode>
                    </TextEquiv>
                </Word>
                <Word id="tr_3_tl_1_w2" custom="readingOrder {index:1;}">
                    <Coords points="1598,276 1598,336 1783,336 1783,276"/>
                    <TextEquiv>
                        <Unicode>4374</Unicode>
                    </TextEquiv>
                </Word>
                <TextEquiv>
                    <Unicode>box 4374</Unicode>
                </TextEquiv>
            </TextLine>
            <TextLine id="tr_3_tl_2" custom="readingOrder {index:1;}">
                <Coords points="770,350 904,337 944,355 1103,336 1135,362 1206,344 1207,262 1159,250 1052,283 976,259 770,305"/>
                <Baseline points="776,328 801,326 826,325 852,325 877,325 903,325 928,326 953,328 979,328 1004,328 1030,325 1055,320 1080,317 1106,320 1131,325 1157,325 1182,326 1208,331"/>
                <Word id="tr_3_tl_2_w1" custom="readingOrder {index:0;}">
                    <Coords points="778,288 778,348 1140,348 1140,288"/>
                    <TextEquiv>
                        <Unicode>St</Unicode>
                    </TextEquiv>
                </Word>
                <TextEquiv>
                    <Unicode>St</Unicode>
                </TextEquiv>
            </TextLine>
            <TextLine id="tr_3_tl_3" custom="readingOrder {index:2;}">
                <Coords points="946,643 1434,684 1780,671 1778,610 1634,562 1519,589 1053,564 945,593"/>
                <Baseline points="952,635 993,636 1034,638 1076,639 1117,644 1159,647 1200,647 1242,637 1283,642 1325,653 1366,651 1407,648 1449,651 1490,656 1532,653 1573,661 1615,659 1656,659 1698,661 1739,662 1781,662"/>
                <Word id="tr_3_tl_3_w1" custom="readingOrder {index:0;}">
                    <Coords points="959,609 959,669 1665,669 1665,609"/>
                    <TextEquiv>
                        <Unicode>OBSERVER</Unicode>
                    </TextEquiv>
                </Word>
                <TextEquiv>
                    <Unicode>OBSERVER</Unicode>
                </TextEquiv>
            </TextLine>
            <TextLine id="tr_3_tl_4" custom="readingOrder {index:3;}">
                <Coords points="1072,702 1678,727 1667,685 1110,657 1071,677"/>
                <Baseline points="1077,695 1107,697 1137,699 1167,701 1197,701 1227,702 1257,704 1288,704 1318,705 1348,707 1378,707 1408,708 1438,710 1468,712 1499,713 1529,713 1559,715 1589,717 1619,719 1649,719 1680,719"/>
                <Word id="tr_3_tl_4_w1" custom="readingOrder {index:0;}">
                    <Coords points="1073,658 1073,718 1193,718 1193,658"/>
                    <TextEquiv>
                        <Unicode>österr.</Unicode>
                    </TextEquiv>
                </Word>
                <Word id="tr_3_tl_4_w2" custom="readingOrder {index:1;}">
                    <Coords points="1211,664 1211,724 1364,724 1364,664"/>
                    <TextEquiv>
                        <Unicode>behördl.</Unicode>
                    </TextEquiv>
                </Word>
                <Word id="tr_3_tl_4_w3" custom="readingOrder {index:2;}">
                    <Coords points="1383,673 1383,733 1674,733 1674,673"/>
                    <TextEquiv>
                        <Unicode>konzessioniertes</Unicode>
                    </TextEquiv>
                </Word>
                <TextEquiv>
                    <Unicode>österr. behördl. konzessioniertes</Unicode>
                </TextEquiv>
            </TextLine>
            <TextLine id="tr_3_tl_5" custom="readingOrder {index:4;}">
                <Coords points="1009,751 1328,747 1436,778 1626,764 1701,786 1708,721 1007,699"/>
                <Baseline points="1014,734 1050,736 1087,739 1124,740 1161,741 1197,743 1234,743 1271,745 1308,746 1345,747 1381,749 1418,749 1455,754 1492,755 1529,756 1565,758 1602,758 1639,761 1676,761 1713,761"/>
                <Word id="tr_3_tl_5_w1" custom="readingOrder {index:0;}">
                    <Coords points="1010,700 1010,760 1238,760 1238,700"/>
                    <TextEquiv>
                        <Unicode>Unternehmen</Unicode>
                    </TextEquiv>
                </Word>
                <Word id="tr_3_tl_5_w2" custom="readingOrder {index:1;}">
                    <Coords points="1266,705 1266,765 1315,765 1315,705"/>
                    <TextEquiv>
                        <Unicode>für</Unicode>
                    </TextEquiv>
                </Word>
                <Word id="tr_3_tl_5_w3" custom="readingOrder {index:2;}">
                    <Coords points="1338,715 1338,775 1705,775 1705,715"/>
                    <TextEquiv>
                        <Unicode>Zeitungs-Ausschnitte</Unicode>
                    </TextEquiv>
                </Word>
                <TextEquiv>
                    <Unicode>Unternehmen für Zeitungs-Ausschnitte</Unicode>
                </TextEquiv>
            </TextLine>
            <TextLine id="tr_3_tl_6" custom="readingOrder {index:5;}">
                <Coords points="1055,800 1568,832 1591,824 1589,772 1053,751"/>
                <Baseline points="1062,796 1088,796 1115,797 1141,798 1168,800 1194,802 1221,802 1247,802 1274,802 1300,803 1327,805 1354,807 1380,808 1407,810 1433,812 1460,814 1486,814 1513,814 1539,816 1566,818 1593,820"/>
                <Word id="tr_3_tl_6_w1" custom="readingOrder {index:0;}">
                    <Coords points="1056,757 1056,817 1203,817 1203,757"/>
                    <TextEquiv>
                        <Unicode>WIEN,</Unicode>
                    </TextEquiv>
                </Word>
                <Word id="tr_3_tl_6_w2" custom="readingOrder {index:1;}">
                    <Coords points="1217,762 1217,822 1264,822 1264,762"/>
                    <TextEquiv>
                        <Unicode>I.,</Unicode>
                    </TextEquiv>
                </Word>
                <Word id="tr_3_tl_6_w3" custom="readingOrder {index:2;}">
                    <Coords points="1291,771 1291,831 1573,831 1573,771"/>
                    <TextEquiv>
                        <Unicode>WOLLZEILE</Unicode>
                    </TextEquiv>
                </Word>
                <TextEquiv>
                    <Unicode>WIEN, I., WOLLZEILE</Unicode>
                </TextEquiv>
            </TextLine>
            <TextLine id="tr_3_tl_7" custom="readingOrder {index:6;}">
                <Coords points="1143,855 1518,880 1580,874 1579,829 1142,813"/>
                <Baseline points="1149,850 1174,852 1199,853 1225,853 1250,854 1276,856 1301,856 1327,856 1352,858 1378,859 1403,861 1429,862 1454,862 1480,863 1505,865 1531,865 1556,865 1582,865"/>
                <Word id="tr_3_tl_7_w1" custom="readingOrder {index:0;}">
                    <Coords points="1142,813 1142,873 1354,873 1354,813"/>
                    <TextEquiv>
                        <Unicode>TELEPHON</Unicode>
                    </TextEquiv>
                </Word>
                <Word id="tr_3_tl_7_w2" custom="readingOrder {index:1;}">
                    <Coords points="1391,822 1391,882 1563,882 1563,822"/>
                    <TextEquiv>
                        <Unicode>R-23-0-43</Unicode>
                    </TextEquiv>
                </Word>
                <TextEquiv>
                    <Unicode>TELEPHON R-23-0-43</Unicode>
                </TextEquiv>
            </TextLine>
            <TextLine id="tr_3_tl_8" custom="readingOrder {index:7;}">
                <Coords points="953,933 991,937 998,931 1015,940 1055,933 1088,949 1135,940 1130,866 1081,866 1057,849 1035,861 1024,856 1016,862 1005,853 989,862 962,856 948,862"/>
                <Baseline points="958,919 983,921 1009,922 1034,924 1060,926 1085,928 1111,929 1137,931"/>
                <Word id="tr_3_tl_8_w1" custom="readingOrder {index:0;}">
                    <Coords points="955,884 955,944 1115,944 1115,884"/>
                    <TextEquiv>
                        <Unicode>Journal:</Unicode>
                    </TextEquiv>
                </Word>
                <TextEquiv>
                    <Unicode>Journal:</Unicode>
                </TextEquiv>
            </TextLine>
            <TextLine id="tr_3_tl_9" custom="readingOrder {index:8;}">
                <Coords points="1237,965 1263,949 1332,962 1392,946 1457,972 1489,961 1508,976 1580,974 1605,965 1603,917 1542,931 1524,917 1456,923 1435,910 1399,919 1233,898"/>
                <Baseline points="1241,934 1267,937 1293,940 1319,942 1345,943 1372,943 1398,946 1424,949 1450,951 1476,953 1503,955 1529,955 1555,955 1581,955 1608,958"/>
                <Word id="tr_3_tl_9_w1" custom="readingOrder {index:0;}">
                    <Coords points="1232,900 1232,960 1365,960 1365,900"/>
                    <TextEquiv>
                        <Unicode>Berner</Unicode>
                    </TextEquiv>
                </Word>
                <Word id="tr_3_tl_9_w2" custom="readingOrder {index:1;}">
                    <Coords points="1406,915 1406,975 1603,975 1603,915"/>
                    <TextEquiv>
                        <Unicode>Tagwacht</Unicode>
                    </TextEquiv>
                </Word>
                <TextEquiv>
                    <Unicode>Berner Tagwacht</Unicode>
                </TextEquiv>
            </TextLine>
            <TextLine id="tr_3_tl_10" custom="readingOrder {index:9;}">
                <Coords points="1283,1055 1295,1050 1308,1057 1328,1050 1340,1058 1379,1050 1396,1060 1408,1054 1429,1068 1428,997 1413,991 1383,1005 1368,998 1349,1008 1282,997"/>
                <Baseline points="1289,1041 1317,1043 1346,1045 1374,1047 1403,1045 1432,1044"/>
                <Word id="tr_3_tl_10_w1" custom="readingOrder {index:0;}">
                    <Coords points="1283,1004 1283,1064 1406,1064 1406,1004"/>
                    <TextEquiv>
                        <Unicode>BERN</Unicode>
                    </TextEquiv>
                </Word>
                <TextEquiv>
                    <Unicode>BERN</Unicode>
                </TextEquiv>
            </TextLine>
            <TextLine id="tr_3_tl_11" custom="readingOrder {index:10;}">
                <Coords points="1103,1129 1334,1099 1636,1108 1636,1043 1615,1029 1549,1044 1471,1028 1393,1064 1271,1033 1227,1053 1103,1035"/>
                <Baseline points="1110,1101 1136,1097 1162,1095 1189,1095 1215,1095 1242,1095 1268,1095 1294,1094 1321,1092 1347,1092 1374,1092 1400,1092 1426,1092 1453,1092 1479,1093 1506,1095 1532,1095 1558,1095 1585,1095 1611,1095 1638,1095"/>
                <Word id="tr_3_tl_11_w1" custom="readingOrder {index:0;}">
                    <Coords points="1108,1056 1108,1116 1168,1116 1168,1056"/>
                    <TextEquiv>
                        <Unicode>24</Unicode>
                    </TextEquiv>
                </Word>
                <Word id="tr_3_tl_11_w2" custom="readingOrder {index:1;}">
                    <Coords points="1215,1052 1215,1112 1605,1112 1605,1052"/>
                    <TextEquiv>
                        <Unicode>UUTOBREISS</Unicode>
                    </TextEquiv>
                </Word>
                <TextEquiv>
                    <Unicode>24 UUTOBREISS</Unicode>
                </TextEquiv>
            </TextLine>
            <TextLine id="tr_3_tl_12" custom="readingOrder {index:11;}">
                <Coords points="1130,1367 1576,1389 1633,1357 1687,1378 1707,1371 1708,1290 1583,1273 1312,1299 1273,1273 1131,1275"/>
                <Baseline points="1137,1352 1165,1352 1194,1352 1222,1352 1251,1352 1280,1353 1308,1355 1337,1353 1366,1352 1394,1352 1423,1354 1452,1355 1480,1355 1509,1355 1538,1355 1566,1355 1595,1354 1624,1352 1652,1350 1681,1345 1710,1337"/>
                <Word id="tr_3_tl_12_w1" custom="readingOrder {index:0;}">
                    <Coords points="1142,1312 1142,1372 1309,1372 1309,1312"/>
                    <TextEquiv>
                        <Unicode>Arthur</Unicode>
                    </TextEquiv>
                </Word>
                <Word id="tr_3_tl_12_w2" custom="readingOrder {index:1;}">
                    <Coords points="1355,1315 1355,1375 1614,1375 1614,1315"/>
                    <TextEquiv>
                        <Unicode>Schnitzler</Unicode>
                    </TextEquiv>
                </Word>
                <TextEquiv>
                    <Unicode>Arthur Schnitzler</Unicode>
                </TextEquiv>
            </TextLine>
            <TextLine id="tr_3_tl_13" custom="readingOrder {index:12;}">
                <Coords points="1029,1483 1884,1488 1884,1443 1836,1429 1029,1413"/>
                <Baseline points="1035,1468 1077,1465 1120,1468 1162,1468 1205,1470 1247,1471 1290,1471 1332,1471 1375,1471 1417,1471 1460,1472 1503,1473 1545,1471 1588,1471 1630,1472 1673,1474 1715,1473 1758,1471 1800,1471 1843,1474 1886,1477"/>
                <Word id="tr_3_tl_13_w1" custom="readingOrder {index:0;}">
                    <Coords points="1025,1426 1025,1486 1084,1486 1084,1426"/>
                    <TextEquiv>
                        <Unicode>Iäh</Unicode>
                    </TextEquiv>
                </Word>
                <Word id="tr_3_tl_13_w2" custom="readingOrder {index:1;}">
                    <Coords points="1121,1428 1121,1488 1175,1488 1175,1428"/>
                    <TextEquiv>
                        <Unicode>und</Unicode>
                    </TextEquiv>
                </Word>
                <Word id="tr_3_tl_13_w3" custom="readingOrder {index:2;}">
                    <Coords points="1207,1431 1207,1491 1394,1491 1394,1431"/>
                    <TextEquiv>
                        <Unicode>schmerzlich</Unicode>
                    </TextEquiv>
                </Word>
                <Word id="tr_3_tl_13_w4" custom="readingOrder {index:3;}">
                    <Coords points="1425,1432 1425,1492 1515,1492 1515,1432"/>
                    <TextEquiv>
                        <Unicode>trifft</Unicode>
                    </TextEquiv>
                </Word>
                <Word id="tr_3_tl_13_w5" custom="readingOrder {index:4;}">
                    <Coords points="1540,1431 1540,1491 1589,1491 1589,1431"/>
                    <TextEquiv>
                        <Unicode>die</Unicode>
                    </TextEquiv>
                </Word>
                <Word id="tr_3_tl_13_w6" custom="readingOrder {index:5;}">
                    <Coords points="1614,1433 1614,1493 1777,1493 1777,1433"/>
                    <TextEquiv>
                        <Unicode>Nachricht</Unicode>
                    </TextEquiv>
                </Word>
                <Word id="tr_3_tl_13_w7" custom="readingOrder {index:6;}">
                    <Coords points="1802,1433 1802,1493 1862,1493 1862,1433"/>
                    <TextEquiv>
                        <Unicode>vom</Unicode>
                    </TextEquiv>
                </Word>
                <TextEquiv>
                    <Unicode>Iäh und schmerzlich trifft die Nachricht vom</Unicode>
                </TextEquiv>
            </TextLine>
            <TextLine id="tr_3_tl_14" custom="readingOrder {index:13;}">
                <Coords points="962,1537 1009,1551 1075,1512 1144,1533 1234,1513 1315,1532 1547,1524 1546,1483 1524,1477 1270,1476 1238,1494 1115,1467 1064,1494 961,1459"/>
                <Baseline points="967,1516 996,1512 1025,1510 1054,1510 1083,1512 1112,1513 1141,1513 1170,1513 1199,1513 1228,1513 1258,1513 1287,1513 1316,1513 1345,1513 1374,1513 1403,1515 1432,1516 1461,1516 1490,1516 1519,1517 1549,1519"/>
                <Word id="tr_3_tl_14_w1" custom="readingOrder {index:0;}">
                    <Coords points="964,1471 964,1531 1044,1531 1044,1471"/>
                    <TextEquiv>
                        <Unicode>Todø</Unicode>
                    </TextEquiv>
                </Word>
                <Word id="tr_3_tl_14_w2" custom="readingOrder {index:1;}">
                    <Coords points="1072,1473 1072,1533 1219,1533 1219,1473"/>
                    <TextEquiv>
                        <Unicode>Artur</Unicode>
                    </TextEquiv>
                </Word>
                <Word id="tr_3_tl_14_w3" custom="readingOrder {index:2;}">
                    <Coords points="1247,1474 1247,1534 1549,1534 1549,1474"/>
                    <TextEquiv>
                        <Unicode>Schnitzlers.</Unicode>
                    </TextEquiv>
                </Word>
                <TextEquiv>
                    <Unicode>Todø Artur Schnitzlers.</Unicode>
                </TextEquiv>
            </TextLine>
            <TextLine id="tr_3_tl_15" custom="readingOrder {index:14;}">
                <Coords points="1023,1577 1885,1582 1884,1542 1672,1544 1583,1505 1424,1541 1076,1512 1023,1537"/>
                <Baseline points="1029,1564 1071,1564 1114,1564 1157,1564 1200,1564 1243,1564 1286,1564 1328,1564 1371,1566 1414,1567 1457,1567 1500,1567 1543,1568 1586,1570 1628,1570 1671,1571 1714,1573 1757,1573 1800,1572 1843,1569 1886,1567"/>
                <Word id="tr_3_tl_15_w1" custom="readingOrder {index:0;}">
                    <Coords points="1023,1524 1023,1584 1116,1584 1116,1524"/>
                    <TextEquiv>
                        <Unicode>Statt</Unicode>
                    </TextEquiv>
                </Word>
                <Word id="tr_3_tl_15_w2" custom="readingOrder {index:1;}">
                    <Coords points="1148,1524 1148,1584 1200,1584 1200,1524"/>
                    <TextEquiv>
                        <Unicode>des</Unicode>
                    </TextEquiv>
                </Word>
                <Word id="tr_3_tl_15_w3" custom="readingOrder {index:2;}">
                    <Coords points="1232,1526 1232,1586 1570,1586 1570,1526"/>
                    <TextEquiv>
                        <Unicode>Geburtstagsfestes,</Unicode>
                    </TextEquiv>
                </Word>
                <Word id="tr_3_tl_15_w4" custom="readingOrder {index:3;}">
                    <Coords points="1597,1530 1597,1590 1654,1590 1654,1530"/>
                    <TextEquiv>
                        <Unicode>das</Unicode>
                    </TextEquiv>
                </Word>
                <Word id="tr_3_tl_15_w5" custom="readingOrder {index:4;}">
                    <Coords points="1691,1533 1691,1593 1742,1593 1742,1533"/>
                    <TextEquiv>
                        <Unicode>zum</Unicode>
                    </TextEquiv>
                </Word>
                <Word id="tr_3_tl_15_w6" custom="readingOrder {index:5;}">
                    <Coords points="1795,1529 1795,1589 1883,1589 1883,1529"/>
                    <TextEquiv>
                        <Unicode>kom¬</Unicode>
                    </TextEquiv>
                </Word>
                <TextEquiv>
                    <Unicode>Statt des Geburtstagsfestes, das zum kom¬</Unicode>
                </TextEquiv>
            </TextLine>
            <TextLine id="tr_3_tl_16" custom="readingOrder {index:15;}">
                <Coords points="954,1615 1883,1619 1883,1584 1838,1575 954,1575"/>
                <Baseline points="961,1605 1007,1605 1053,1605 1099,1608 1146,1608 1192,1608 1238,1609 1284,1611 1331,1611 1377,1612 1423,1613 1469,1611 1516,1611 1562,1611 1608,1611 1654,1612 1701,1614 1747,1614 1793,1612 1839,1611 1886,1614"/>
                <Word id="tr_3_tl_16_w1" custom="readingOrder {index:0;}">
                    <Coords points="954,1565 954,1625 1079,1625 1079,1565"/>
                    <TextEquiv>
                        <Unicode>menden</Unicode>
                    </TextEquiv>
                </Word>
                <Word id="tr_3_tl_16_w2" custom="readingOrder {index:1;}">
                    <Coords points="1111,1568 1111,1628 1189,1628 1189,1568"/>
                    <TextEquiv>
                        <Unicode>Mai</Unicode>
                    </TextEquiv>
                </Word>
                <Word id="tr_3_tl_16_w3" custom="readingOrder {index:2;}">
                    <Coords points="1210,1568 1210,1628 1257,1628 1257,1568"/>
                    <TextEquiv>
                        <Unicode>dem</Unicode>
                    </TextEquiv>
                </Word>
                <Word id="tr_3_tl_16_w4" custom="readingOrder {index:3;}">
                    <Coords points="1300,1572 1300,1632 1561,1632 1561,1572"/>
                    <TextEquiv>
                        <Unicode>siebzigjährigen</Unicode>
                    </TextEquiv>
                </Word>
                <Word id="tr_3_tl_16_w5" custom="readingOrder {index:4;}">
                    <Coords points="1593,1572 1593,1632 1718,1632 1718,1572"/>
                    <TextEquiv>
                        <Unicode>Dichter</Unicode>
                    </TextEquiv>
                </Word>
                <Word id="tr_3_tl_16_w6" custom="readingOrder {index:5;}">
                    <Coords points="1745,1573 1745,1633 1771,1633 1771,1573"/>
                    <TextEquiv>
                        <Unicode>in</Unicode>
                    </TextEquiv>
                </Word>
                <Word id="tr_3_tl_16_w7" custom="readingOrder {index:6;}">
                    <Coords points="1803,1571 1803,1631 1881,1631 1881,1571"/>
                    <TextEquiv>
                        <Unicode>aller</Unicode>
                    </TextEquiv>
                </Word>
                <TextEquiv>
                    <Unicode>menden Mai dem siebzigjährigen Dichter in aller</Unicode>
                </TextEquiv>
            </TextLine>
            <TextLine id="tr_3_tl_17" custom="readingOrder {index:16;}">
                <Coords points="961,1653 1883,1666 1850,1622 961,1616"/>
                <Baseline points="967,1647 1015,1650 1063,1650 1112,1650 1160,1651 1208,1653 1257,1653 1305,1653 1353,1653 1402,1655 1450,1656 1499,1656 1547,1656 1595,1656 1644,1659 1692,1656 1740,1656 1789,1656 1837,1656 1886,1656"/>
                <Word id="tr_3_tl_17_w1" custom="readingOrder {index:0;}">
                    <Coords points="955,1609 955,1669 1048,1669 1048,1609"/>
                    <TextEquiv>
                        <Unicode>Stille</Unicode>
                    </TextEquiv>
                </Word>
                <Word id="tr_3_tl_17_w2" custom="readingOrder {index:1;}">
                    <Coords points="1078,1611 1078,1671 1270,1671 1270,1611"/>
                    <TextEquiv>
                        <Unicode>vorbereitet</Unicode>
                    </TextEquiv>
                </Word>
                <Word id="tr_3_tl_17_w3" custom="readingOrder {index:2;}">
                    <Coords points="1296,1613 1296,1673 1413,1673 1413,1613"/>
                    <TextEquiv>
                        <Unicode>werden</Unicode>
                    </TextEquiv>
                </Word>
                <Word id="tr_3_tl_17_w4" custom="readingOrder {index:3;}">
                    <Coords points="1448,1616 1448,1676 1551,1676 1551,1616"/>
                    <TextEquiv>
                        <Unicode>sollte,</Unicode>
                    </TextEquiv>
                </Word>
                <Word id="tr_3_tl_17_w5" custom="readingOrder {index:4;}">
                    <Coords points="1571,1616 1571,1676 1640,1676 1640,1616"/>
                    <TextEquiv>
                        <Unicode>muß</Unicode>
                    </TextEquiv>
                </Word>
                <Word id="tr_3_tl_17_w6" custom="readingOrder {index:5;}">
                    <Coords points="1670,1616 1670,1676 1724,1676 1724,1616"/>
                    <TextEquiv>
                        <Unicode>zur</Unicode>
                    </TextEquiv>
                </Word>
                <Word id="tr_3_tl_17_w7" custom="readingOrder {index:6;}">
                    <Coords points="1749,1616 1749,1676 1872,1676 1872,1616"/>
                    <TextEquiv>
                        <Unicode>Toten¬</Unicode>
                    </TextEquiv>
                </Word>
                <TextEquiv>
                    <Unicode>Stille vorbereitet werden sollte, muß zur Toten¬</Unicode>
                </TextEquiv>
            </TextLine>
            <TextLine id="tr_3_tl_18" custom="readingOrder {index:17;}">
                <Coords points="963,1704 1881,1716 1880,1672 1744,1658 963,1654"/>
                <Baseline points="970,1695 1015,1692 1061,1695 1106,1695 1152,1695 1198,1695 1243,1695 1289,1698 1335,1698 1380,1698 1426,1698 1472,1699 1517,1701 1563,1701 1609,1701 1654,1701 1700,1700 1746,1698 1791,1698 1837,1699 1883,1698"/>
                <Word id="tr_3_tl_18_w1" custom="readingOrder {index:0;}">
                    <Coords points="957,1653 957,1713 1030,1713 1030,1653"/>
                    <TextEquiv>
                        <Unicode>seier</Unicode>
                    </TextEquiv>
                </Word>
                <Word id="tr_3_tl_18_w2" custom="readingOrder {index:1;}">
                    <Coords points="1056,1655 1056,1715 1193,1715 1193,1655"/>
                    <TextEquiv>
                        <Unicode>gerüstet</Unicode>
                    </TextEquiv>
                </Word>
                <Word id="tr_3_tl_18_w3" custom="readingOrder {index:2;}">
                    <Coords points="1223,1658 1223,1718 1364,1718 1364,1658"/>
                    <TextEquiv>
                        <Unicode>werden,</Unicode>
                    </TextEquiv>
                </Word>
                <Word id="tr_3_tl_18_w4" custom="readingOrder {index:3;}">
                    <Coords points="1390,1658 1390,1718 1472,1718 1472,1658"/>
                    <TextEquiv>
                        <Unicode>einer</Unicode>
                    </TextEquiv>
                </Word>
                <Word id="tr_3_tl_18_w5" custom="readingOrder {index:4;}">
                    <Coords points="1503,1661 1503,1721 1708,1721 1708,1661"/>
                    <TextEquiv>
                        <Unicode>Totenfeier,</Unicode>
                    </TextEquiv>
                </Word>
                <Word id="tr_3_tl_18_w6" custom="readingOrder {index:5;}">
                    <Coords points="1733,1658 1733,1718 1777,1718 1777,1658"/>
                    <TextEquiv>
                        <Unicode>die</Unicode>
                    </TextEquiv>
                </Word>
                <Word id="tr_3_tl_18_w7" custom="readingOrder {index:6;}">
                    <Coords points="1807,1658 1807,1718 1865,1718 1865,1658"/>
                    <TextEquiv>
                        <Unicode>von</Unicode>
                    </TextEquiv>
                </Word>
                <TextEquiv>
                    <Unicode>seier gerüstet werden, einer Totenfeier, die von</Unicode>
                </TextEquiv>
            </TextLine>
            <TextLine id="tr_3_tl_19" custom="readingOrder {index:18;}">
                <Coords points="959,1748 1848,1761 1880,1757 1879,1714 958,1706"/>
                <Baseline points="964,1734 1012,1737 1060,1737 1109,1738 1157,1740 1205,1741 1254,1743 1302,1741 1350,1742 1399,1743 1447,1743 1496,1743 1544,1743 1592,1743 1641,1746 1689,1744 1737,1745 1786,1743 1834,1743 1883,1746"/>
                <Word id="tr_3_tl_19_w1" custom="readingOrder {index:0;}">
                    <Coords points="957,1697 957,1757 1198,1757 1198,1697"/>
                    <TextEquiv>
                        <Unicode>Bewunderung</Unicode>
                    </TextEquiv>
                </Word>
                <Word id="tr_3_tl_19_w2" custom="readingOrder {index:1;}">
                    <Coords points="1224,1702 1224,1762 1282,1762 1282,1702"/>
                    <TextEquiv>
                        <Unicode>und</Unicode>
                    </TextEquiv>
                </Word>
                <Word id="tr_3_tl_19_w3" custom="readingOrder {index:2;}">
                    <Coords points="1308,1703 1308,1763 1494,1763 1494,1703"/>
                    <TextEquiv>
                        <Unicode>Verehrung</Unicode>
                    </TextEquiv>
                </Word>
                <Word id="tr_3_tl_19_w4" custom="readingOrder {index:3;}">
                    <Coords points="1525,1703 1525,1763 1603,1763 1603,1703"/>
                    <TextEquiv>
                        <Unicode>nicht</Unicode>
                    </TextEquiv>
                </Word>
                <Word id="tr_3_tl_19_w5" custom="readingOrder {index:4;}">
                    <Coords points="1623,1705 1623,1765 1682,1765 1682,1705"/>
                    <TextEquiv>
                        <Unicode>nur</Unicode>
                    </TextEquiv>
                </Word>
                <Word id="tr_3_tl_19_w6" custom="readingOrder {index:5;}">
                    <Coords points="1707,1704 1707,1764 1731,1764 1731,1704"/>
                    <TextEquiv>
                        <Unicode>in</Unicode>
                    </TextEquiv>
                </Word>
                <Word id="tr_3_tl_19_w7" custom="readingOrder {index:6;}">
                    <Coords points="1761,1703 1761,1763 1854,1763 1854,1703"/>
                    <TextEquiv>
                        <Unicode>hohem</Unicode>
                    </TextEquiv>
                </Word>
                <TextEquiv>
                    <Unicode>Bewunderung und Verehrung nicht nur in hohem</Unicode>
                </TextEquiv>
            </TextLine>
            <TextLine id="tr_3_tl_20" custom="readingOrder {index:19;}">
                <Coords points="954,1788 1880,1809 1880,1757 953,1739"/>
                <Baseline points="961,1779 1007,1779 1053,1781 1099,1781 1145,1781 1191,1784 1237,1785 1283,1786 1329,1784 1375,1784 1422,1784 1468,1784 1514,1785 1560,1787 1606,1787 1652,1787 1698,1787 1744,1787 1790,1787 1836,1787 1883,1787"/>
                <Word id="tr_3_tl_20_w1" custom="readingOrder {index:0;}">
                    <Coords points="952,1739 952,1799 1053,1799 1053,1739"/>
                    <TextEquiv>
                        <Unicode>Schein</Unicode>
                    </TextEquiv>
                </Word>
                <Word id="tr_3_tl_20_w2" custom="readingOrder {index:1;}">
                    <Coords points="1097,1743 1097,1803 1261,1803 1261,1743"/>
                    <TextEquiv>
                        <Unicode>leuchten,</Unicode>
                    </TextEquiv>
                </Word>
                <Word id="tr_3_tl_20_w3" custom="readingOrder {index:2;}">
                    <Coords points="1290,1744 1290,1804 1420,1804 1420,1744"/>
                    <TextEquiv>
                        <Unicode>sondern</Unicode>
                    </TextEquiv>
                </Word>
                <Word id="tr_3_tl_20_w4" custom="readingOrder {index:3;}">
                    <Coords points="1464,1744 1464,1804 1512,1804 1512,1744"/>
                    <TextEquiv>
                        <Unicode>die</Unicode>
                    </TextEquiv>
                </Word>
                <Word id="tr_3_tl_20_w5" custom="readingOrder {index:4;}">
                    <Coords points="1551,1747 1551,1807 1608,1807 1608,1747"/>
                    <TextEquiv>
                        <Unicode>vom</Unicode>
                    </TextEquiv>
                </Word>
                <Word id="tr_3_tl_20_w6" custom="readingOrder {index:5;}">
                    <Coords points="1662,1747 1662,1807 1864,1807 1864,1747"/>
                    <TextEquiv>
                        <Unicode>Herzenston</Unicode>
                    </TextEquiv>
                </Word>
                <TextEquiv>
                    <Unicode>Schein leuchten, sondern die vom Herzenston</Unicode>
                </TextEquiv>
            </TextLine>
            <TextLine id="tr_3_tl_21" custom="readingOrder {index:20;}">
                <Coords points="948,1831 1425,1864 1877,1840 1876,1800 1809,1795 947,1785"/>
                <Baseline points="955,1820 1001,1823 1047,1823 1093,1826 1140,1826 1186,1826 1232,1827 1278,1828 1325,1827 1371,1829 1417,1829 1463,1829 1510,1829 1556,1829 1602,1830 1648,1831 1695,1829 1741,1829 1787,1831 1833,1832 1880,1829"/>
                <Word id="tr_3_tl_21_w1" custom="readingOrder {index:0;}">
                    <Coords points="941,1782 941,1842 1035,1842 1035,1782"/>
                    <TextEquiv>
                        <Unicode>ochter</Unicode>
                    </TextEquiv>
                </Word>
                <Word id="tr_3_tl_21_w2" custom="readingOrder {index:1;}">
                    <Coords points="1071,1786 1071,1846 1271,1846 1271,1786"/>
                    <TextEquiv>
                        <Unicode>Totenklage</Unicode>
                    </TextEquiv>
                </Word>
                <Word id="tr_3_tl_21_w3" custom="readingOrder {index:2;}">
                    <Coords points="1311,1789 1311,1849 1441,1849 1441,1789"/>
                    <TextEquiv>
                        <Unicode>weithin</Unicode>
                    </TextEquiv>
                </Word>
                <Word id="tr_3_tl_21_w4" custom="readingOrder {index:3;}">
                    <Coords points="1491,1789 1491,1849 1591,1849 1591,1789"/>
                    <TextEquiv>
                        <Unicode>hallen</Unicode>
                    </TextEquiv>
                </Word>
                <Word id="tr_3_tl_21_w5" custom="readingOrder {index:4;}">
                    <Coords points="1636,1790 1636,1850 1695,1850 1695,1790"/>
                    <TextEquiv>
                        <Unicode>und</Unicode>
                    </TextEquiv>
                </Word>
                <Word id="tr_3_tl_21_w6" custom="readingOrder {index:5;}">
                    <Coords points="1741,1791 1741,1851 1875,1851 1875,1791"/>
                    <TextEquiv>
                        <Unicode>wieder¬</Unicode>
                    </TextEquiv>
                </Word>
                <TextEquiv>
                    <Unicode>ochter Totenklage weithin hallen und wieder¬</Unicode>
                </TextEquiv>
            </TextLine>
            <TextLine id="tr_3_tl_22" custom="readingOrder {index:21;}">
                <Coords points="958,1885 976,1880 1010,1895 1076,1878 1136,1891 1193,1877 1214,1884 1214,1842 1177,1831 1120,1833 1106,1843 1054,1834 1033,1843 1024,1834 1012,1840 995,1829 958,1830"/>
                <Baseline points="964,1868 989,1868 1014,1868 1039,1868 1065,1868 1090,1868 1115,1868 1141,1868 1166,1870 1191,1871 1217,1871"/>
                <Word id="tr_3_tl_22_w1" custom="readingOrder {index:0;}">
                    <Coords points="958,1828 958,1888 1073,1888 1073,1828"/>
                    <TextEquiv>
                        <Unicode>klingen</Unicode>
                    </TextEquiv>
                </Word>
                <Word id="tr_3_tl_22_w2" custom="readingOrder {index:1;}">
                    <Coords points="1113,1829 1113,1889 1211,1889 1211,1829"/>
                    <TextEquiv>
                        <Unicode>wird.</Unicode>
                    </TextEquiv>
                </Word>
                <TextEquiv>
                    <Unicode>klingen wird.</Unicode>
                </TextEquiv>
            </TextLine>
            <TextLine id="tr_3_tl_23" custom="readingOrder {index:22;}">
                <Coords points="1019,1927 1884,1946 1883,1877 1800,1915 1667,1877 1019,1886"/>
                <Baseline points="1026,1919 1069,1922 1112,1922 1155,1922 1198,1922 1241,1922 1284,1922 1327,1922 1370,1924 1413,1925 1456,1925 1499,1925 1542,1925 1585,1925 1628,1926 1671,1928 1714,1928 1757,1928 1800,1928 1843,1928 1886,1928"/>
                <Word id="tr_3_tl_23_w1" custom="readingOrder {index:0;}">
                    <Coords points="1014,1881 1014,1941 1117,1941 1117,1881"/>
                    <TextEquiv>
                        <Unicode>Selten</Unicode>
                    </TextEquiv>
                </Word>
                <Word id="tr_3_tl_23_w2" custom="readingOrder {index:1;}">
                    <Coords points="1160,1882 1160,1942 1217,1942 1217,1882"/>
                    <TextEquiv>
                        <Unicode>hat</Unicode>
                    </TextEquiv>
                </Word>
                <Word id="tr_3_tl_23_w3" custom="readingOrder {index:2;}">
                    <Coords points="1254,1882 1254,1942 1296,1942 1296,1882"/>
                    <TextEquiv>
                        <Unicode>ein</Unicode>
                    </TextEquiv>
                </Word>
                <Word id="tr_3_tl_23_w4" custom="readingOrder {index:3;}">
                    <Coords points="1338,1885 1338,1945 1599,1945 1599,1885"/>
                    <TextEquiv>
                        <Unicode>österreichischer</Unicode>
                    </TextEquiv>
                </Word>
                <Word id="tr_3_tl_23_w5" custom="readingOrder {index:4;}">
                    <Coords points="1636,1888 1636,1948 1783,1948 1783,1888"/>
                    <TextEquiv>
                        <Unicode>Dichter,</Unicode>
                    </TextEquiv>
                </Word>
                <Word id="tr_3_tl_23_w6" custom="readingOrder {index:5;}">
                    <Coords points="1820,1888 1820,1948 1866,1948 1866,1888"/>
                    <TextEquiv>
                        <Unicode>ein</Unicode>
                    </TextEquiv>
                </Word>
                <TextEquiv>
                    <Unicode>Selten hat ein österreichischer Dichter, ein</Unicode>
                </TextEquiv>
            </TextLine>
            <TextLine id="tr_3_tl_24" custom="readingOrder {index:23;}">
                <Coords points="958,1969 1880,1977 1880,1943 1806,1928 1365,1949 958,1920"/>
                <Baseline points="964,1961 1012,1964 1060,1964 1109,1964 1157,1965 1205,1967 1254,1967 1302,1967 1350,1967 1399,1969 1447,1970 1496,1970 1544,1970 1592,1970 1641,1970 1689,1970 1737,1970 1786,1970 1834,1970 1883,1973"/>
                <Word id="tr_3_tl_24_w1" custom="readingOrder {index:0;}">
                    <Coords points="958,1924 958,1984 1092,1984 1092,1924"/>
                    <TextEquiv>
                        <Unicode>Dichter,</Unicode>
                    </TextEquiv>
                </Word>
                <Word id="tr_3_tl_24_w2" custom="readingOrder {index:1;}">
                    <Coords points="1119,1924 1119,1984 1165,1984 1165,1924"/>
                    <TextEquiv>
                        <Unicode>der</Unicode>
                    </TextEquiv>
                </Word>
                <Word id="tr_3_tl_24_w3" custom="readingOrder {index:2;}">
                    <Coords points="1192,1927 1192,1987 1222,1987 1222,1927"/>
                    <TextEquiv>
                        <Unicode>in</Unicode>
                    </TextEquiv>
                </Word>
                <Word id="tr_3_tl_24_w4" custom="readingOrder {index:3;}">
                    <Coords points="1254,1927 1254,1987 1337,1987 1337,1927"/>
                    <TextEquiv>
                        <Unicode>Wien</Unicode>
                    </TextEquiv>
                </Word>
                <Word id="tr_3_tl_24_w5" custom="readingOrder {index:4;}">
                    <Coords points="1374,1930 1374,1990 1524,1990 1524,1930"/>
                    <TextEquiv>
                        <Unicode>wurzelte</Unicode>
                    </TextEquiv>
                </Word>
                <Word id="tr_3_tl_24_w6" custom="readingOrder {index:5;}">
                    <Coords points="1556,1930 1556,1990 1613,1990 1613,1930"/>
                    <TextEquiv>
                        <Unicode>und</Unicode>
                    </TextEquiv>
                </Word>
                <Word id="tr_3_tl_24_w7" custom="readingOrder {index:6;}">
                    <Coords points="1645,1930 1645,1990 1738,1990 1738,1930"/>
                    <TextEquiv>
                        <Unicode>dessen</Unicode>
                    </TextEquiv>
                </Word>
                <Word id="tr_3_tl_24_w8" custom="readingOrder {index:7;}">
                    <Coords points="1769,1930 1769,1990 1873,1990 1873,1930"/>
                    <TextEquiv>
                        <Unicode>Werke</Unicode>
                    </TextEquiv>
                </Word>
                <TextEquiv>
                    <Unicode>Dichter, der in Wien wurzelte und dessen Werke</Unicode>
                </TextEquiv>
            </TextLine>
            <TextLine id="tr_3_tl_25" custom="readingOrder {index:24;}">
                <Coords points="961,2021 1874,2026 1852,1977 961,1968"/>
                <Baseline points="967,2005 1012,2008 1058,2008 1103,2008 1149,2008 1194,2011 1240,2011 1285,2011 1331,2011 1376,2011 1422,2011 1467,2012 1513,2013 1558,2011 1604,2012 1649,2014 1695,2014 1740,2014 1786,2015 1831,2016 1877,2011"/>
                <Word id="tr_3_tl_25_w1" custom="readingOrder {index:0;}">
                    <Coords points="956,1967 956,2027 1058,2027 1058,1967"/>
                    <TextEquiv>
                        <Unicode>Wiens</Unicode>
                    </TextEquiv>
                </Word>
                <Word id="tr_3_tl_25_w2" custom="readingOrder {index:1;}">
                    <Coords points="1091,1971 1091,2031 1302,2031 1302,1971"/>
                    <TextEquiv>
                        <Unicode>Atmosphäre</Unicode>
                    </TextEquiv>
                </Word>
                <Word id="tr_3_tl_25_w3" custom="readingOrder {index:2;}">
                    <Coords points="1330,1971 1330,2031 1492,2031 1492,1971"/>
                    <TextEquiv>
                        <Unicode>atmeten,</Unicode>
                    </TextEquiv>
                </Word>
                <Word id="tr_3_tl_25_w4" custom="readingOrder {index:3;}">
                    <Coords points="1509,1972 1509,2032 1535,2032 1535,1972"/>
                    <TextEquiv>
                        <Unicode>so</Unicode>
                    </TextEquiv>
                </Word>
                <Word id="tr_3_tl_25_w5" custom="readingOrder {index:4;}">
                    <Coords points="1563,1971 1563,2031 1622,2031 1622,1971"/>
                    <TextEquiv>
                        <Unicode>tief</Unicode>
                    </TextEquiv>
                </Word>
                <Word id="tr_3_tl_25_w6" custom="readingOrder {index:5;}">
                    <Coords points="1645,1974 1645,2034 1817,2034 1817,1974"/>
                    <TextEquiv>
                        <Unicode>ergriffen,</Unicode>
                    </TextEquiv>
                </Word>
                <Word id="tr_3_tl_25_w7" custom="readingOrder {index:6;}">
                    <Coords points="1840,1973 1840,2033 1866,2033 1866,1973"/>
                    <TextEquiv>
                        <Unicode>so</Unicode>
                    </TextEquiv>
                </Word>
                <TextEquiv>
                    <Unicode>Wiens Atmosphäre atmeten, so tief ergriffen, so</Unicode>
                </TextEquiv>
            </TextLine>
            <TextLine id="tr_3_tl_26" custom="readingOrder {index:25;}">
                <Coords points="949,2064 1871,2067 1870,2026 1822,2015 1652,2047 1580,2020 948,2017"/>
                <Baseline points="955,2047 1003,2050 1051,2053 1100,2053 1148,2054 1196,2055 1245,2053 1293,2053 1341,2053 1390,2055 1438,2056 1487,2056 1535,2056 1583,2056 1632,2059 1680,2057 1728,2059 1777,2058 1825,2056 1874,2056"/>
                <Word id="tr_3_tl_26_w1" custom="readingOrder {index:0;}">
                    <Coords points="942,2008 942,2068 1016,2068 1016,2008"/>
                    <TextEquiv>
                        <Unicode>weit</Unicode>
                    </TextEquiv>
                </Word>
                <Word id="tr_3_tl_26_w2" custom="readingOrder {index:1;}">
                    <Coords points="1042,2013 1042,2073 1175,2073 1175,2013"/>
                    <TextEquiv>
                        <Unicode>gewirkt</Unicode>
                    </TextEquiv>
                </Word>
                <Word id="tr_3_tl_26_w3" custom="readingOrder {index:2;}">
                    <Coords points="1205,2013 1205,2073 1264,2073 1264,2013"/>
                    <TextEquiv>
                        <Unicode>wie</Unicode>
                    </TextEquiv>
                </Word>
                <Word id="tr_3_tl_26_w4" custom="readingOrder {index:3;}">
                    <Coords points="1294,2013 1294,2073 1398,2073 1398,2013"/>
                    <TextEquiv>
                        <Unicode>Artur</Unicode>
                    </TextEquiv>
                </Word>
                <Word id="tr_3_tl_26_w5" custom="readingOrder {index:4;}">
                    <Coords points="1434,2016 1434,2076 1622,2076 1622,2016"/>
                    <TextEquiv>
                        <Unicode>Schnitzler.</Unicode>
                    </TextEquiv>
                </Word>
                <Word id="tr_3_tl_26_w6" custom="readingOrder {index:5;}">
                    <Coords points="1667,2018 1667,2078 1770,2078 1770,2018"/>
                    <TextEquiv>
                        <Unicode>Seine</Unicode>
                    </TextEquiv>
                </Word>
                <Word id="tr_3_tl_26_w7" custom="readingOrder {index:6;}">
                    <Coords points="1806,2016 1806,2076 1869,2076 1869,2016"/>
                    <TextEquiv>
                        <Unicode>Er¬</Unicode>
                    </TextEquiv>
                </Word>
                <TextEquiv>
                    <Unicode>weit gewirkt wie Artur Schnitzler. Seine Er¬</Unicode>
                </TextEquiv>
            </TextLine>
            <TextLine id="tr_3_tl_27" custom="readingOrder {index:26;}">
                <Coords points="946,2117 1876,2118 1874,2066 1794,2059 946,2059"/>
                <Baseline points="952,2101 998,2098 1044,2095 1090,2095 1137,2098 1183,2098 1229,2098 1275,2098 1322,2098 1368,2099 1414,2101 1460,2100 1507,2099 1553,2101 1599,2101 1645,2101 1692,2101 1738,2101 1784,2101 1830,2101 1877,2104"/>
                <Word id="tr_3_tl_27_w1" custom="readingOrder {index:0;}">
                    <Coords points="941,2055 941,2115 1192,2115 1192,2055"/>
                    <TextEquiv>
                        <Unicode>zählungskunst</Unicode>
                    </TextEquiv>
                </Word>
                <Word id="tr_3_tl_27_w2" custom="readingOrder {index:1;}">
                    <Coords points="1219,2058 1219,2118 1270,2118 1270,2058"/>
                    <TextEquiv>
                        <Unicode>hat</Unicode>
                    </TextEquiv>
                </Word>
                <Word id="tr_3_tl_27_w3" custom="readingOrder {index:2;}">
                    <Coords points="1297,2058 1297,2118 1381,2118 1381,2058"/>
                    <TextEquiv>
                        <Unicode>nicht</Unicode>
                    </TextEquiv>
                </Word>
                <Word id="tr_3_tl_27_w4" custom="readingOrder {index:3;}">
                    <Coords points="1408,2060 1408,2120 1464,2120 1464,2060"/>
                    <TextEquiv>
                        <Unicode>nur</Unicode>
                    </TextEquiv>
                </Word>
                <Word id="tr_3_tl_27_w5" custom="readingOrder {index:4;}">
                    <Coords points="1491,2059 1491,2119 1538,2119 1538,2059"/>
                    <TextEquiv>
                        <Unicode>die</Unicode>
                    </TextEquiv>
                </Word>
                <Word id="tr_3_tl_27_w6" custom="readingOrder {index:5;}">
                    <Coords points="1565,2061 1565,2121 1759,2121 1759,2061"/>
                    <TextEquiv>
                        <Unicode>literarische</Unicode>
                    </TextEquiv>
                </Word>
                <Word id="tr_3_tl_27_w7" custom="readingOrder {index:6;}">
                    <Coords points="1785,2061 1785,2121 1874,2121 1874,2061"/>
                    <TextEquiv>
                        <Unicode>Welt</Unicode>
                    </TextEquiv>
                </Word>
                <TextEquiv>
                    <Unicode>zählungskunst hat nicht nur die literarische Welt</Unicode>
                </TextEquiv>
            </TextLine>
            <TextLine id="tr_3_tl_28" custom="readingOrder {index:27;}">
                <Coords points="942,2155 1871,2154 1871,2113 1806,2106 942,2114"/>
                <Baseline points="949,2137 995,2140 1041,2140 1087,2140 1134,2143 1180,2143 1226,2141 1272,2143 1319,2143 1365,2143 1411,2143 1457,2143 1504,2143 1550,2144 1596,2146 1642,2146 1689,2146 1735,2146 1781,2146 1827,2146 1874,2143"/>
                <Word id="tr_3_tl_28_w1" custom="readingOrder {index:0;}">
                    <Coords points="947,2100 947,2160 1133,2160 1133,2100"/>
                    <TextEquiv>
                        <Unicode>aufhorchen</Unicode>
                    </TextEquiv>
                </Word>
                <Word id="tr_3_tl_28_w2" custom="readingOrder {index:1;}">
                    <Coords points="1164,2101 1164,2161 1319,2161 1319,2101"/>
                    <TextEquiv>
                        <Unicode>gemacht,</Unicode>
                    </TextEquiv>
                </Word>
                <Word id="tr_3_tl_28_w3" custom="readingOrder {index:2;}">
                    <Coords points="1340,2103 1340,2163 1385,2163 1385,2103"/>
                    <TextEquiv>
                        <Unicode>die</Unicode>
                    </TextEquiv>
                </Word>
                <Word id="tr_3_tl_28_w4" custom="readingOrder {index:3;}">
                    <Coords points="1416,2103 1416,2163 1546,2163 1546,2103"/>
                    <TextEquiv>
                        <Unicode>reizvoll</Unicode>
                    </TextEquiv>
                </Word>
                <Word id="tr_3_tl_28_w5" custom="readingOrder {index:4;}">
                    <Coords points="1572,2106 1572,2166 1753,2166 1753,2106"/>
                    <TextEquiv>
                        <Unicode>gelockerten</Unicode>
                    </TextEquiv>
                </Word>
                <Word id="tr_3_tl_28_w6" custom="readingOrder {index:5;}">
                    <Coords points="1789,2105 1789,2165 1869,2165 1869,2105"/>
                    <TextEquiv>
                        <Unicode>Sze¬</Unicode>
                    </TextEquiv>
                </Word>
                <TextEquiv>
                    <Unicode>aufhorchen gemacht, die reizvoll gelockerten Sze¬</Unicode>
                </TextEquiv>
            </TextLine>
            <TextLine id="tr_3_tl_29" custom="readingOrder {index:28;}">
                <Coords points="948,2189 1871,2200 1871,2154 948,2148"/>
                <Baseline points="955,2181 1003,2184 1051,2184 1100,2184 1148,2184 1196,2184 1245,2184 1293,2184 1341,2186 1390,2185 1438,2186 1487,2187 1535,2187 1583,2187 1632,2187 1680,2187 1728,2188 1777,2190 1825,2190 1874,2187"/>
                <Word id="tr_3_tl_29_w1" custom="readingOrder {index:0;}">
                    <Coords points="947,2142 947,2202 996,2202 996,2142"/>
                    <TextEquiv>
                        <Unicode>nen</Unicode>
                    </TextEquiv>
                </Word>
                <Word id="tr_3_tl_29_w2" custom="readingOrder {index:1;}">
                    <Coords points="1036,2144 1036,2204 1135,2204 1135,2144"/>
                    <TextEquiv>
                        <Unicode>seiner</Unicode>
                    </TextEquiv>
                </Word>
                <Word id="tr_3_tl_29_w3" custom="readingOrder {index:2;}">
                    <Coords points="1171,2144 1171,2204 1364,2204 1364,2144"/>
                    <TextEquiv>
                        <Unicode>Dramatik,</Unicode>
                    </TextEquiv>
                </Word>
                <Word id="tr_3_tl_29_w4" custom="readingOrder {index:3;}">
                    <Coords points="1389,2145 1389,2205 1438,2205 1438,2145"/>
                    <TextEquiv>
                        <Unicode>die</Unicode>
                    </TextEquiv>
                </Word>
                <Word id="tr_3_tl_29_w5" custom="readingOrder {index:4;}">
                    <Coords points="1473,2147 1473,2207 1503,2207 1503,2147"/>
                    <TextEquiv>
                        <Unicode>so</Unicode>
                    </TextEquiv>
                </Word>
                <Word id="tr_3_tl_29_w6" custom="readingOrder {index:5;}">
                    <Coords points="1538,2147 1538,2207 1587,2207 1587,2147"/>
                    <TextEquiv>
                        <Unicode>oft</Unicode>
                    </TextEquiv>
                </Word>
                <Word id="tr_3_tl_29_w7" custom="readingOrder {index:6;}">
                    <Coords points="1617,2147 1617,2207 1666,2207 1666,2147"/>
                    <TextEquiv>
                        <Unicode>die</Unicode>
                    </TextEquiv>
                </Word>
                <Word id="tr_3_tl_29_w8" custom="readingOrder {index:7;}">
                    <Coords points="1697,2150 1697,2210 1864,2210 1864,2150"/>
                    <TextEquiv>
                        <Unicode>anmutige</Unicode>
                    </TextEquiv>
                </Word>
                <TextEquiv>
                    <Unicode>nen seiner Dramatik, die so oft die anmutige</Unicode>
                </TextEquiv>
            </TextLine>
            <TextLine id="tr_3_tl_30" custom="readingOrder {index:29;}">
                <Coords points="948,2229 1843,2251 1869,2209 947,2197"/>
                <Baseline points="955,2223 1000,2226 1046,2226 1092,2229 1138,2229 1184,2226 1229,2229 1275,2232 1321,2229 1367,2229 1413,2229 1458,2229 1504,2230 1550,2232 1596,2232 1642,2232 1687,2232 1733,2233 1779,2234 1825,2232 1871,2229"/>
                <Word id="tr_3_tl_30_w1" custom="readingOrder {index:0;}">
                    <Coords points="942,2188 942,2248 1212,2248 1212,2188"/>
                    <TextEquiv>
                        <Unicode>Schwerlosigkeit</Unicode>
                    </TextEquiv>
                </Word>
                <Word id="tr_3_tl_30_w2" custom="readingOrder {index:1;}">
                    <Coords points="1254,2189 1254,2249 1399,2249 1399,2189"/>
                    <TextEquiv>
                        <Unicode>genialer</Unicode>
                    </TextEquiv>
                </Word>
                <Word id="tr_3_tl_30_w3" custom="readingOrder {index:2;}">
                    <Coords points="1447,2192 1447,2252 1743,2252 1743,2192"/>
                    <TextEquiv>
                        <Unicode>Stegreifdichtung</Unicode>
                    </TextEquiv>
                </Word>
                <Word id="tr_3_tl_30_w4" custom="readingOrder {index:3;}">
                    <Coords points="1785,2191 1785,2251 1867,2251 1867,2191"/>
                    <TextEquiv>
                        <Unicode>vor¬</Unicode>
                    </TextEquiv>
                </Word>
                <TextEquiv>
                    <Unicode>Schwerlosigkeit genialer Stegreifdichtung vor¬</Unicode>
                </TextEquiv>
            </TextLine>
            <TextLine id="tr_3_tl_31" custom="readingOrder {index:30;}">
                <Coords points="952,2281 1869,2294 1869,2253 1815,2241 952,2236"/>
                <Baseline points="958,2271 1003,2271 1049,2271 1094,2271 1140,2271 1186,2271 1231,2271 1277,2274 1323,2274 1368,2274 1414,2274 1460,2274 1505,2274 1551,2274 1597,2275 1642,2277 1688,2276 1734,2274 1779,2275 1825,2277 1871,2274"/>
                <Word id="tr_3_tl_31_w1" custom="readingOrder {index:0;}">
                    <Coords points="946,2231 946,2291 1103,2291 1103,2231"/>
                    <TextEquiv>
                        <Unicode>täuschen,</Unicode>
                    </TextEquiv>
                </Word>
                <Word id="tr_3_tl_31_w2" custom="readingOrder {index:1;}">
                    <Coords points="1129,2231 1129,2291 1221,2291 1221,2231"/>
                    <TextEquiv>
                        <Unicode>haben</Unicode>
                    </TextEquiv>
                </Word>
                <Word id="tr_3_tl_31_w3" custom="readingOrder {index:2;}">
                    <Coords points="1257,2234 1257,2294 1340,2294 1340,2234"/>
                    <TextEquiv>
                        <Unicode>nicht</Unicode>
                    </TextEquiv>
                </Word>
                <Word id="tr_3_tl_31_w4" custom="readingOrder {index:3;}">
                    <Coords points="1365,2234 1365,2294 1424,2294 1424,2234"/>
                    <TextEquiv>
                        <Unicode>nur</Unicode>
                    </TextEquiv>
                </Word>
                <Word id="tr_3_tl_31_w5" custom="readingOrder {index:4;}">
                    <Coords points="1449,2234 1449,2294 1498,2294 1498,2234"/>
                    <TextEquiv>
                        <Unicode>die</Unicode>
                    </TextEquiv>
                </Word>
                <Word id="tr_3_tl_31_w6" custom="readingOrder {index:5;}">
                    <Coords points="1523,2234 1523,2294 1616,2294 1616,2234"/>
                    <TextEquiv>
                        <Unicode>ersten</Unicode>
                    </TextEquiv>
                </Word>
                <Word id="tr_3_tl_31_w7" custom="readingOrder {index:6;}">
                    <Coords points="1651,2234 1651,2294 1784,2294 1784,2234"/>
                    <TextEquiv>
                        <Unicode>Bühnen</Unicode>
                    </TextEquiv>
                </Word>
                <Word id="tr_3_tl_31_w8" custom="readingOrder {index:7;}">
                    <Coords points="1819,2235 1819,2295 1867,2295 1867,2235"/>
                    <TextEquiv>
                        <Unicode>er¬</Unicode>
                    </TextEquiv>
                </Word>
                <TextEquiv>
                    <Unicode>täuschen, haben nicht nur die ersten Bühnen er¬</Unicode>
                </TextEquiv>
            </TextLine>
            <TextLine id="tr_3_tl_32" custom="readingOrder {index:31;}">
                <Coords points="942,2314 1869,2335 1869,2292 1831,2283 942,2292"/>
                <Baseline points="949,2313 995,2316 1041,2316 1087,2316 1133,2316 1179,2316 1225,2316 1271,2316 1317,2316 1363,2316 1410,2317 1456,2318 1502,2317 1548,2319 1594,2319 1640,2319 1686,2319 1732,2320 1778,2322 1824,2320 1871,2319"/>
                <Word id="tr_3_tl_32_w1" custom="readingOrder {index:0;}">
                    <Coords points="937,2275 937,2335 1038,2335 1038,2275"/>
                    <TextEquiv>
                        <Unicode>obert,</Unicode>
                    </TextEquiv>
                </Word>
                <Word id="tr_3_tl_32_w2" custom="readingOrder {index:1;}">
                    <Coords points="1059,2276 1059,2336 1248,2336 1248,2276"/>
                    <TextEquiv>
                        <Unicode>Schnitzlers</Unicode>
                    </TextEquiv>
                </Word>
                <Word id="tr_3_tl_32_w3" custom="readingOrder {index:2;}">
                    <Coords points="1279,2276 1279,2336 1386,2336 1386,2276"/>
                    <TextEquiv>
                        <Unicode>Werke</Unicode>
                    </TextEquiv>
                </Word>
                <Word id="tr_3_tl_32_w4" custom="readingOrder {index:3;}">
                    <Coords points="1413,2277 1413,2337 1494,2337 1494,2277"/>
                    <TextEquiv>
                        <Unicode>sind,</Unicode>
                    </TextEquiv>
                </Word>
                <Word id="tr_3_tl_32_w5" custom="readingOrder {index:4;}">
                    <Coords points="1515,2278 1515,2338 1575,2338 1575,2278"/>
                    <TextEquiv>
                        <Unicode>was</Unicode>
                    </TextEquiv>
                </Word>
                <Word id="tr_3_tl_32_w6" custom="readingOrder {index:5;}">
                    <Coords points="1607,2279 1607,2339 1678,2339 1678,2279"/>
                    <TextEquiv>
                        <Unicode>weit</Unicode>
                    </TextEquiv>
                </Word>
                <Word id="tr_3_tl_32_w7" custom="readingOrder {index:6;}">
                    <Coords points="1704,2280 1704,2340 1790,2340 1790,2280"/>
                    <TextEquiv>
                        <Unicode>mehr</Unicode>
                    </TextEquiv>
                </Word>
                <Word id="tr_3_tl_32_w8" custom="readingOrder {index:7;}">
                    <Coords points="1817,2279 1817,2339 1867,2339 1867,2279"/>
                    <TextEquiv>
                        <Unicode>be¬</Unicode>
                    </TextEquiv>
                </Word>
                <TextEquiv>
                    <Unicode>obert, Schnitzlers Werke sind, was weit mehr be¬</Unicode>
                </TextEquiv>
            </TextLine>
            <TextLine id="tr_3_tl_33" custom="readingOrder {index:32;}">
                <Coords points="948,2364 1836,2382 1877,2380 1877,2332 947,2318"/>
                <Baseline points="955,2355 1001,2358 1047,2358 1093,2358 1140,2361 1186,2361 1232,2361 1278,2361 1325,2361 1371,2361 1417,2362 1463,2364 1510,2364 1556,2364 1602,2364 1648,2364 1695,2364 1741,2366 1787,2367 1833,2367 1880,2367"/>
                <Word id="tr_3_tl_33_w1" custom="readingOrder {index:0;}">
                    <Coords points="942,2318 942,2378 1061,2378 1061,2318"/>
                    <TextEquiv>
                        <Unicode>deutet,</Unicode>
                    </TextEquiv>
                </Word>
                <Word id="tr_3_tl_33_w2" custom="readingOrder {index:1;}">
                    <Coords points="1077,2318 1077,2378 1134,2378 1134,2318"/>
                    <TextEquiv>
                        <Unicode>tief</Unicode>
                    </TextEquiv>
                </Word>
                <Word id="tr_3_tl_33_w3" custom="readingOrder {index:2;}">
                    <Coords points="1155,2321 1155,2381 1202,2381 1202,2321"/>
                    <TextEquiv>
                        <Unicode>ins</Unicode>
                    </TextEquiv>
                </Word>
                <Word id="tr_3_tl_33_w4" custom="readingOrder {index:3;}">
                    <Coords points="1228,2321 1228,2381 1311,2381 1311,2321"/>
                    <TextEquiv>
                        <Unicode>Volk</Unicode>
                    </TextEquiv>
                </Word>
                <Word id="tr_3_tl_33_w5" custom="readingOrder {index:4;}">
                    <Coords points="1327,2322 1327,2382 1536,2382 1536,2322"/>
                    <TextEquiv>
                        <Unicode>gedrungen,</Unicode>
                    </TextEquiv>
                </Word>
                <Word id="tr_3_tl_33_w6" custom="readingOrder {index:5;}">
                    <Coords points="1552,2324 1552,2384 1645,2384 1645,2324"/>
                    <TextEquiv>
                        <Unicode>haben</Unicode>
                    </TextEquiv>
                </Word>
                <Word id="tr_3_tl_33_w7" custom="readingOrder {index:6;}">
                    <Coords points="1677,2324 1677,2384 1718,2384 1718,2324"/>
                    <TextEquiv>
                        <Unicode>die</Unicode>
                    </TextEquiv>
                </Word>
                <Word id="tr_3_tl_33_w8" custom="readingOrder {index:7;}">
                    <Coords points="1745,2327 1745,2387 1864,2387 1864,2327"/>
                    <TextEquiv>
                        <Unicode>geistige</Unicode>
                    </TextEquiv>
                </Word>
                <TextEquiv>
                    <Unicode>deutet, tief ins Volk gedrungen, haben die geistige</Unicode>
                </TextEquiv>
            </TextLine>
            <TextLine id="tr_3_tl_34" custom="readingOrder {index:33;}">
                <Coords points="942,2415 1877,2417 1855,2371 942,2367"/>
                <Baseline points="949,2399 995,2399 1042,2402 1088,2402 1135,2402 1181,2402 1228,2402 1274,2402 1321,2402 1367,2403 1414,2405 1461,2405 1507,2405 1554,2405 1600,2405 1647,2407 1693,2408 1740,2408 1786,2408 1833,2408 1880,2405"/>
                <Word id="tr_3_tl_34_w1" custom="readingOrder {index:0;}">
                    <Coords points="941,2361 941,2421 1130,2421 1130,2361"/>
                    <TextEquiv>
                        <Unicode>Erweckung</Unicode>
                    </TextEquiv>
                </Word>
                <Word id="tr_3_tl_34_w2" custom="readingOrder {index:1;}">
                    <Coords points="1165,2362 1165,2422 1254,2422 1254,2362"/>
                    <TextEquiv>
                        <Unicode>einer</Unicode>
                    </TextEquiv>
                </Word>
                <Word id="tr_3_tl_34_w3" custom="readingOrder {index:2;}">
                    <Coords points="1284,2363 1284,2423 1483,2423 1483,2363"/>
                    <TextEquiv>
                        <Unicode>Generation</Unicode>
                    </TextEquiv>
                </Word>
                <Word id="tr_3_tl_34_w4" custom="readingOrder {index:3;}">
                    <Coords points="1523,2365 1523,2425 1687,2425 1687,2365"/>
                    <TextEquiv>
                        <Unicode>gefördert</Unicode>
                    </TextEquiv>
                </Word>
                <Word id="tr_3_tl_34_w5" custom="readingOrder {index:4;}">
                    <Coords points="1717,2368 1717,2428 1776,2428 1776,2368"/>
                    <TextEquiv>
                        <Unicode>und</Unicode>
                    </TextEquiv>
                </Word>
                <Word id="tr_3_tl_34_w6" custom="readingOrder {index:5;}">
                    <Coords points="1812,2367 1812,2427 1870,2427 1870,2367"/>
                    <TextEquiv>
                        <Unicode>sind</Unicode>
                    </TextEquiv>
                </Word>
                <TextEquiv>
                    <Unicode>Erweckung einer Generation gefördert und sind</Unicode>
                </TextEquiv>
            </TextLine>
            <TextLine id="tr_3_tl_35" custom="readingOrder {index:34;}">
                <Coords points="948,2450 1877,2456 1856,2414 948,2414"/>
                <Baseline points="955,2444 1001,2444 1047,2444 1093,2444 1140,2444 1186,2447 1232,2447 1278,2447 1325,2447 1371,2447 1417,2448 1463,2449 1510,2447 1556,2448 1602,2450 1648,2450 1695,2450 1741,2452 1787,2453 1833,2453 1880,2450"/>
                <Word id="tr_3_tl_35_w1" custom="readingOrder {index:0;}">
                    <Coords points="942,2404 942,2464 1026,2464 1026,2404"/>
                    <TextEquiv>
                        <Unicode>einer</Unicode>
                    </TextEquiv>
                </Word>
                <Word id="tr_3_tl_35_w2" custom="readingOrder {index:1;}">
                    <Coords points="1050,2404 1050,2464 1168,2464 1168,2404"/>
                    <TextEquiv>
                        <Unicode>andern</Unicode>
                    </TextEquiv>
                </Word>
                <Word id="tr_3_tl_35_w3" custom="readingOrder {index:2;}">
                    <Coords points="1197,2407 1197,2467 1267,2467 1267,2407"/>
                    <TextEquiv>
                        <Unicode>noch</Unicode>
                    </TextEquiv>
                </Word>
                <Word id="tr_3_tl_35_w4" custom="readingOrder {index:3;}">
                    <Coords points="1291,2407 1291,2467 1404,2467 1404,2407"/>
                    <TextEquiv>
                        <Unicode>immer</Unicode>
                    </TextEquiv>
                </Word>
                <Word id="tr_3_tl_35_w5" custom="readingOrder {index:4;}">
                    <Coords points="1428,2407 1428,2467 1631,2467 1631,2407"/>
                    <TextEquiv>
                        <Unicode>unveraltet.</Unicode>
                    </TextEquiv>
                </Word>
                <Word id="tr_3_tl_35_w6" custom="readingOrder {index:5;}">
                    <Coords points="1645,2410 1645,2470 1735,2470 1735,2410"/>
                    <TextEquiv>
                        <Unicode>Denn</Unicode>
                    </TextEquiv>
                </Word>
                <Word id="tr_3_tl_35_w7" custom="readingOrder {index:6;}">
                    <Coords points="1764,2413 1764,2473 1871,2473 1871,2413"/>
                    <TextEquiv>
                        <Unicode>hinter</Unicode>
                    </TextEquiv>
                </Word>
                <TextEquiv>
                    <Unicode>einer andern noch immer unveraltet. Denn hinter</Unicode>
                </TextEquiv>
            </TextLine>
            <TextLine id="tr_3_tl_36" custom="readingOrder {index:35;}">
                <Coords points="942,2490 1869,2504 1848,2457 941,2452"/>
                <Baseline points="949,2486 995,2489 1041,2489 1087,2489 1133,2489 1179,2489 1225,2492 1271,2492 1317,2492 1363,2492 1410,2492 1456,2492 1502,2492 1548,2493 1594,2495 1640,2495 1686,2495 1732,2495 1778,2495 1824,2495 1871,2492"/>
                <Word id="tr_3_tl_36_w1" custom="readingOrder {index:0;}">
                    <Coords points="946,2448 946,2508 1041,2508 1041,2448"/>
                    <TextEquiv>
                        <Unicode>diesen</Unicode>
                    </TextEquiv>
                </Word>
                <Word id="tr_3_tl_36_w2" custom="readingOrder {index:1;}">
                    <Coords points="1072,2449 1072,2509 1267,2509 1267,2449"/>
                    <TextEquiv>
                        <Unicode>Dichtungen</Unicode>
                    </TextEquiv>
                </Word>
                <Word id="tr_3_tl_36_w3" custom="readingOrder {index:2;}">
                    <Coords points="1298,2452 1298,2512 1383,2512 1383,2452"/>
                    <TextEquiv>
                        <Unicode>stand</Unicode>
                    </TextEquiv>
                </Word>
                <Word id="tr_3_tl_36_w4" custom="readingOrder {index:3;}">
                    <Coords points="1409,2452 1409,2512 1454,2512 1454,2452"/>
                    <TextEquiv>
                        <Unicode>ein</Unicode>
                    </TextEquiv>
                </Word>
                <Word id="tr_3_tl_36_w5" custom="readingOrder {index:4;}">
                    <Coords points="1490,2453 1490,2513 1615,2513 1615,2453"/>
                    <TextEquiv>
                        <Unicode>Mann,</Unicode>
                    </TextEquiv>
                </Word>
                <Word id="tr_3_tl_36_w6" custom="readingOrder {index:5;}">
                    <Coords points="1636,2455 1636,2515 1776,2515 1776,2455"/>
                    <TextEquiv>
                        <Unicode>aufrecht</Unicode>
                    </TextEquiv>
                </Word>
                <Word id="tr_3_tl_36_w7" custom="readingOrder {index:6;}">
                    <Coords points="1802,2454 1802,2514 1857,2514 1857,2454"/>
                    <TextEquiv>
                        <Unicode>und</Unicode>
                    </TextEquiv>
                </Word>
                <TextEquiv>
                    <Unicode>diesen Dichtungen stand ein Mann, aufrecht und</Unicode>
                </TextEquiv>
            </TextLine>
            <TextLine id="tr_3_tl_37" custom="readingOrder {index:36;}">
                <Coords points="942,2540 1874,2551 1866,2502 941,2491"/>
                <Baseline points="949,2531 995,2531 1041,2534 1088,2534 1134,2534 1181,2537 1227,2536 1273,2534 1320,2534 1366,2535 1413,2537 1459,2537 1505,2537 1552,2537 1598,2537 1645,2539 1691,2540 1737,2540 1784,2538 1830,2539 1877,2540"/>
                <Word id="tr_3_tl_37_w1" custom="readingOrder {index:0;}">
                    <Coords points="946,2491 946,2551 1041,2551 1041,2491"/>
                    <TextEquiv>
                        <Unicode>kühn,</Unicode>
                    </TextEquiv>
                </Word>
                <Word id="tr_3_tl_37_w2" custom="readingOrder {index:1;}">
                    <Coords points="1062,2494 1062,2554 1086,2554 1086,2494"/>
                    <TextEquiv>
                        <Unicode>in</Unicode>
                    </TextEquiv>
                </Word>
                <Word id="tr_3_tl_37_w3" custom="readingOrder {index:2;}">
                    <Coords points="1118,2496 1118,2556 1228,2556 1228,2496"/>
                    <TextEquiv>
                        <Unicode>allem,</Unicode>
                    </TextEquiv>
                </Word>
                <Word id="tr_3_tl_37_w4" custom="readingOrder {index:3;}">
                    <Coords points="1250,2494 1250,2554 1310,2554 1310,2494"/>
                    <TextEquiv>
                        <Unicode>was</Unicode>
                    </TextEquiv>
                </Word>
                <Word id="tr_3_tl_37_w5" custom="readingOrder {index:4;}">
                    <Coords points="1341,2494 1341,2554 1370,2554 1370,2494"/>
                    <TextEquiv>
                        <Unicode>er</Unicode>
                    </TextEquiv>
                </Word>
                <Word id="tr_3_tl_37_w6" custom="readingOrder {index:5;}">
                    <Coords points="1401,2497 1401,2557 1427,2557 1427,2497"/>
                    <TextEquiv>
                        <Unicode>zu</Unicode>
                    </TextEquiv>
                </Word>
                <Word id="tr_3_tl_37_w7" custom="readingOrder {index:6;}">
                    <Coords points="1457,2497 1457,2557 1548,2557 1548,2497"/>
                    <TextEquiv>
                        <Unicode>sagen</Unicode>
                    </TextEquiv>
                </Word>
                <Word id="tr_3_tl_37_w8" custom="readingOrder {index:7;}">
                    <Coords points="1579,2498 1579,2558 1680,2558 1680,2498"/>
                    <TextEquiv>
                        <Unicode>hatte.</Unicode>
                    </TextEquiv>
                </Word>
                <Word id="tr_3_tl_37_w9" custom="readingOrder {index:8;}">
                    <Coords points="1711,2499 1711,2559 1776,2559 1776,2499"/>
                    <TextEquiv>
                        <Unicode>Und</Unicode>
                    </TextEquiv>
                </Word>
                <Word id="tr_3_tl_37_w10" custom="readingOrder {index:9;}">
                    <Coords points="1807,2499 1807,2559 1862,2559 1862,2499"/>
                    <TextEquiv>
                        <Unicode>das</Unicode>
                    </TextEquiv>
                </Word>
                <TextEquiv>
                    <Unicode>kühn, in allem, was er zu sagen hatte. Und das</Unicode>
                </TextEquiv>
            </TextLine>
            <TextLine id="tr_3_tl_38" custom="readingOrder {index:37;}">
                <Coords points="948,2597 1720,2601 1720,2548 1690,2540 948,2543"/>
                <Baseline points="955,2572 993,2575 1031,2575 1070,2575 1108,2576 1146,2578 1185,2578 1223,2578 1261,2578 1300,2578 1338,2578 1376,2578 1415,2579 1453,2581 1491,2578 1530,2578 1568,2580 1606,2581 1645,2581 1683,2581 1722,2584"/>
                <Word id="tr_3_tl_38_w1" custom="readingOrder {index:0;}">
                    <Coords points="942,2533 942,2593 1007,2593 1007,2533"/>
                    <TextEquiv>
                        <Unicode>war</Unicode>
                    </TextEquiv>
                </Word>
                <Word id="tr_3_tl_38_w2" custom="readingOrder {index:1;}">
                    <Coords points="1036,2535 1036,2595 1101,2595 1101,2535"/>
                    <TextEquiv>
                        <Unicode>viel</Unicode>
                    </TextEquiv>
                </Word>
                <Word id="tr_3_tl_38_w3" custom="readingOrder {index:2;}">
                    <Coords points="1126,2538 1126,2598 1187,2598 1187,2538"/>
                    <TextEquiv>
                        <Unicode>und</Unicode>
                    </TextEquiv>
                </Word>
                <Word id="tr_3_tl_38_w4" custom="readingOrder {index:3;}">
                    <Coords points="1220,2538 1220,2598 1267,2598 1267,2538"/>
                    <TextEquiv>
                        <Unicode>nie</Unicode>
                    </TextEquiv>
                </Word>
                <Word id="tr_3_tl_38_w5" custom="readingOrder {index:4;}">
                    <Coords points="1295,2538 1295,2598 1375,2598 1375,2538"/>
                    <TextEquiv>
                        <Unicode>ohne</Unicode>
                    </TextEquiv>
                </Word>
                <Word id="tr_3_tl_38_w6" custom="readingOrder {index:5;}">
                    <Coords points="1409,2540 1409,2600 1502,2600 1502,2540"/>
                    <TextEquiv>
                        <Unicode>neues</Unicode>
                    </TextEquiv>
                </Word>
                <Word id="tr_3_tl_38_w7" custom="readingOrder {index:6;}">
                    <Coords points="1536,2541 1536,2601 1719,2601 1719,2541"/>
                    <TextEquiv>
                        <Unicode>Bedeuten.</Unicode>
                    </TextEquiv>
                </Word>
                <TextEquiv>
                    <Unicode>war viel und nie ohne neues Bedeuten.</Unicode>
                </TextEquiv>
            </TextLine>
            <TextLine id="tr_3_tl_39" custom="readingOrder {index:38;}">
                <Coords points="1008,2634 1869,2647 1869,2601 1775,2589 1008,2594"/>
                <Baseline points="1014,2626 1056,2626 1099,2629 1142,2629 1185,2629 1228,2631 1271,2630 1313,2631 1356,2632 1399,2632 1442,2632 1485,2632 1528,2632 1571,2633 1613,2635 1656,2635 1699,2635 1742,2635 1785,2635 1828,2635 1871,2635"/>
                <Word id="tr_3_tl_39_w1" custom="readingOrder {index:0;}">
                    <Coords points="1008,2586 1008,2646 1101,2646 1101,2586"/>
                    <TextEquiv>
                        <Unicode>Artur</Unicode>
                    </TextEquiv>
                </Word>
                <Word id="tr_3_tl_39_w2" custom="readingOrder {index:1;}">
                    <Coords points="1135,2590 1135,2650 1327,2650 1327,2590"/>
                    <TextEquiv>
                        <Unicode>Schnitzlers</Unicode>
                    </TextEquiv>
                </Word>
                <Word id="tr_3_tl_39_w3" custom="readingOrder {index:2;}">
                    <Coords points="1360,2592 1360,2652 1520,2652 1520,2592"/>
                    <TextEquiv>
                        <Unicode>Dichtung</Unicode>
                    </TextEquiv>
                </Word>
                <Word id="tr_3_tl_39_w4" custom="readingOrder {index:3;}">
                    <Coords points="1553,2595 1553,2655 1685,2655 1685,2595"/>
                    <TextEquiv>
                        <Unicode>erschloß</Unicode>
                    </TextEquiv>
                </Word>
                <Word id="tr_3_tl_39_w5" custom="readingOrder {index:4;}">
                    <Coords points="1724,2595 1724,2655 1773,2655 1773,2595"/>
                    <TextEquiv>
                        <Unicode>sich</Unicode>
                    </TextEquiv>
                </Word>
                <Word id="tr_3_tl_39_w6" custom="readingOrder {index:5;}">
                    <Coords points="1807,2595 1807,2655 1866,2655 1866,2595"/>
                    <TextEquiv>
                        <Unicode>vor</Unicode>
                    </TextEquiv>
                </Word>
                <TextEquiv>
                    <Unicode>Artur Schnitzlers Dichtung erschloß sich vor</Unicode>
                </TextEquiv>
            </TextLine>
            <TextLine id="tr_3_tl_40" custom="readingOrder {index:39;}">
                <Coords points="942,2685 1872,2685 1871,2653 1799,2636 942,2635"/>
                <Baseline points="949,2668 995,2671 1041,2674 1087,2674 1134,2674 1180,2674 1226,2675 1272,2678 1319,2679 1365,2677 1411,2677 1457,2677 1504,2677 1550,2677 1596,2677 1642,2677 1689,2677 1735,2679 1781,2680 1827,2678 1874,2674"/>
                <Word id="tr_3_tl_40_w1" custom="readingOrder {index:0;}">
                    <Coords points="937,2629 937,2689 994,2689 994,2629"/>
                    <TextEquiv>
                        <Unicode>und</Unicode>
                    </TextEquiv>
                </Word>
                <Word id="tr_3_tl_40_w2" custom="readingOrder {index:1;}">
                    <Coords points="1026,2634 1026,2694 1088,2694 1088,2634"/>
                    <TextEquiv>
                        <Unicode>mit</Unicode>
                    </TextEquiv>
                </Word>
                <Word id="tr_3_tl_40_w3" custom="readingOrder {index:2;}">
                    <Coords points="1115,2634 1115,2694 1282,2694 1282,2634"/>
                    <TextEquiv>
                        <Unicode>„Anatol“</Unicode>
                    </TextEquiv>
                </Word>
                <Word id="tr_3_tl_40_w4" custom="readingOrder {index:3;}">
                    <Coords points="1314,2638 1314,2698 1366,2698 1366,2638"/>
                    <TextEquiv>
                        <Unicode>zur</Unicode>
                    </TextEquiv>
                </Word>
                <Word id="tr_3_tl_40_w5" custom="readingOrder {index:4;}">
                    <Coords points="1393,2637 1393,2697 1566,2697 1566,2637"/>
                    <TextEquiv>
                        <Unicode>Blütezeit</Unicode>
                    </TextEquiv>
                </Word>
                <Word id="tr_3_tl_40_w6" custom="readingOrder {index:5;}">
                    <Coords points="1593,2637 1593,2697 1639,2697 1639,2637"/>
                    <TextEquiv>
                        <Unicode>des</Unicode>
                    </TextEquiv>
                </Word>
                <Word id="tr_3_tl_40_w7" custom="readingOrder {index:6;}">
                    <Coords points="1671,2639 1671,2699 1870,2699 1870,2639"/>
                    <TextEquiv>
                        <Unicode>Naturalis¬</Unicode>
                    </TextEquiv>
                </Word>
                <TextEquiv>
                    <Unicode>und mit „Anatol“ zur Blütezeit des Naturalis¬</Unicode>
                </TextEquiv>
            </TextLine>
            <TextLine id="tr_3_tl_41" custom="readingOrder {index:40;}">
                <Coords points="942,2721 1862,2730 1852,2684 942,2685"/>
                <Baseline points="949,2713 994,2716 1040,2716 1086,2716 1132,2716 1178,2719 1223,2719 1269,2719 1315,2719 1361,2719 1407,2719 1452,2719 1498,2720 1544,2722 1590,2721 1636,2720 1681,2722 1727,2722 1773,2722 1819,2722 1865,2722"/>
                <Word id="tr_3_tl_41_w1" custom="readingOrder {index:0;}">
                    <Coords points="936,2675 936,2735 1023,2735 1023,2675"/>
                    <TextEquiv>
                        <Unicode>mus.</Unicode>
                    </TextEquiv>
                </Word>
                <Word id="tr_3_tl_41_w2" custom="readingOrder {index:1;}">
                    <Coords points="1062,2676 1062,2736 1144,2736 1144,2676"/>
                    <TextEquiv>
                        <Unicode>Aber</Unicode>
                    </TextEquiv>
                </Word>
                <Word id="tr_3_tl_41_w3" custom="readingOrder {index:2;}">
                    <Coords points="1168,2679 1168,2739 1212,2739 1212,2679"/>
                    <TextEquiv>
                        <Unicode>die</Unicode>
                    </TextEquiv>
                </Word>
                <Word id="tr_3_tl_41_w4" custom="readingOrder {index:3;}">
                    <Coords points="1237,2679 1237,2739 1420,2739 1420,2679"/>
                    <TextEquiv>
                        <Unicode>doktrinäre</Unicode>
                    </TextEquiv>
                </Word>
                <Word id="tr_3_tl_41_w5" custom="readingOrder {index:4;}">
                    <Coords points="1440,2680 1440,2740 1589,2740 1589,2680"/>
                    <TextEquiv>
                        <Unicode>Schwere</Unicode>
                    </TextEquiv>
                </Word>
                <Word id="tr_3_tl_41_w6" custom="readingOrder {index:5;}">
                    <Coords points="1615,2680 1615,2740 1662,2740 1662,2680"/>
                    <TextEquiv>
                        <Unicode>des</Unicode>
                    </TextEquiv>
                </Word>
                <Word id="tr_3_tl_41_w7" custom="readingOrder {index:6;}">
                    <Coords points="1687,2682 1687,2742 1740,2742 1740,2682"/>
                    <TextEquiv>
                        <Unicode>von</Unicode>
                    </TextEquiv>
                </Word>
                <Word id="tr_3_tl_41_w8" custom="readingOrder {index:7;}">
                    <Coords points="1770,2682 1770,2742 1856,2742 1856,2682"/>
                    <TextEquiv>
                        <Unicode>Arno</Unicode>
                    </TextEquiv>
                </Word>
                <TextEquiv>
                    <Unicode>mus. Aber die doktrinäre Schwere des von Arno</Unicode>
                </TextEquiv>
            </TextLine>
            <TextLine id="tr_3_tl_42" custom="readingOrder {index:41;}">
                <Coords points="946,2765 1869,2775 1849,2728 945,2723"/>
                <Baseline points="952,2758 1000,2761 1048,2764 1097,2763 1145,2761 1193,2761 1242,2762 1290,2764 1338,2764 1387,2764 1435,2764 1484,2764 1532,2767 1580,2767 1629,2764 1677,2766 1725,2765 1774,2767 1822,2767 1871,2764"/>
                <Word id="tr_3_tl_42_w1" custom="readingOrder {index:0;}">
                    <Coords points="945,2720 945,2780 1035,2780 1035,2720"/>
                    <TextEquiv>
                        <Unicode>Holz,</Unicode>
                    </TextEquiv>
                </Word>
                <Word id="tr_3_tl_42_w2" custom="readingOrder {index:1;}">
                    <Coords points="1073,2721 1073,2781 1206,2781 1206,2721"/>
                    <TextEquiv>
                        <Unicode>Johann</Unicode>
                    </TextEquiv>
                </Word>
                <Word id="tr_3_tl_42_w3" custom="readingOrder {index:2;}">
                    <Coords points="1254,2724 1254,2784 1387,2784 1387,2724"/>
                    <TextEquiv>
                        <Unicode>Schlaf,</Unicode>
                    </TextEquiv>
                </Word>
                <Word id="tr_3_tl_42_w4" custom="readingOrder {index:3;}">
                    <Coords points="1425,2724 1425,2784 1483,2784 1483,2724"/>
                    <TextEquiv>
                        <Unicode>vom</Unicode>
                    </TextEquiv>
                </Word>
                <Word id="tr_3_tl_42_w5" custom="readingOrder {index:4;}">
                    <Coords points="1542,2725 1542,2785 1659,2785 1659,2725"/>
                    <TextEquiv>
                        <Unicode>jungen</Unicode>
                    </TextEquiv>
                </Word>
                <Word id="tr_3_tl_42_w6" custom="readingOrder {index:5;}">
                    <Coords points="1707,2727 1707,2787 1861,2787 1861,2727"/>
                    <TextEquiv>
                        <Unicode>Gerhard</Unicode>
                    </TextEquiv>
                </Word>
                <TextEquiv>
                    <Unicode>Holz, Johann Schlaf, vom jungen Gerhard</Unicode>
                </TextEquiv>
            </TextLine>
            <TextLine id="tr_3_tl_43" custom="readingOrder {index:42;}">
                <Coords points="946,2812 1857,2823 1869,2780 945,2765"/>
                <Baseline points="952,2799 1000,2802 1048,2802 1097,2802 1145,2802 1193,2803 1242,2805 1290,2805 1338,2805 1387,2805 1435,2805 1484,2805 1532,2808 1580,2808 1629,2808 1677,2808 1725,2809 1774,2810 1822,2809 1871,2808"/>
                <Word id="tr_3_tl_43_w1" custom="readingOrder {index:0;}">
                    <Coords points="939,2762 939,2822 1146,2822 1146,2762"/>
                    <TextEquiv>
                        <Unicode>Hauptmann</Unicode>
                    </TextEquiv>
                </Word>
                <Word id="tr_3_tl_43_w2" custom="readingOrder {index:1;}">
                    <Coords points="1195,2765 1195,2825 1464,2825 1464,2765"/>
                    <TextEquiv>
                        <Unicode>repräsentierten</Unicode>
                    </TextEquiv>
                </Word>
                <Word id="tr_3_tl_43_w3" custom="readingOrder {index:2;}">
                    <Coords points="1508,2768 1508,2828 1782,2828 1782,2768"/>
                    <TextEquiv>
                        <Unicode>Naturalismus,</Unicode>
                    </TextEquiv>
                </Word>
                <Word id="tr_3_tl_43_w4" custom="readingOrder {index:3;}">
                    <Coords points="1816,2768 1816,2828 1863,2828 1863,2768"/>
                    <TextEquiv>
                        <Unicode>die</Unicode>
                    </TextEquiv>
                </Word>
                <TextEquiv>
                    <Unicode>Hauptmann repräsentierten Naturalismus, die</Unicode>
                </TextEquiv>
            </TextLine>
            <TextLine id="tr_3_tl_44" custom="readingOrder {index:43;}">
                <Coords points="947,2858 1870,2866 1869,2827 1803,2812 946,2812"/>
                <Baseline points="952,2844 1000,2847 1048,2850 1097,2849 1145,2848 1193,2850 1242,2850 1290,2850 1338,2850 1387,2850 1435,2852 1484,2850 1532,2853 1580,2853 1629,2853 1677,2853 1725,2853 1774,2853 1822,2853 1871,2850"/>
                <Word id="tr_3_tl_44_w1" custom="readingOrder {index:0;}">
                    <Coords points="941,2805 941,2865 997,2865 997,2805"/>
                    <TextEquiv>
                        <Unicode>von</Unicode>
                    </TextEquiv>
                </Word>
                <Word id="tr_3_tl_44_w2" custom="readingOrder {index:1;}">
                    <Coords points="1029,2810 1029,2870 1362,2870 1362,2810"/>
                    <TextEquiv>
                        <Unicode>sozialökonomischer</Unicode>
                    </TextEquiv>
                </Word>
                <Word id="tr_3_tl_44_w3" custom="readingOrder {index:2;}">
                    <Coords points="1389,2811 1389,2871 1529,2871 1529,2811"/>
                    <TextEquiv>
                        <Unicode>Theorie</Unicode>
                    </TextEquiv>
                </Word>
                <Word id="tr_3_tl_44_w4" custom="readingOrder {index:3;}">
                    <Coords points="1556,2813 1556,2873 1748,2873 1748,2813"/>
                    <TextEquiv>
                        <Unicode>beeinflußte</Unicode>
                    </TextEquiv>
                </Word>
                <Word id="tr_3_tl_44_w5" custom="readingOrder {index:4;}">
                    <Coords points="1780,2812 1780,2872 1868,2872 1868,2812"/>
                    <TextEquiv>
                        <Unicode>Aus¬</Unicode>
                    </TextEquiv>
                </Word>
                <TextEquiv>
                    <Unicode>von sozialökonomischer Theorie beeinflußte Aus¬</Unicode>
                </TextEquiv>
            </TextLine>
            <TextLine id="tr_3_tl_45" custom="readingOrder {index:44;}">
                <Coords points="940,2902 1865,2903 1865,2871 1792,2858 940,2854"/>
                <Baseline points="946,2886 992,2892 1038,2892 1084,2892 1130,2892 1176,2892 1222,2894 1268,2892 1314,2892 1360,2892 1407,2893 1453,2895 1499,2895 1545,2895 1591,2895 1637,2896 1683,2898 1729,2897 1775,2897 1821,2896 1868,2895"/>
                <Word id="tr_3_tl_45_w1" custom="readingOrder {index:0;}">
                    <Coords points="939,2852 939,2912 1214,2912 1214,2852"/>
                    <TextEquiv>
                        <Unicode>einandersetzung</Unicode>
                    </TextEquiv>
                </Word>
                <Word id="tr_3_tl_45_w2" custom="readingOrder {index:1;}">
                    <Coords points="1254,2852 1254,2912 1313,2912 1313,2852"/>
                    <TextEquiv>
                        <Unicode>mit</Unicode>
                    </TextEquiv>
                </Word>
                <Word id="tr_3_tl_45_w3" custom="readingOrder {index:2;}">
                    <Coords points="1343,2855 1343,2915 1642,2915 1642,2855"/>
                    <TextEquiv>
                        <Unicode>Vererbungslehre</Unicode>
                    </TextEquiv>
                </Word>
                <Word id="tr_3_tl_45_w4" custom="readingOrder {index:3;}">
                    <Coords points="1682,2857 1682,2917 1741,2917 1741,2857"/>
                    <TextEquiv>
                        <Unicode>und</Unicode>
                    </TextEquiv>
                </Word>
                <Word id="tr_3_tl_45_w5" custom="readingOrder {index:4;}">
                    <Coords points="1776,2856 1776,2916 1863,2916 1863,2856"/>
                    <TextEquiv>
                        <Unicode>Dar¬</Unicode>
                    </TextEquiv>
                </Word>
                <TextEquiv>
                    <Unicode>einandersetzung mit Vererbungslehre und Dar¬</Unicode>
                </TextEquiv>
            </TextLine>
            <TextLine id="tr_3_tl_46" custom="readingOrder {index:45;}">
                <Coords points="946,2939 1869,2946 1869,2901 1734,2926 1669,2896 946,2899"/>
                <Baseline points="952,2937 1000,2934 1048,2934 1097,2934 1145,2935 1193,2937 1242,2937 1290,2937 1338,2937 1387,2937 1435,2939 1484,2940 1532,2937 1580,2940 1629,2940 1677,2940 1725,2940 1774,2940 1822,2940 1871,2940"/>
                <Word id="tr_3_tl_46_w1" custom="readingOrder {index:0;}">
                    <Coords points="940,2894 940,2954 1112,2954 1112,2894"/>
                    <TextEquiv>
                        <Unicode>winismus</Unicode>
                    </TextEquiv>
                </Word>
                <Word id="tr_3_tl_46_w2" custom="readingOrder {index:1;}">
                    <Coords points="1143,2895 1143,2955 1191,2955 1191,2895"/>
                    <TextEquiv>
                        <Unicode>lag</Unicode>
                    </TextEquiv>
                </Word>
                <Word id="tr_3_tl_46_w3" custom="readingOrder {index:2;}">
                    <Coords points="1221,2897 1221,2957 1270,2957 1270,2897"/>
                    <TextEquiv>
                        <Unicode>dem</Unicode>
                    </TextEquiv>
                </Word>
                <Word id="tr_3_tl_46_w4" custom="readingOrder {index:3;}">
                    <Coords points="1315,2897 1315,2957 1443,2957 1443,2897"/>
                    <TextEquiv>
                        <Unicode>Wiener</Unicode>
                    </TextEquiv>
                </Word>
                <Word id="tr_3_tl_46_w5" custom="readingOrder {index:4;}">
                    <Coords points="1474,2897 1474,2957 1596,2957 1596,2897"/>
                    <TextEquiv>
                        <Unicode>Dichter</Unicode>
                    </TextEquiv>
                </Word>
                <Word id="tr_3_tl_46_w6" custom="readingOrder {index:5;}">
                    <Coords points="1626,2900 1626,2960 1715,2960 1715,2900"/>
                    <TextEquiv>
                        <Unicode>fern.</Unicode>
                    </TextEquiv>
                </Word>
                <Word id="tr_3_tl_46_w7" custom="readingOrder {index:6;}">
                    <Coords points="1755,2900 1755,2960 1858,2960 1858,2900"/>
                    <TextEquiv>
                        <Unicode>Artur</Unicode>
                    </TextEquiv>
                </Word>
                <TextEquiv>
                    <Unicode>winismus lag dem Wiener Dichter fern. Artur</Unicode>
                </TextEquiv>
            </TextLine>
            <TextLine id="tr_3_tl_47" custom="readingOrder {index:46;}">
                <Coords points="946,2977 1862,2995 1847,2945 946,2939"/>
                <Baseline points="952,2967 997,2975 1043,2978 1088,2978 1134,2978 1180,2978 1225,2978 1271,2981 1317,2981 1362,2981 1408,2981 1454,2981 1499,2981 1545,2981 1591,2982 1636,2984 1682,2984 1728,2984 1773,2984 1819,2984 1865,2981"/>
                <Word id="tr_3_tl_47_w1" custom="readingOrder {index:0;}">
                    <Coords points="941,2937 941,2997 1126,2997 1126,2937"/>
                    <TextEquiv>
                        <Unicode>Schnitzler,</Unicode>
                    </TextEquiv>
                </Word>
                <Word id="tr_3_tl_47_w2" custom="readingOrder {index:1;}">
                    <Coords points="1148,2938 1148,2998 1199,2998 1199,2938"/>
                    <TextEquiv>
                        <Unicode>der</Unicode>
                    </TextEquiv>
                </Word>
                <Word id="tr_3_tl_47_w3" custom="readingOrder {index:2;}">
                    <Coords points="1225,2940 1225,3000 1312,3000 1312,2940"/>
                    <TextEquiv>
                        <Unicode>Sohn</Unicode>
                    </TextEquiv>
                </Word>
                <Word id="tr_3_tl_47_w4" custom="readingOrder {index:3;}">
                    <Coords points="1344,2941 1344,3001 1431,3001 1431,2941"/>
                    <TextEquiv>
                        <Unicode>eines</Unicode>
                    </TextEquiv>
                </Word>
                <Word id="tr_3_tl_47_w5" custom="readingOrder {index:4;}">
                    <Coords points="1458,2941 1458,3001 1617,3001 1617,2941"/>
                    <TextEquiv>
                        <Unicode>gelehrten</Unicode>
                    </TextEquiv>
                </Word>
                <Word id="tr_3_tl_47_w6" custom="readingOrder {index:5;}">
                    <Coords points="1649,2944 1649,3004 1762,3004 1762,2944"/>
                    <TextEquiv>
                        <Unicode>Arztes</Unicode>
                    </TextEquiv>
                </Word>
                <Word id="tr_3_tl_47_w7" custom="readingOrder {index:6;}">
                    <Coords points="1794,2943 1794,3003 1850,3003 1850,2943"/>
                    <TextEquiv>
                        <Unicode>und</Unicode>
                    </TextEquiv>
                </Word>
                <TextEquiv>
                    <Unicode>Schnitzler, der Sohn eines gelehrten Arztes und</Unicode>
                </TextEquiv>
            </TextLine>
            <TextLine id="tr_3_tl_48" custom="readingOrder {index:47;}">
                <Coords points="952,3023 1862,3036 1862,2995 1789,2985 952,2998"/>
                <Baseline points="958,3020 1003,3020 1048,3020 1094,3020 1139,3020 1184,3020 1230,3023 1275,3023 1320,3023 1366,3021 1411,3026 1456,3026 1502,3026 1547,3026 1592,3026 1638,3026 1683,3026 1728,3027 1774,3028 1819,3025 1865,3023"/>
                <Word id="tr_3_tl_48_w1" custom="readingOrder {index:0;}">
                    <Coords points="946,2980 946,3040 1029,3040 1029,2980"/>
                    <TextEquiv>
                        <Unicode>selbst</Unicode>
                    </TextEquiv>
                </Word>
                <Word id="tr_3_tl_48_w2" custom="readingOrder {index:1;}">
                    <Coords points="1044,2980 1044,3040 1300,3040 1300,2980"/>
                    <TextEquiv>
                        <Unicode>seelenkundiger</Unicode>
                    </TextEquiv>
                </Word>
                <Word id="tr_3_tl_48_w3" custom="readingOrder {index:2;}">
                    <Coords points="1325,2981 1325,3041 1413,3041 1413,2981"/>
                    <TextEquiv>
                        <Unicode>Irzt,</Unicode>
                    </TextEquiv>
                </Word>
                <Word id="tr_3_tl_48_w4" custom="readingOrder {index:3;}">
                    <Coords points="1429,2986 1429,3046 1561,3046 1561,2986"/>
                    <TextEquiv>
                        <Unicode>gewann</Unicode>
                    </TextEquiv>
                </Word>
                <Word id="tr_3_tl_48_w5" custom="readingOrder {index:4;}">
                    <Coords points="1586,2986 1586,3046 1634,3046 1634,2986"/>
                    <TextEquiv>
                        <Unicode>der</Unicode>
                    </TextEquiv>
                </Word>
                <Word id="tr_3_tl_48_w6" custom="readingOrder {index:5;}">
                    <Coords points="1660,2987 1660,3047 1860,3047 1860,2987"/>
                    <TextEquiv>
                        <Unicode>natura¬</Unicode>
                    </TextEquiv>
                </Word>
                <TextEquiv>
                    <Unicode>selbst seelenkundiger Irzt, gewann der natura¬</Unicode>
                </TextEquiv>
            </TextLine>
            <TextLine id="tr_3_tl_49" custom="readingOrder {index:48;}">
                <Coords points="954,3067 1865,3086 1864,3029 953,3029"/>
                <Baseline points="961,3065 1006,3065 1051,3068 1097,3065 1142,3065 1187,3065 1233,3068 1278,3068 1323,3068 1369,3071 1414,3068 1459,3068 1505,3068 1550,3068 1595,3068 1641,3068 1686,3069 1731,3071 1777,3071 1822,3071 1868,3071"/>
                <Word id="tr_3_tl_49_w1" custom="readingOrder {index:0;}">
                    <Coords points="953,3027 953,3087 1154,3087 1154,3027"/>
                    <TextEquiv>
                        <Unicode>istischen</Unicode>
                    </TextEquiv>
                </Word>
                <Word id="tr_3_tl_49_w2" custom="readingOrder {index:1;}">
                    <Coords points="1201,3028 1201,3088 1356,3088 1356,3028"/>
                    <TextEquiv>
                        <Unicode>Dichtung</Unicode>
                    </TextEquiv>
                </Word>
                <Word id="tr_3_tl_49_w3" custom="readingOrder {index:2;}">
                    <Coords points="1403,3028 1403,3088 1449,3088 1449,3028"/>
                    <TextEquiv>
                        <Unicode>ein</Unicode>
                    </TextEquiv>
                </Word>
                <Word id="tr_3_tl_49_w4" custom="readingOrder {index:3;}">
                    <Coords points="1491,3028 1491,3088 1589,3088 1589,3028"/>
                    <TextEquiv>
                        <Unicode>neues</Unicode>
                    </TextEquiv>
                </Word>
                <Word id="tr_3_tl_49_w5" custom="readingOrder {index:4;}">
                    <Coords points="1631,3029 1631,3089 1765,3089 1765,3029"/>
                    <TextEquiv>
                        <Unicode>Gebiet,</Unicode>
                    </TextEquiv>
                </Word>
                <Word id="tr_3_tl_49_w6" custom="readingOrder {index:5;}">
                    <Coords points="1796,3031 1796,3091 1853,3091 1853,3031"/>
                    <TextEquiv>
                        <Unicode>das</Unicode>
                    </TextEquiv>
                </Word>
                <TextEquiv>
                    <Unicode>istischen Dichtung ein neues Gebiet, das</Unicode>
                </TextEquiv>
            </TextLine>
            <TextLine id="tr_3_tl_50" custom="readingOrder {index:49;}">
                <Coords points="937,3116 1803,3130 1862,3125 1861,3083 935,3073"/>
                <Baseline points="943,3104 989,3107 1035,3110 1081,3107 1127,3107 1173,3110 1219,3111 1265,3113 1311,3112 1357,3110 1404,3110 1450,3110 1496,3111 1542,3113 1588,3113 1634,3113 1680,3113 1726,3113 1772,3113 1818,3115 1865,3113"/>
                <Word id="tr_3_tl_50_w1" custom="readingOrder {index:0;}">
                    <Coords points="939,3066 939,3126 1027,3126 1027,3066"/>
                    <TextEquiv>
                        <Unicode>Reich</Unicode>
                    </TextEquiv>
                </Word>
                <Word id="tr_3_tl_50_w2" custom="readingOrder {index:1;}">
                    <Coords points="1057,3067 1057,3127 1111,3127 1111,3067"/>
                    <TextEquiv>
                        <Unicode>des</Unicode>
                    </TextEquiv>
                </Word>
                <Word id="tr_3_tl_50_w3" custom="readingOrder {index:2;}">
                    <Coords points="1141,3070 1141,3130 1225,3130 1225,3070"/>
                    <TextEquiv>
                        <Unicode>Eros</Unicode>
                    </TextEquiv>
                </Word>
                <Word id="tr_3_tl_50_w4" custom="readingOrder {index:3;}">
                    <Coords points="1260,3072 1260,3132 1318,3132 1318,3072"/>
                    <TextEquiv>
                        <Unicode>mit</Unicode>
                    </TextEquiv>
                </Word>
                <Word id="tr_3_tl_50_w5" custom="readingOrder {index:4;}">
                    <Coords points="1343,3070 1343,3130 1387,3130 1387,3070"/>
                    <TextEquiv>
                        <Unicode>all</Unicode>
                    </TextEquiv>
                </Word>
                <Word id="tr_3_tl_50_w6" custom="readingOrder {index:5;}">
                    <Coords points="1413,3070 1413,3130 1515,3130 1515,3070"/>
                    <TextEquiv>
                        <Unicode>seinen</Unicode>
                    </TextEquiv>
                </Word>
                <Word id="tr_3_tl_50_w7" custom="readingOrder {index:6;}">
                    <Coords points="1551,3073 1551,3133 1851,3133 1851,3073"/>
                    <TextEquiv>
                        <Unicode>lockend=lachenden</Unicode>
                    </TextEquiv>
                </Word>
                <TextEquiv>
                    <Unicode>Reich des Eros mit all seinen lockend=lachenden</Unicode>
                </TextEquiv>
            </TextLine>
            <TextLine id="tr_3_tl_51" custom="readingOrder {index:50;}">
                <Coords points="940,3159 1871,3166 1848,3120 940,3114"/>
                <Baseline points="946,3146 992,3152 1038,3152 1085,3152 1131,3155 1178,3152 1224,3153 1270,3155 1317,3155 1363,3155 1410,3155 1456,3155 1502,3155 1549,3155 1595,3156 1642,3158 1688,3158 1734,3160 1781,3159 1827,3158 1874,3155"/>
                <Word id="tr_3_tl_51_w1" custom="readingOrder {index:0;}">
                    <Coords points="935,3112 935,3172 1100,3172 1100,3112"/>
                    <TextEquiv>
                        <Unicode>Gefüden,</Unicode>
                    </TextEquiv>
                </Word>
                <Word id="tr_3_tl_51_w2" custom="readingOrder {index:1;}">
                    <Coords points="1132,3112 1132,3172 1235,3172 1235,3112"/>
                    <TextEquiv>
                        <Unicode>seinen</Unicode>
                    </TextEquiv>
                </Word>
                <Word id="tr_3_tl_51_w3" custom="readingOrder {index:2;}">
                    <Coords points="1278,3115 1278,3175 1541,3175 1541,3115"/>
                    <TextEquiv>
                        <Unicode>labyrinthischen</Unicode>
                    </TextEquiv>
                </Word>
                <Word id="tr_3_tl_51_w4" custom="readingOrder {index:3;}">
                    <Coords points="1584,3118 1584,3178 1744,3178 1744,3118"/>
                    <TextEquiv>
                        <Unicode>Gebirgen</Unicode>
                    </TextEquiv>
                </Word>
                <Word id="tr_3_tl_51_w5" custom="readingOrder {index:4;}">
                    <Coords points="1792,3118 1792,3178 1853,3178 1853,3118"/>
                    <TextEquiv>
                        <Unicode>und</Unicode>
                    </TextEquiv>
                </Word>
                <TextEquiv>
                    <Unicode>Gefüden, seinen labyrinthischen Gebirgen und</Unicode>
                </TextEquiv>
            </TextLine>
            <TextLine id="tr_3_tl_52" custom="readingOrder {index:51;}">
                <Coords points="940,3205 1865,3220 1856,3165 940,3162"/>
                <Baseline points="946,3190 992,3196 1038,3196 1084,3196 1130,3196 1176,3196 1222,3196 1268,3196 1314,3196 1360,3197 1407,3199 1453,3200 1499,3201 1545,3200 1591,3201 1637,3199 1683,3200 1729,3202 1775,3202 1821,3202 1868,3202"/>
                <Word id="tr_3_tl_52_w1" custom="readingOrder {index:0;}">
                    <Coords points="940,3156 940,3216 1198,3216 1198,3156"/>
                    <TextEquiv>
                        <Unicode>verschwiegenen</Unicode>
                    </TextEquiv>
                </Word>
                <Word id="tr_3_tl_52_w2" custom="readingOrder {index:1;}">
                    <Coords points="1229,3156 1229,3216 1482,3216 1482,3156"/>
                    <TextEquiv>
                        <Unicode>Einsamkeiten,</Unicode>
                    </TextEquiv>
                </Word>
                <Word id="tr_3_tl_52_w3" custom="readingOrder {index:2;}">
                    <Coords points="1503,3160 1503,3220 1533,3220 1533,3160"/>
                    <TextEquiv>
                        <Unicode>er</Unicode>
                    </TextEquiv>
                </Word>
                <Word id="tr_3_tl_52_w4" custom="readingOrder {index:3;}">
                    <Coords points="1559,3159 1559,3219 1690,3219 1690,3159"/>
                    <TextEquiv>
                        <Unicode>gewann</Unicode>
                    </TextEquiv>
                </Word>
                <Word id="tr_3_tl_52_w5" custom="readingOrder {index:4;}">
                    <Coords points="1727,3162 1727,3222 1772,3222 1772,3162"/>
                    <TextEquiv>
                        <Unicode>ihr</Unicode>
                    </TextEquiv>
                </Word>
                <Word id="tr_3_tl_52_w6" custom="readingOrder {index:5;}">
                    <Coords points="1803,3162 1803,3222 1853,3222 1853,3162"/>
                    <TextEquiv>
                        <Unicode>das</Unicode>
                    </TextEquiv>
                </Word>
                <TextEquiv>
                    <Unicode>verschwiegenen Einsamkeiten, er gewann ihr das</Unicode>
                </TextEquiv>
            </TextLine>
            <TextLine id="tr_3_tl_53" custom="readingOrder {index:52;}">
                <Coords points="946,3245 1859,3260 1859,3218 1781,3201 1556,3225 946,3201"/>
                <Baseline points="952,3238 997,3238 1043,3241 1088,3238 1134,3241 1179,3241 1225,3241 1270,3241 1316,3241 1361,3241 1407,3241 1452,3241 1498,3242 1543,3244 1589,3244 1634,3244 1680,3244 1725,3244 1771,3244 1816,3244 1862,3241"/>
                <Word id="tr_3_tl_53_w1" custom="readingOrder {index:0;}">
                    <Coords points="940,3198 940,3258 1023,3258 1023,3198"/>
                    <TextEquiv>
                        <Unicode>Land</Unicode>
                    </TextEquiv>
                </Word>
                <Word id="tr_3_tl_53_w2" custom="readingOrder {index:1;}">
                    <Coords points="1054,3198 1054,3258 1103,3258 1103,3198"/>
                    <TextEquiv>
                        <Unicode>der</Unicode>
                    </TextEquiv>
                </Word>
                <Word id="tr_3_tl_53_w3" custom="readingOrder {index:2;}">
                    <Coords points="1133,3201 1133,3261 1344,3261 1344,3201"/>
                    <TextEquiv>
                        <Unicode>menschlichen</Unicode>
                    </TextEquiv>
                </Word>
                <Word id="tr_3_tl_53_w4" custom="readingOrder {index:3;}">
                    <Coords points="1379,3201 1379,3261 1473,3261 1473,3201"/>
                    <TextEquiv>
                        <Unicode>Seele</Unicode>
                    </TextEquiv>
                </Word>
                <Word id="tr_3_tl_53_w5" custom="readingOrder {index:4;}">
                    <Coords points="1503,3202 1503,3262 1527,3262 1527,3202"/>
                    <TextEquiv>
                        <Unicode>in</Unicode>
                    </TextEquiv>
                </Word>
                <Word id="tr_3_tl_53_w6" custom="readingOrder {index:5;}">
                    <Coords points="1562,3204 1562,3264 1660,3264 1660,3204"/>
                    <TextEquiv>
                        <Unicode>seinen</Unicode>
                    </TextEquiv>
                </Word>
                <Word id="tr_3_tl_53_w7" custom="readingOrder {index:6;}">
                    <Coords points="1695,3204 1695,3264 1857,3264 1857,3204"/>
                    <TextEquiv>
                        <Unicode>nebelver¬</Unicode>
                    </TextEquiv>
                </Word>
                <TextEquiv>
                    <Unicode>Land der menschlichen Seele in seinen nebelver¬</Unicode>
                </TextEquiv>
            </TextLine>
            <TextLine id="tr_3_tl_54" custom="readingOrder {index:53;}">
                <Coords points="948,3291 1850,3300 1861,3248 947,3243"/>
                <Baseline points="955,3280 1000,3283 1046,3283 1091,3283 1137,3283 1182,3283 1228,3283 1273,3283 1319,3283 1364,3286 1410,3286 1455,3286 1501,3286 1546,3287 1592,3289 1637,3289 1683,3288 1728,3286 1774,3287 1819,3289 1865,3286"/>
                <Word id="tr_3_tl_54_w1" custom="readingOrder {index:0;}">
                    <Coords points="942,3243 942,3303 1107,3303 1107,3243"/>
                    <TextEquiv>
                        <Unicode>schleierten</Unicode>
                    </TextEquiv>
                </Word>
                <Word id="tr_3_tl_54_w2" custom="readingOrder {index:1;}">
                    <Coords points="1138,3243 1138,3303 1279,3303 1279,3243"/>
                    <TextEquiv>
                        <Unicode>Weiten.</Unicode>
                    </TextEquiv>
                </Word>
                <Word id="tr_3_tl_54_w3" custom="readingOrder {index:2;}">
                    <Coords points="1315,3245 1315,3305 1385,3305 1385,3245"/>
                    <TextEquiv>
                        <Unicode>Vom</Unicode>
                    </TextEquiv>
                </Word>
                <Word id="tr_3_tl_54_w4" custom="readingOrder {index:3;}">
                    <Coords points="1427,3246 1427,3306 1562,3306 1562,3246"/>
                    <TextEquiv>
                        <Unicode>heiteren</Unicode>
                    </TextEquiv>
                </Word>
                <Word id="tr_3_tl_54_w5" custom="readingOrder {index:4;}">
                    <Coords points="1593,3248 1593,3308 1754,3308 1754,3248"/>
                    <TextEquiv>
                        <Unicode>„Anatel“</Unicode>
                    </TextEquiv>
                </Word>
                <Word id="tr_3_tl_54_w6" custom="readingOrder {index:5;}">
                    <Coords points="1785,3248 1785,3308 1855,3308 1855,3248"/>
                    <TextEquiv>
                        <Unicode>über</Unicode>
                    </TextEquiv>
                </Word>
                <TextEquiv>
                    <Unicode>schleierten Weiten. Vom heiteren „Anatel“ über</Unicode>
                </TextEquiv>
            </TextLine>
            <TextLine id="tr_3_tl_55" custom="readingOrder {index:54;}">
                <Coords points="942,3330 1802,3347 1856,3345 1855,3300 941,3290"/>
                <Baseline points="949,3325 994,3328 1040,3328 1085,3328 1131,3328 1176,3325 1222,3325 1267,3325 1313,3328 1358,3331 1404,3331 1449,3331 1495,3331 1540,3331 1586,3331 1631,3331 1677,3331 1722,3331 1768,3331 1813,3331 1859,3328"/>
                <Word id="tr_3_tl_55_w1" custom="readingOrder {index:0;}">
                    <Coords points="936,3285 936,3345 983,3345 983,3285"/>
                    <TextEquiv>
                        <Unicode>den</Unicode>
                    </TextEquiv>
                </Word>
                <Word id="tr_3_tl_55_w2" custom="readingOrder {index:1;}">
                    <Coords points="1015,3288 1015,3348 1152,3348 1152,3288"/>
                    <TextEquiv>
                        <Unicode>blutigen</Unicode>
                    </TextEquiv>
                </Word>
                <Word id="tr_3_tl_55_w3" custom="readingOrder {index:2;}">
                    <Coords points="1185,3285 1185,3345 1280,3345 1280,3285"/>
                    <TextEquiv>
                        <Unicode>Ernst</Unicode>
                    </TextEquiv>
                </Word>
                <Word id="tr_3_tl_55_w4" custom="readingOrder {index:3;}">
                    <Coords points="1302,3288 1302,3348 1349,3348 1349,3288"/>
                    <TextEquiv>
                        <Unicode>der</Unicode>
                    </TextEquiv>
                </Word>
                <Word id="tr_3_tl_55_w5" custom="readingOrder {index:4;}">
                    <Coords points="1376,3291 1376,3351 1551,3351 1551,3291"/>
                    <TextEquiv>
                        <Unicode>„Liebelei“</Unicode>
                    </TextEquiv>
                </Word>
                <Word id="tr_3_tl_55_w6" custom="readingOrder {index:5;}">
                    <Coords points="1584,3291 1584,3351 1631,3351 1631,3291"/>
                    <TextEquiv>
                        <Unicode>zum</Unicode>
                    </TextEquiv>
                </Word>
                <Word id="tr_3_tl_55_w7" custom="readingOrder {index:6;}">
                    <Coords points="1674,3291 1674,3351 1859,3351 1859,3291"/>
                    <TextEquiv>
                        <Unicode>Antiduell¬</Unicode>
                    </TextEquiv>
                </Word>
                <TextEquiv>
                    <Unicode>den blutigen Ernst der „Liebelei“ zum Antiduell¬</Unicode>
                </TextEquiv>
            </TextLine>
            <TextLine id="tr_3_tl_56" custom="readingOrder {index:55;}">
                <Coords points="940,3376 1254,3380 1293,3409 1435,3373 1866,3384 1830,3340 940,3331"/>
                <Baseline points="946,3369 992,3369 1038,3369 1084,3374 1130,3369 1176,3372 1222,3369 1268,3370 1314,3372 1360,3373 1407,3374 1453,3372 1499,3372 1545,3372 1591,3372 1637,3373 1683,3375 1729,3375 1775,3375 1821,3375 1868,3375"/>
                <Word id="tr_3_tl_56_w1" custom="readingOrder {index:0;}">
                    <Coords points="935,3329 935,3389 1040,3389 1040,3329"/>
                    <TextEquiv>
                        <Unicode>drama</Unicode>
                    </TextEquiv>
                </Word>
                <Word id="tr_3_tl_56_w2" custom="readingOrder {index:1;}">
                    <Coords points="1073,3331 1073,3391 1285,3391 1285,3331"/>
                    <TextEquiv>
                        <Unicode>„Freiwilb“,</Unicode>
                    </TextEquiv>
                </Word>
                <Word id="tr_3_tl_56_w3" custom="readingOrder {index:2;}">
                    <Coords points="1301,3332 1301,3392 1359,3392 1359,3332"/>
                    <TextEquiv>
                        <Unicode>das</Unicode>
                    </TextEquiv>
                </Word>
                <Word id="tr_3_tl_56_w4" custom="readingOrder {index:3;}">
                    <Coords points="1381,3333 1381,3393 1412,3393 1412,3333"/>
                    <TextEquiv>
                        <Unicode>zu</Unicode>
                    </TextEquiv>
                </Word>
                <Word id="tr_3_tl_56_w5" custom="readingOrder {index:4;}">
                    <Coords points="1439,3332 1439,3392 1524,3392 1524,3332"/>
                    <TextEquiv>
                        <Unicode>Ende</Unicode>
                    </TextEquiv>
                </Word>
                <Word id="tr_3_tl_56_w6" custom="readingOrder {index:5;}">
                    <Coords points="1551,3332 1551,3392 1603,3392 1603,3332"/>
                    <TextEquiv>
                        <Unicode>des</Unicode>
                    </TextEquiv>
                </Word>
                <Word id="tr_3_tl_56_w7" custom="readingOrder {index:6;}">
                    <Coords points="1631,3335 1631,3395 1848,3395 1848,3335"/>
                    <TextEquiv>
                        <Unicode>vergangenen</Unicode>
                    </TextEquiv>
                </Word>
                <TextEquiv>
                    <Unicode>drama „Freiwilb“, das zu Ende des vergangenen</Unicode>
                </TextEquiv>
            </TextLine>
            <TextLine id="tr_3_tl_57" custom="readingOrder {index:56;}">
                <Coords points="946,3422 1862,3426 1852,3383 1436,3373 1283,3405 946,3375"/>
                <Baseline points="952,3411 997,3411 1043,3411 1088,3414 1134,3414 1180,3414 1225,3414 1271,3414 1317,3414 1362,3414 1408,3417 1454,3417 1499,3417 1545,3417 1591,3417 1636,3418 1682,3419 1728,3417 1773,3417 1819,3417 1865,3420"/>
                <Word id="tr_3_tl_57_w1" custom="readingOrder {index:0;}">
                    <Coords points="941,3372 941,3432 1187,3432 1187,3372"/>
                    <TextEquiv>
                        <Unicode>Jahrhunderts</Unicode>
                    </TextEquiv>
                </Word>
                <Word id="tr_3_tl_57_w2" custom="readingOrder {index:1;}">
                    <Coords points="1228,3374 1228,3434 1289,3434 1289,3374"/>
                    <TextEquiv>
                        <Unicode>an,</Unicode>
                    </TextEquiv>
                </Word>
                <Word id="tr_3_tl_57_w3" custom="readingOrder {index:2;}">
                    <Coords points="1325,3374 1325,3434 1375,3434 1375,3374"/>
                    <TextEquiv>
                        <Unicode>die</Unicode>
                    </TextEquiv>
                </Word>
                <Word id="tr_3_tl_57_w4" custom="readingOrder {index:3;}">
                    <Coords points="1416,3377 1416,3437 1658,3437 1658,3377"/>
                    <TextEquiv>
                        <Unicode>überständigen</Unicode>
                    </TextEquiv>
                </Word>
                <Word id="tr_3_tl_57_w5" custom="readingOrder {index:4;}">
                    <Coords points="1709,3377 1709,3437 1850,3437 1850,3377"/>
                    <TextEquiv>
                        <Unicode>fendalen</Unicode>
                    </TextEquiv>
                </Word>
                <TextEquiv>
                    <Unicode>Jahrhunderts an, die überständigen fendalen</Unicode>
                </TextEquiv>
            </TextLine>
            <TextLine id="tr_3_tl_58" custom="readingOrder {index:57;}">
                <Coords points="942,3461 1859,3487 1859,3426 942,3419"/>
                <Baseline points="949,3450 994,3453 1040,3456 1085,3456 1131,3456 1177,3456 1222,3456 1268,3456 1314,3456 1359,3456 1405,3456 1451,3457 1496,3459 1542,3459 1588,3459 1633,3458 1679,3457 1725,3459 1770,3459 1816,3459 1862,3462"/>
                <Word id="tr_3_tl_58_w1" custom="readingOrder {index:0;}">
                    <Coords points="942,3416 942,3476 1158,3476 1158,3416"/>
                    <TextEquiv>
                        <Unicode>Uhrbegriffen</Unicode>
                    </TextEquiv>
                </Word>
                <Word id="tr_3_tl_58_w2" custom="readingOrder {index:1;}">
                    <Coords points="1205,3416 1205,3476 1381,3476 1381,3416"/>
                    <TextEquiv>
                        <Unicode>verfallene</Unicode>
                    </TextEquiv>
                </Word>
                <Word id="tr_3_tl_58_w3" custom="readingOrder {index:2;}">
                    <Coords points="1423,3419 1423,3479 1619,3479 1619,3419"/>
                    <TextEquiv>
                        <Unicode>bürgerliche</Unicode>
                    </TextEquiv>
                </Word>
                <Word id="tr_3_tl_58_w4" custom="readingOrder {index:3;}">
                    <Coords points="1660,3419 1660,3479 1862,3479 1862,3419"/>
                    <TextEquiv>
                        <Unicode>Gesellschaft</Unicode>
                    </TextEquiv>
                </Word>
                <TextEquiv>
                    <Unicode>Uhrbegriffen verfallene bürgerliche Gesellschaft</Unicode>
                </TextEquiv>
            </TextLine>
            <TextLine id="tr_3_tl_59" custom="readingOrder {index:58;}">
                <Coords points="940,3511 988,3518 1014,3497 1122,3518 1313,3505 1355,3526 1355,3467 1199,3457 1062,3473 1047,3460 1022,3475 940,3462"/>
                <Baseline points="946,3498 971,3496 997,3495 1023,3497 1049,3498 1074,3498 1100,3499 1126,3501 1152,3501 1177,3501 1203,3499 1229,3498 1255,3498 1280,3498 1306,3498 1332,3500 1358,3501"/>
                <Word id="tr_3_tl_59_w1" custom="readingOrder {index:0;}">
                    <Coords points="939,3456 939,3516 994,3516 994,3456"/>
                    <TextEquiv>
                        <Unicode>wie</Unicode>
                    </TextEquiv>
                </Word>
                <Word id="tr_3_tl_59_w2" custom="readingOrder {index:1;}">
                    <Coords points="1024,3460 1024,3520 1203,3520 1203,3460"/>
                    <TextEquiv>
                        <Unicode>Kampfruf</Unicode>
                    </TextEquiv>
                </Word>
                <Word id="tr_3_tl_59_w3" custom="readingOrder {index:2;}">
                    <Coords points="1234,3458 1234,3518 1353,3518 1353,3458"/>
                    <TextEquiv>
                        <Unicode>wirkte.</Unicode>
                    </TextEquiv>
                </Word>
                <TextEquiv>
                    <Unicode>wie Kampfruf wirkte.</Unicode>
                </TextEquiv>
            </TextLine>
            <TextLine id="tr_3_tl_60" custom="readingOrder {index:59;}">
                <Coords points="1004,3557 1859,3571 1859,3519 1664,3502 1342,3531 1004,3514"/>
                <Baseline points="1011,3546 1053,3546 1096,3549 1138,3551 1181,3552 1223,3552 1266,3552 1308,3552 1351,3552 1393,3552 1436,3552 1479,3552 1521,3552 1564,3552 1606,3552 1649,3552 1691,3552 1734,3552 1776,3555 1819,3555 1862,3558"/>
                <Word id="tr_3_tl_60_w1" custom="readingOrder {index:0;}">
                    <Coords points="1004,3506 1004,3566 1054,3566 1054,3506"/>
                    <TextEquiv>
                        <Unicode>Bis</Unicode>
                    </TextEquiv>
                </Word>
                <Word id="tr_3_tl_60_w2" custom="readingOrder {index:1;}">
                    <Coords points="1090,3510 1090,3570 1181,3570 1181,3510"/>
                    <TextEquiv>
                        <Unicode>dahin</Unicode>
                    </TextEquiv>
                </Word>
                <Word id="tr_3_tl_60_w3" custom="readingOrder {index:2;}">
                    <Coords points="1222,3512 1222,3572 1308,3572 1308,3512"/>
                    <TextEquiv>
                        <Unicode>hatte</Unicode>
                    </TextEquiv>
                </Word>
                <Word id="tr_3_tl_60_w4" custom="readingOrder {index:3;}">
                    <Coords points="1344,3512 1344,3572 1415,3572 1415,3512"/>
                    <TextEquiv>
                        <Unicode>man</Unicode>
                    </TextEquiv>
                </Word>
                <Word id="tr_3_tl_60_w5" custom="readingOrder {index:4;}">
                    <Coords points="1451,3512 1451,3572 1501,3572 1501,3512"/>
                    <TextEquiv>
                        <Unicode>die</Unicode>
                    </TextEquiv>
                </Word>
                <Word id="tr_3_tl_60_w6" custom="readingOrder {index:5;}">
                    <Coords points="1532,3512 1532,3572 1603,3572 1603,3512"/>
                    <TextEquiv>
                        <Unicode>leise</Unicode>
                    </TextEquiv>
                </Word>
                <Word id="tr_3_tl_60_w7" custom="readingOrder {index:6;}">
                    <Coords points="1639,3513 1639,3573 1862,3573 1862,3513"/>
                    <TextEquiv>
                        <Unicode>Schwermut,</Unicode>
                    </TextEquiv>
                </Word>
                <TextEquiv>
                    <Unicode>Bis dahin hatte man die leise Schwermut,</Unicode>
                </TextEquiv>
            </TextLine>
            <TextLine id="tr_3_tl_61" custom="readingOrder {index:60;}">
                <Coords points="931,3601 1856,3612 1855,3571 1786,3559 930,3557"/>
                <Baseline points="937,3590 983,3590 1029,3593 1075,3593 1121,3593 1167,3593 1213,3593 1259,3593 1305,3593 1351,3593 1398,3594 1444,3596 1490,3596 1536,3596 1582,3595 1628,3594 1674,3596 1720,3596 1766,3598 1812,3599 1859,3599"/>
                <Word id="tr_3_tl_61_w1" custom="readingOrder {index:0;}">
                    <Coords points="935,3550 935,3610 981,3610 981,3550"/>
                    <TextEquiv>
                        <Unicode>die</Unicode>
                    </TextEquiv>
                </Word>
                <Word id="tr_3_tl_61_w2" custom="readingOrder {index:1;}">
                    <Coords points="1007,3553 1007,3613 1079,3613 1079,3553"/>
                    <TextEquiv>
                        <Unicode>über</Unicode>
                    </TextEquiv>
                </Word>
                <Word id="tr_3_tl_61_w3" custom="readingOrder {index:2;}">
                    <Coords points="1100,3553 1100,3613 1290,3613 1290,3553"/>
                    <TextEquiv>
                        <Unicode>Schnitzlers</Unicode>
                    </TextEquiv>
                </Word>
                <Word id="tr_3_tl_61_w4" custom="readingOrder {index:3;}">
                    <Coords points="1312,3554 1312,3614 1508,3614 1508,3554"/>
                    <TextEquiv>
                        <Unicode>Dichtungen</Unicode>
                    </TextEquiv>
                </Word>
                <Word id="tr_3_tl_61_w5" custom="readingOrder {index:4;}">
                    <Coords points="1534,3554 1534,3614 1679,3614 1679,3554"/>
                    <TextEquiv>
                        <Unicode>schwebt,</Unicode>
                    </TextEquiv>
                </Word>
                <Word id="tr_3_tl_61_w6" custom="readingOrder {index:5;}">
                    <Coords points="1695,3556 1695,3616 1751,3616 1751,3556"/>
                    <TextEquiv>
                        <Unicode>mit</Unicode>
                    </TextEquiv>
                </Word>
                <Word id="tr_3_tl_61_w7" custom="readingOrder {index:6;}">
                    <Coords points="1772,3559 1772,3619 1854,3619 1854,3559"/>
                    <TextEquiv>
                        <Unicode>Sen¬</Unicode>
                    </TextEquiv>
                </Word>
                <TextEquiv>
                    <Unicode>die über Schnitzlers Dichtungen schwebt, mit Sen¬</Unicode>
                </TextEquiv>
            </TextLine>
            <TextLine id="tr_3_tl_62" custom="readingOrder {index:61;}">
                <Coords points="933,3645 1856,3649 1833,3605 933,3600"/>
                <Baseline points="940,3635 988,3635 1036,3638 1085,3635 1133,3636 1181,3638 1230,3638 1278,3638 1326,3638 1375,3638 1423,3638 1472,3641 1520,3641 1568,3641 1617,3641 1665,3638 1713,3639 1762,3641 1810,3641 1859,3635"/>
                <Word id="tr_3_tl_62_w1" custom="readingOrder {index:0;}">
                    <Coords points="933,3597 933,3657 1155,3657 1155,3597"/>
                    <TextEquiv>
                        <Unicode>timentalität</Unicode>
                    </TextEquiv>
                </Word>
                <Word id="tr_3_tl_62_w2" custom="readingOrder {index:1;}">
                    <Coords points="1181,3598 1181,3658 1393,3658 1393,3598"/>
                    <TextEquiv>
                        <Unicode>verwechselt,</Unicode>
                    </TextEquiv>
                </Word>
                <Word id="tr_3_tl_62_w3" custom="readingOrder {index:2;}">
                    <Coords points="1415,3598 1415,3658 1460,3658 1460,3598"/>
                    <TextEquiv>
                        <Unicode>die</Unicode>
                    </TextEquiv>
                </Word>
                <Word id="tr_3_tl_62_w4" custom="readingOrder {index:3;}">
                    <Coords points="1487,3601 1487,3661 1626,3661 1626,3601"/>
                    <TextEquiv>
                        <Unicode>graziöse</Unicode>
                    </TextEquiv>
                </Word>
                <Word id="tr_3_tl_62_w5" custom="readingOrder {index:4;}">
                    <Coords points="1658,3599 1658,3659 1771,3659 1771,3599"/>
                    <TextEquiv>
                        <Unicode>Leichte</Unicode>
                    </TextEquiv>
                </Word>
                <Word id="tr_3_tl_62_w6" custom="readingOrder {index:5;}">
                    <Coords points="1798,3598 1798,3658 1859,3658 1859,3598"/>
                    <TextEquiv>
                        <Unicode>sei¬</Unicode>
                    </TextEquiv>
                </Word>
                <TextEquiv>
                    <Unicode>timentalität verwechselt, die graziöse Leichte sei¬</Unicode>
                </TextEquiv>
            </TextLine>
            <TextLine id="tr_3_tl_63" custom="readingOrder {index:62;}">
                <Coords points="940,3687 1859,3694 1828,3645 940,3645"/>
                <Baseline points="946,3680 991,3680 1037,3680 1083,3680 1129,3680 1175,3680 1220,3680 1266,3683 1312,3683 1358,3682 1404,3681 1449,3683 1495,3683 1541,3684 1587,3686 1633,3685 1678,3683 1724,3683 1770,3684 1816,3686 1862,3686"/>
                <Word id="tr_3_tl_63_w1" custom="readingOrder {index:0;}">
                    <Coords points="940,3640 940,3700 989,3700 989,3640"/>
                    <TextEquiv>
                        <Unicode>ner</Unicode>
                    </TextEquiv>
                </Word>
                <Word id="tr_3_tl_63_w2" custom="readingOrder {index:1;}">
                    <Coords points="1015,3640 1015,3700 1121,3700 1121,3640"/>
                    <TextEquiv>
                        <Unicode>Poesie</Unicode>
                    </TextEquiv>
                </Word>
                <Word id="tr_3_tl_63_w3" custom="readingOrder {index:2;}">
                    <Coords points="1146,3640 1146,3700 1206,3700 1206,3640"/>
                    <TextEquiv>
                        <Unicode>mit</Unicode>
                    </TextEquiv>
                </Word>
                <Word id="tr_3_tl_63_w4" custom="readingOrder {index:3;}">
                    <Coords points="1227,3642 1227,3702 1403,3702 1403,3642"/>
                    <TextEquiv>
                        <Unicode>harmloser</Unicode>
                    </TextEquiv>
                </Word>
                <Word id="tr_3_tl_63_w5" custom="readingOrder {index:4;}">
                    <Coords points="1429,3643 1429,3703 1605,3703 1605,3643"/>
                    <TextEquiv>
                        <Unicode>Wienerei.</Unicode>
                    </TextEquiv>
                </Word>
                <Word id="tr_3_tl_63_w6" custom="readingOrder {index:5;}">
                    <Coords points="1641,3643 1641,3703 1726,3703 1726,3643"/>
                    <TextEquiv>
                        <Unicode>Jetzt</Unicode>
                    </TextEquiv>
                </Word>
                <Word id="tr_3_tl_63_w7" custom="readingOrder {index:6;}">
                    <Coords points="1752,3645 1752,3705 1852,3705 1852,3645"/>
                    <TextEquiv>
                        <Unicode>wußte</Unicode>
                    </TextEquiv>
                </Word>
                <TextEquiv>
                    <Unicode>ner Poesie mit harmloser Wienerei. Jetzt wußte</Unicode>
                </TextEquiv>
            </TextLine>
            <TextLine id="tr_3_tl_64" custom="readingOrder {index:63;}">
                <Coords points="933,3729 1854,3735 1854,3694 1744,3684 933,3693"/>
                <Baseline points="940,3722 985,3725 1031,3728 1077,3725 1123,3725 1169,3725 1214,3725 1260,3725 1306,3728 1352,3727 1398,3726 1443,3727 1489,3725 1535,3725 1581,3726 1627,3728 1672,3728 1718,3728 1764,3729 1810,3730 1856,3725"/>
                <Word id="tr_3_tl_64_w1" custom="readingOrder {index:0;}">
                    <Coords points="928,3684 928,3744 1018,3744 1018,3684"/>
                    <TextEquiv>
                        <Unicode>man,</Unicode>
                    </TextEquiv>
                </Word>
                <Word id="tr_3_tl_64_w2" custom="readingOrder {index:1;}">
                    <Coords points="1039,3685 1039,3745 1090,3745 1090,3685"/>
                    <TextEquiv>
                        <Unicode>daß</Unicode>
                    </TextEquiv>
                </Word>
                <Word id="tr_3_tl_64_w3" custom="readingOrder {index:2;}">
                    <Coords points="1121,3685 1121,3745 1151,3745 1151,3685"/>
                    <TextEquiv>
                        <Unicode>es</Unicode>
                    </TextEquiv>
                </Word>
                <Word id="tr_3_tl_64_w4" custom="readingOrder {index:3;}">
                    <Coords points="1177,3685 1177,3745 1273,3745 1273,3685"/>
                    <TextEquiv>
                        <Unicode>diesem</Unicode>
                    </TextEquiv>
                </Word>
                <Word id="tr_3_tl_64_w5" custom="readingOrder {index:4;}">
                    <Coords points="1314,3686 1314,3746 1461,3746 1461,3686"/>
                    <TextEquiv>
                        <Unicode>Dichter,</Unicode>
                    </TextEquiv>
                </Word>
                <Word id="tr_3_tl_64_w6" custom="readingOrder {index:5;}">
                    <Coords points="1482,3685 1482,3745 1532,3745 1532,3685"/>
                    <TextEquiv>
                        <Unicode>der</Unicode>
                    </TextEquiv>
                </Word>
                <Word id="tr_3_tl_64_w7" custom="readingOrder {index:6;}">
                    <Coords points="1558,3688 1558,3748 1852,3748 1852,3688"/>
                    <TextEquiv>
                        <Unicode>Sentimentalität</Unicode>
                    </TextEquiv>
                </Word>
                <TextEquiv>
                    <Unicode>man, daß es diesem Dichter, der Sentimentalität</Unicode>
                </TextEquiv>
            </TextLine>
            <TextLine id="tr_3_tl_65" custom="readingOrder {index:64;}">
                <Coords points="931,3772 1847,3779 1833,3734 931,3728"/>
                <Baseline points="937,3763 982,3766 1028,3769 1073,3766 1119,3766 1165,3766 1210,3766 1256,3769 1302,3769 1347,3769 1393,3769 1439,3770 1484,3771 1530,3769 1576,3769 1621,3769 1667,3768 1713,3767 1758,3770 1804,3772 1850,3772"/>
                <Word id="tr_3_tl_65_w1" custom="readingOrder {index:0;}">
                    <Coords points="931,3724 931,3784 985,3784 985,3724"/>
                    <TextEquiv>
                        <Unicode>els</Unicode>
                    </TextEquiv>
                </Word>
                <Word id="tr_3_tl_65_w2" custom="readingOrder {index:1;}">
                    <Coords points="1016,3727 1016,3787 1082,3787 1082,3727"/>
                    <TextEquiv>
                        <Unicode>„ein</Unicode>
                    </TextEquiv>
                </Word>
                <Word id="tr_3_tl_65_w3" custom="readingOrder {index:2;}">
                    <Coords points="1118,3726 1118,3786 1213,3786 1213,3726"/>
                    <TextEquiv>
                        <Unicode>unter</Unicode>
                    </TextEquiv>
                </Word>
                <Word id="tr_3_tl_65_w4" custom="readingOrder {index:3;}">
                    <Coords points="1244,3729 1244,3789 1294,3789 1294,3729"/>
                    <TextEquiv>
                        <Unicode>dem</Unicode>
                    </TextEquiv>
                </Word>
                <Word id="tr_3_tl_65_w5" custom="readingOrder {index:4;}">
                    <Coords points="1345,3729 1345,3789 1440,3789 1440,3729"/>
                    <TextEquiv>
                        <Unicode>Preis</Unicode>
                    </TextEquiv>
                </Word>
                <Word id="tr_3_tl_65_w6" custom="readingOrder {index:5;}">
                    <Coords points="1472,3729 1472,3789 1678,3789 1678,3729"/>
                    <TextEquiv>
                        <Unicode>erhandeltes</Unicode>
                    </TextEquiv>
                </Word>
                <Word id="tr_3_tl_65_w7" custom="readingOrder {index:6;}">
                    <Coords points="1709,3730 1709,3790 1850,3790 1850,3730"/>
                    <TextEquiv>
                        <Unicode>Gefühl“</Unicode>
                    </TextEquiv>
                </Word>
                <TextEquiv>
                    <Unicode>els „ein unter dem Preis erhandeltes Gefühl“</Unicode>
                </TextEquiv>
            </TextLine>
            <TextLine id="tr_3_tl_66" custom="readingOrder {index:65;}">
                <Coords points="933,3819 1856,3822 1843,3777 933,3772"/>
                <Baseline points="940,3808 988,3811 1036,3811 1085,3810 1133,3810 1181,3813 1230,3811 1278,3813 1326,3812 1375,3811 1423,3813 1472,3814 1520,3814 1568,3814 1617,3814 1665,3814 1713,3814 1762,3814 1810,3815 1859,3814"/>
                <Word id="tr_3_tl_66_w1" custom="readingOrder {index:0;}">
                    <Coords points="932,3770 932,3830 1018,3830 1018,3770"/>
                    <TextEquiv>
                        <Unicode>innig</Unicode>
                    </TextEquiv>
                </Word>
                <Word id="tr_3_tl_66_w2" custom="readingOrder {index:1;}">
                    <Coords points="1062,3770 1062,3830 1119,3830 1119,3770"/>
                    <TextEquiv>
                        <Unicode>und</Unicode>
                    </TextEquiv>
                </Word>
                <Word id="tr_3_tl_66_w3" custom="readingOrder {index:2;}">
                    <Coords points="1158,3771 1158,3831 1307,3831 1307,3771"/>
                    <TextEquiv>
                        <Unicode>grimmig</Unicode>
                    </TextEquiv>
                </Word>
                <Word id="tr_3_tl_66_w4" custom="readingOrder {index:3;}">
                    <Coords points="1346,3773 1346,3833 1537,3833 1537,3773"/>
                    <TextEquiv>
                        <Unicode>verachtete,</Unicode>
                    </TextEquiv>
                </Word>
                <Word id="tr_3_tl_66_w5" custom="readingOrder {index:4;}">
                    <Coords points="1567,3774 1567,3834 1600,3834 1600,3774"/>
                    <TextEquiv>
                        <Unicode>um</Unicode>
                    </TextEquiv>
                </Word>
                <Word id="tr_3_tl_66_w6" custom="readingOrder {index:5;}">
                    <Coords points="1654,3774 1654,3834 1730,3834 1730,3774"/>
                    <TextEquiv>
                        <Unicode>weit</Unicode>
                    </TextEquiv>
                </Word>
                <Word id="tr_3_tl_66_w7" custom="readingOrder {index:6;}">
                    <Coords points="1764,3774 1764,3834 1850,3834 1850,3774"/>
                    <TextEquiv>
                        <Unicode>mehr</Unicode>
                    </TextEquiv>
                </Word>
                <TextEquiv>
                    <Unicode>innig und grimmig verachtete, um weit mehr</Unicode>
                </TextEquiv>
            </TextLine>
            <TextLine id="tr_3_tl_67" custom="readingOrder {index:66;}">
                <Coords points="940,3868 1856,3868 1855,3824 1795,3820 939,3821"/>
                <Baseline points="946,3856 991,3856 1037,3853 1082,3853 1128,3856 1174,3856 1219,3856 1265,3856 1311,3856 1356,3856 1402,3856 1448,3856 1493,3856 1539,3856 1585,3856 1630,3857 1676,3859 1722,3859 1767,3859 1813,3858 1859,3856"/>
                <Word id="tr_3_tl_67_w1" custom="readingOrder {index:0;}">
                    <Coords points="934,3816 934,3876 1024,3876 1024,3816"/>
                    <TextEquiv>
                        <Unicode>ging,</Unicode>
                    </TextEquiv>
                </Word>
                <Word id="tr_3_tl_67_w2" custom="readingOrder {index:1;}">
                    <Coords points="1045,3813 1045,3873 1090,3873 1090,3813"/>
                    <TextEquiv>
                        <Unicode>als</Unicode>
                    </TextEquiv>
                </Word>
                <Word id="tr_3_tl_67_w3" custom="readingOrder {index:2;}">
                    <Coords points="1121,3816 1121,3876 1150,3876 1150,3816"/>
                    <TextEquiv>
                        <Unicode>um</Unicode>
                    </TextEquiv>
                </Word>
                <Word id="tr_3_tl_67_w4" custom="readingOrder {index:3;}">
                    <Coords points="1191,3816 1191,3876 1318,3876 1318,3816"/>
                    <TextEquiv>
                        <Unicode>Anmut</Unicode>
                    </TextEquiv>
                </Word>
                <Word id="tr_3_tl_67_w5" custom="readingOrder {index:4;}">
                    <Coords points="1343,3816 1343,3876 1404,3876 1404,3816"/>
                    <TextEquiv>
                        <Unicode>und</Unicode>
                    </TextEquiv>
                </Word>
                <Word id="tr_3_tl_67_w6" custom="readingOrder {index:5;}">
                    <Coords points="1430,3816 1430,3876 1773,3876 1773,3816"/>
                    <TextEquiv>
                        <Unicode>Liebenswürdigkeit,</Unicode>
                    </TextEquiv>
                </Word>
                <Word id="tr_3_tl_67_w7" custom="readingOrder {index:6;}">
                    <Coords points="1794,3817 1794,3877 1854,3877 1854,3817"/>
                    <TextEquiv>
                        <Unicode>jetzt</Unicode>
                    </TextEquiv>
                </Word>
                <TextEquiv>
                    <Unicode>ging, als um Anmut und Liebenswürdigkeit, jetzt</Unicode>
                </TextEquiv>
            </TextLine>
            <TextLine id="tr_3_tl_68" custom="readingOrder {index:67;}">
                <Coords points="931,3906 1834,3914 1859,3870 930,3867"/>
                <Baseline points="937,3895 983,3895 1029,3895 1075,3895 1122,3898 1168,3901 1214,3899 1260,3900 1307,3898 1353,3899 1399,3901 1445,3901 1492,3901 1538,3901 1584,3901 1630,3902 1677,3902 1723,3901 1769,3901 1815,3901 1862,3901"/>
                <Word id="tr_3_tl_68_w1" custom="readingOrder {index:0;}">
                    <Coords points="929,3855 929,3915 1028,3915 1028,3855"/>
                    <TextEquiv>
                        <Unicode>ahnte</Unicode>
                    </TextEquiv>
                </Word>
                <Word id="tr_3_tl_68_w2" custom="readingOrder {index:1;}">
                    <Coords points="1068,3857 1068,3917 1167,3917 1167,3857"/>
                    <TextEquiv>
                        <Unicode>man,</Unicode>
                    </TextEquiv>
                </Word>
                <Word id="tr_3_tl_68_w3" custom="readingOrder {index:2;}">
                    <Coords points="1203,3859 1203,3919 1256,3919 1256,3859"/>
                    <TextEquiv>
                        <Unicode>daß</Unicode>
                    </TextEquiv>
                </Word>
                <Word id="tr_3_tl_68_w4" custom="readingOrder {index:3;}">
                    <Coords points="1302,3858 1302,3918 1400,3918 1400,3858"/>
                    <TextEquiv>
                        <Unicode>dieser</Unicode>
                    </TextEquiv>
                </Word>
                <Word id="tr_3_tl_68_w5" custom="readingOrder {index:4;}">
                    <Coords points="1446,3861 1446,3921 1609,3921 1609,3861"/>
                    <TextEquiv>
                        <Unicode>eleganten</Unicode>
                    </TextEquiv>
                </Word>
                <Word id="tr_3_tl_68_w6" custom="readingOrder {index:5;}">
                    <Coords points="1660,3861 1660,3921 1763,3921 1763,3861"/>
                    <TextEquiv>
                        <Unicode>Feder</Unicode>
                    </TextEquiv>
                </Word>
                <Word id="tr_3_tl_68_w7" custom="readingOrder {index:6;}">
                    <Coords points="1809,3861 1809,3921 1852,3921 1852,3861"/>
                    <TextEquiv>
                        <Unicode>die</Unicode>
                    </TextEquiv>
                </Word>
                <TextEquiv>
                    <Unicode>ahnte man, daß dieser eleganten Feder die</Unicode>
                </TextEquiv>
            </TextLine>
            <TextLine id="tr_3_tl_69" custom="readingOrder {index:68;}">
                <Coords points="931,3941 1862,3961 1862,3907 931,3907"/>
                <Baseline points="937,3937 983,3940 1029,3940 1076,3940 1122,3937 1169,3941 1215,3943 1261,3943 1308,3943 1354,3943 1401,3943 1447,3943 1493,3943 1540,3944 1586,3944 1633,3945 1679,3946 1725,3948 1772,3947 1818,3946 1865,3946"/>
                <Word id="tr_3_tl_69_w1" custom="readingOrder {index:0;}">
                    <Coords points="926,3900 926,3960 1056,3960 1056,3900"/>
                    <TextEquiv>
                        <Unicode>Schärfe</Unicode>
                    </TextEquiv>
                </Word>
                <Word id="tr_3_tl_69_w2" custom="readingOrder {index:1;}">
                    <Coords points="1088,3897 1088,3957 1140,3957 1140,3897"/>
                    <TextEquiv>
                        <Unicode>des</Unicode>
                    </TextEquiv>
                </Word>
                <Word id="tr_3_tl_69_w3" custom="readingOrder {index:2;}">
                    <Coords points="1172,3903 1172,3963 1356,3963 1356,3903"/>
                    <TextEquiv>
                        <Unicode>Schwertes</Unicode>
                    </TextEquiv>
                </Word>
                <Word id="tr_3_tl_69_w4" custom="readingOrder {index:3;}">
                    <Coords points="1383,3903 1383,3963 1523,3963 1523,3903"/>
                    <TextEquiv>
                        <Unicode>eignete.</Unicode>
                    </TextEquiv>
                </Word>
                <Word id="tr_3_tl_69_w5" custom="readingOrder {index:4;}">
                    <Coords points="1572,3904 1572,3964 1634,3964 1634,3904"/>
                    <TextEquiv>
                        <Unicode>Die</Unicode>
                    </TextEquiv>
                </Word>
                <Word id="tr_3_tl_69_w6" custom="readingOrder {index:5;}">
                    <Coords points="1666,3907 1666,3967 1854,3967 1854,3907"/>
                    <TextEquiv>
                        <Unicode>großartige</Unicode>
                    </TextEquiv>
                </Word>
                <TextEquiv>
                    <Unicode>Schärfe des Schwertes eignete. Die großartige</Unicode>
                </TextEquiv>
            </TextLine>
            <TextLine id="tr_3_tl_70" custom="readingOrder {index:69;}">
                <Coords points="937,3987 1856,3994 1856,3956 1786,3949 937,3945"/>
                <Baseline points="943,3978 988,3981 1034,3984 1080,3984 1126,3984 1172,3984 1217,3981 1263,3984 1309,3984 1355,3985 1401,3987 1446,3987 1492,3987 1538,3986 1584,3985 1630,3987 1675,3987 1721,3987 1767,3987 1813,3987 1859,3984"/>
                <Word id="tr_3_tl_70_w1" custom="readingOrder {index:0;}">
                    <Coords points="932,3944 932,4004 1195,4004 1195,3944"/>
                    <TextEquiv>
                        <Unicode>Gschlossenheit</Unicode>
                    </TextEquiv>
                </Word>
                <Word id="tr_3_tl_70_w2" custom="readingOrder {index:1;}">
                    <Coords points="1216,3942 1216,4002 1266,4002 1266,3942"/>
                    <TextEquiv>
                        <Unicode>des</Unicode>
                    </TextEquiv>
                </Word>
                <Word id="tr_3_tl_70_w3" custom="readingOrder {index:2;}">
                    <Coords points="1291,3944 1291,4004 1382,4004 1382,3944"/>
                    <TextEquiv>
                        <Unicode>künen</Unicode>
                    </TextEquiv>
                </Word>
                <Word id="tr_3_tl_70_w4" custom="readingOrder {index:3;}">
                    <Coords points="1418,3946 1418,4006 1595,4006 1595,3946"/>
                    <TextEquiv>
                        <Unicode>„Reigens"</Unicode>
                    </TextEquiv>
                </Word>
                <Word id="tr_3_tl_70_w5" custom="readingOrder {index:4;}">
                    <Coords points="1627,3947 1627,4007 1662,4007 1662,3947"/>
                    <TextEquiv>
                        <Unicode>um</Unicode>
                    </TextEquiv>
                </Word>
                <Word id="tr_3_tl_70_w6" custom="readingOrder {index:5;}">
                    <Coords points="1703,3947 1703,4007 1748,4007 1748,3947"/>
                    <TextEquiv>
                        <Unicode>die</Unicode>
                    </TextEquiv>
                </Word>
                <Word id="tr_3_tl_70_w7" custom="readingOrder {index:6;}">
                    <Coords points="1774,3946 1774,4006 1854,4006 1854,3946"/>
                    <TextEquiv>
                        <Unicode>Cro¬</Unicode>
                    </TextEquiv>
                </Word>
                <TextEquiv>
                    <Unicode>Gschlossenheit des künen „Reigens" um die Cro¬</Unicode>
                </TextEquiv>
            </TextLine>
            <TextLine id="tr_3_tl_71" custom="readingOrder {index:70;}">
                <Coords points="931,4031 1854,4043 1845,3994 931,3992"/>
                <Baseline points="937,4026 985,4026 1033,4029 1082,4026 1130,4027 1178,4028 1227,4027 1275,4029 1323,4029 1372,4029 1420,4031 1469,4029 1517,4029 1565,4029 1614,4029 1662,4032 1710,4032 1759,4032 1807,4032 1856,4032"/>
                <Word id="tr_3_tl_71_w1" custom="readingOrder {index:0;}">
                    <Coords points="931,3986 931,4046 982,4046 982,3986"/>
                    <TextEquiv>
                        <Unicode>til,</Unicode>
                    </TextEquiv>
                </Word>
                <Word id="tr_3_tl_71_w2" custom="readingOrder {index:1;}">
                    <Coords points="1004,3988 1004,4048 1086,4048 1086,3988"/>
                    <TextEquiv>
                        <Unicode>jener</Unicode>
                    </TextEquiv>
                </Word>
                <Word id="tr_3_tl_71_w3" custom="readingOrder {index:2;}">
                    <Coords points="1118,3987 1118,4047 1357,4047 1357,3987"/>
                    <TextEquiv>
                        <Unicode>Szenenreihe,</Unicode>
                    </TextEquiv>
                </Word>
                <Word id="tr_3_tl_71_w4" custom="readingOrder {index:3;}">
                    <Coords points="1374,3990 1374,4050 1420,4050 1420,3990"/>
                    <TextEquiv>
                        <Unicode>die</Unicode>
                    </TextEquiv>
                </Word>
                <Word id="tr_3_tl_71_w5" custom="readingOrder {index:4;}">
                    <Coords points="1451,3991 1451,4051 1852,4051 1852,3991"/>
                    <TextEquiv>
                        <Unicode>individual-psychologi¬</Unicode>
                    </TextEquiv>
                </Word>
                <TextEquiv>
                    <Unicode>til, jener Szenenreihe, die individual-psychologi¬</Unicode>
                </TextEquiv>
            </TextLine>
            <TextLine id="tr_3_tl_72" custom="readingOrder {index:71;}">
                <Coords points="940,4084 1856,4084 1856,4048 1796,4039 940,4031"/>
                <Baseline points="946,4071 991,4068 1037,4071 1082,4071 1128,4071 1174,4071 1219,4071 1265,4074 1311,4074 1356,4071 1402,4074 1448,4074 1493,4073 1539,4072 1585,4075 1630,4076 1676,4075 1722,4077 1767,4077 1813,4077 1859,4077"/>
                <Word id="tr_3_tl_72_w1" custom="readingOrder {index:0;}">
                    <Coords points="935,4030 935,4090 984,4090 984,4030"/>
                    <TextEquiv>
                        <Unicode>sche</Unicode>
                    </TextEquiv>
                </Word>
                <Word id="tr_3_tl_72_w2" custom="readingOrder {index:1;}">
                    <Coords points="1015,4031 1015,4091 1151,4091 1151,4031"/>
                    <TextEquiv>
                        <Unicode>Analyse</Unicode>
                    </TextEquiv>
                </Word>
                <Word id="tr_3_tl_72_w3" custom="readingOrder {index:2;}">
                    <Coords points="1177,4031 1177,4091 1227,4091 1227,4031"/>
                    <TextEquiv>
                        <Unicode>der</Unicode>
                    </TextEquiv>
                </Word>
                <Word id="tr_3_tl_72_w4" custom="readingOrder {index:3;}">
                    <Coords points="1253,4033 1253,4093 1384,4093 1384,4033"/>
                    <TextEquiv>
                        <Unicode>sozialen</Unicode>
                    </TextEquiv>
                </Word>
                <Word id="tr_3_tl_72_w5" custom="readingOrder {index:4;}">
                    <Coords points="1415,4032 1415,4092 1627,4092 1627,4032"/>
                    <TextEquiv>
                        <Unicode>nahebringt,</Unicode>
                    </TextEquiv>
                </Word>
                <Word id="tr_3_tl_72_w6" custom="readingOrder {index:5;}">
                    <Coords points="1648,4036 1648,4096 1768,4096 1768,4036"/>
                    <TextEquiv>
                        <Unicode>erregte</Unicode>
                    </TextEquiv>
                </Word>
                <Word id="tr_3_tl_72_w7" custom="readingOrder {index:6;}">
                    <Coords points="1794,4037 1794,4097 1844,4097 1844,4037"/>
                    <TextEquiv>
                        <Unicode>den</Unicode>
                    </TextEquiv>
                </Word>
                <TextEquiv>
                    <Unicode>sche Analyse der sozialen nahebringt, erregte den</Unicode>
                </TextEquiv>
            </TextLine>
            <TextLine id="tr_3_tl_73" custom="readingOrder {index:72;}">
                <Coords points="933,4128 1850,4121 1827,4081 933,4082"/>
                <Baseline points="940,4122 985,4116 1031,4116 1076,4114 1122,4115 1168,4116 1213,4116 1259,4116 1305,4116 1350,4116 1396,4116 1442,4116 1487,4116 1533,4116 1579,4119 1624,4116 1670,4119 1716,4119 1761,4119 1807,4119 1853,4116"/>
                <Word id="tr_3_tl_73_w1" custom="readingOrder {index:0;}">
                    <Coords points="933,4075 933,4135 1144,4135 1144,4075"/>
                    <TextEquiv>
                        <Unicode>geschlossenen</Unicode>
                    </TextEquiv>
                </Word>
                <Word id="tr_3_tl_73_w2" custom="readingOrder {index:1;}">
                    <Coords points="1181,4076 1181,4136 1237,4136 1237,4076"/>
                    <TextEquiv>
                        <Unicode>und</Unicode>
                    </TextEquiv>
                </Word>
                <Word id="tr_3_tl_73_w3" custom="readingOrder {index:2;}">
                    <Coords points="1264,4076 1264,4136 1450,4136 1450,4076"/>
                    <TextEquiv>
                        <Unicode>erbitterten</Unicode>
                    </TextEquiv>
                </Word>
                <Word id="tr_3_tl_73_w4" custom="readingOrder {index:3;}">
                    <Coords points="1481,4079 1481,4139 1677,4139 1677,4079"/>
                    <TextEquiv>
                        <Unicode>Widerstand</Unicode>
                    </TextEquiv>
                </Word>
                <Word id="tr_3_tl_73_w5" custom="readingOrder {index:4;}">
                    <Coords points="1704,4079 1704,4139 1781,4139 1781,4079"/>
                    <TextEquiv>
                        <Unicode>aller</Unicode>
                    </TextEquiv>
                </Word>
                <Word id="tr_3_tl_73_w6" custom="readingOrder {index:5;}">
                    <Coords points="1807,4077 1807,4137 1848,4137 1848,4077"/>
                    <TextEquiv>
                        <Unicode>je¬</Unicode>
                    </TextEquiv>
                </Word>
                <TextEquiv>
                    <Unicode>geschlossenen und erbitterten Widerstand aller je¬</Unicode>
                </TextEquiv>
            </TextLine>
            <TextLine id="tr_3_tl_74" custom="readingOrder {index:73;}">
                <Coords points="933,4160 1856,4174 1836,4124 933,4128"/>
                <Baseline points="940,4154 988,4157 1036,4157 1085,4157 1133,4157 1181,4157 1230,4157 1278,4159 1326,4162 1375,4163 1423,4161 1472,4163 1520,4160 1568,4163 1617,4163 1665,4163 1713,4163 1762,4163 1810,4163 1859,4163"/>
                <Word id="tr_3_tl_74_w1" custom="readingOrder {index:0;}">
                    <Coords points="933,4115 933,4175 987,4175 987,4115"/>
                    <TextEquiv>
                        <Unicode>ner</Unicode>
                    </TextEquiv>
                </Word>
                <Word id="tr_3_tl_74_w2" custom="readingOrder {index:1;}">
                    <Coords points="1015,4117 1015,4177 1117,4177 1117,4117"/>
                    <TextEquiv>
                        <Unicode>Kreise</Unicode>
                    </TextEquiv>
                </Word>
                <Word id="tr_3_tl_74_w3" custom="readingOrder {index:2;}">
                    <Coords points="1144,4117 1144,4177 1203,4177 1203,4117"/>
                    <TextEquiv>
                        <Unicode>und</Unicode>
                    </TextEquiv>
                </Word>
                <Word id="tr_3_tl_74_w4" custom="readingOrder {index:3;}">
                    <Coords points="1231,4120 1231,4180 1371,4180 1371,4120"/>
                    <TextEquiv>
                        <Unicode>Mächte,</Unicode>
                    </TextEquiv>
                </Word>
                <Word id="tr_3_tl_74_w5" custom="readingOrder {index:4;}">
                    <Coords points="1394,4121 1394,4181 1442,4181 1442,4121"/>
                    <TextEquiv>
                        <Unicode>die</Unicode>
                    </TextEquiv>
                </Word>
                <Word id="tr_3_tl_74_w6" custom="readingOrder {index:5;}">
                    <Coords points="1464,4121 1464,4181 1534,4181 1534,4121"/>
                    <TextEquiv>
                        <Unicode>ihre</Unicode>
                    </TextEquiv>
                </Word>
                <Word id="tr_3_tl_74_w7" custom="readingOrder {index:6;}">
                    <Coords points="1556,4123 1556,4183 1751,4183 1751,4123"/>
                    <TextEquiv>
                        <Unicode>ästhetischen</Unicode>
                    </TextEquiv>
                </Word>
                <Word id="tr_3_tl_74_w8" custom="readingOrder {index:7;}">
                    <Coords points="1784,4123 1784,4183 1843,4183 1843,4123"/>
                    <TextEquiv>
                        <Unicode>und</Unicode>
                    </TextEquiv>
                </Word>
                <TextEquiv>
                    <Unicode>ner Kreise und Mächte, die ihre ästhetischen und</Unicode>
                </TextEquiv>
            </TextLine>
            <TextEquiv>
                <Unicode></Unicode>
            </TextEquiv>
        </TextRegion>
    </Page>
</PcGts>
