3392 4320
1404 315 1530 375 box
1611 315 1849 375 43/15

304 321 879 381 Schnitzlers
949 321 1181 381 Deatl

668 745 935 805 DOBS

1361 748 1480 808 Re

1084 748 1224 808 NV

758 801 785 861 I.
798 804 919 864 österr.
933 808 1084 868 behördl.
1098 810 1396 870 konzessioniertes

714 845 947 905 Unternehmen
979 846 1028 906 für
1055 852 1445 912 Zeitungs-Ausschnitte

765 901 910 961 WIEN,
938 909 990 969 I.,
1017 912 1296 972 WOLLZEILE
1343 915 1389 975 11

859 957 1076 1017 TELEPHON
1113 963 1288 1023 R-23-0-43

656 1097 884 1157 Ausschnitt
906 1100 998 1160 aus:

1004 1142 1067 1202 Die
1084 1151 1311 1211 Loltbunne,
1320 1154 1425 1214 Berlin

661 1321 773 1381 vom:

1056 1339 1125 1399 -3.
1143 1343 1275 1403 NOV.
1303 1348 1398 1408 1997

548 1751 648 1811 Der
674 1750 1102 1810 Theaterdichter
1137 1747 1414 1807 Schnitzler
1457 1742 1515 1802 von
1542 1742 1667 1802 Alfred
1701 1743 1835 1803 Polgar

578 1824 617 1884 r
648 1811 743 1871 hatte
779 1809 828 1869 als
859 1808 1085 1868 Dramatiker
1121 1806 1191 1866 eine
1227 1805 1262 1865 so
1297 1807 1433 1867 sichere
1469 1806 1528 1866 wie
1564 1802 1694 1862 weiche
1730 1804 1850 1864 Hand.

624 1850 690 1910 Die
727 1854 814 1914 volle
840 1852 969 1912 Plastik
1000 1853 1123 1913 gelang
1155 1852 1206 1912 ihm
1248 1849 1402 1909 weniger
1428 1851 1505 1911 gut,
1526 1851 1577 1911 als
1604 1851 1665 1911 das
1696 1849 1850 1909 formen¬

546 1902 646 1962 zarte
679 1897 816 1957 Relief.

633 1954 679 2014 Er
717 1954 787 2014 war
825 1951 871 2011 ein
914 1952 1170 2012 romantischer
1208 1951 1419 2011 Skeptiker.
1471 1948 1498 2008 In
1536 1948 1653 2008 seinen
1695 1948 1845 2008 Dramen

555 1996 690 2056 werden
728 1997 779 2057 die
812 1996 1007 2056 Versuche,
1031 1996 1091 2056 des
1120 1996 1240 2056 eignen
1273 1993 1478 2053 Schicksals
1507 1993 1665 2053 Schmied
1698 1992 1735 2052 zu
1768 1990 1856 2050 sein,

553 2043 600 2103 als
625 2042 868 2102 ohnmächtig,
888 2040 935 2100 die
965 2040 1242 2100 schrullenhafte
1271 2038 1452 2098 Ordnung,
1472 2036 1495 2096 in
1529 2035 1586 2095 der
1611 2034 1672 2094 das
1697 2034 1845 2094 irdische

551 2088 760 2148 Geschehen
789 2084 932 2144 abrollt,
952 2083 998 2143 als
1026 2084 1362 2144 undurchschaubar
1390 2081 1553 2141 erkannt,
1577 2079 1637 2139 und
1670 2079 1753 2139 über
1782 2078 1847 2138 Tod

555 2133 614 2193 und
649 2131 786 2191 Leben,
821 2127 934 2187 Größe
969 2128 1033 2188 und
1068 2127 1264 2187 Kleinheit,
1304 2125 1437 2185 Wollen
1486 2126 1550 2186 und
1595 2124 1742 2184 Können
1792 2122 1851 2182 das

545 2175 694 2235 Zeichen
732 2174 830 2234 eines
868 2175 1055 2235 wehmütig
1088 2172 1345 2232 fatalistischen
1384 2170 1556 2230 Lächelns
1590 2168 1743 2228 gesetzt.

635 2282 729 2342 Auch
762 2282 827 2342 das
861 2280 992 2340 Bittere
1030 2281 1091 2341 und
1134 2279 1217 2339 Böse
1256 2279 1284 2339 in
1322 2276 1439 2336 seinen
1472 2276 1627 2336 Stücken
1665 2275 1707 2335 ist
1740 2273 1843 2333 unroh

555 2327 774 2387 dargestellt.
821 2326 914 2386 Auch
957 2324 1008 2384 wo
1046 2324 1204 2384 Anklage
1242 2322 1396 2382 erhoben
1434 2318 1536 2378 wird,
1560 2318 1747 2378 geschieht
1780 2317 1854 2377 dies

556 2372 616 2432 mit
640 2372 700 2432 dem
742 2369 947 2429 merkbaren
980 2368 1190 2428 Vorbehalt,
1209 2367 1269 2427 daß
1302 2366 1358 2426 der
1386 2364 1554 2424 Kreatur,
1573 2363 1675 2423 schon
1704 2363 1787 2423 weil
1807 2361 1848 2421 sie

555 2414 631 2474 dies
665 2416 727 2476 ist,
761 2414 952 2474 mildernde
991 2413 1186 2473 Umstände
1225 2411 1450 2471 zuzubilligen
1493 2408 1588 2468 sind.
1637 2405 1761 2465 Selbst
1795 2403 1857 2463 das

556 2456 742 2516 Tragische
772 2458 830 2518 bei
856 2458 1051 2518 Schnitzler
1081 2456 1144 2516 hat
1170 2456 1243 2516 eine
1278 2455 1346 2515 Art
1367 2452 1425 2512 von
1460 2449 1650 2509 Sanftheit.
1681 2450 1837 2510 Langsam

559 2503 667 2563 öffnet
692 2502 756 2562 sich
792 2502 840 2562 die
870 2500 969 2560 Hand
1004 2500 1063 2560 der
1088 2500 1206 2560 Nacht
1236 2500 1295 2560 und
1326 2499 1399 2559 läßt
1424 2497 1488 2557 das
1513 2497 1646 2557 Finstre
1676 2494 1760 2554 frei.
1790 2492 1858 2552 Das

561 2550 690 2610 Unheil
715 2548 850 2608 kommt
875 2547 932 2607 auf
957 2545 1236 2605 Zehenspitzen.

646 2596 673 2656 In
706 2597 766 2657 den
799 2595 944 2655 Dramen
977 2593 1093 2653 dieses
1126 2593 1280 2653 Wieners
1308 2593 1443 2653 scheint
1467 2590 1527 2650 das
1555 2589 1737 2649 Schwarze
1770 2587 1853 2647 noch

560 2638 619 2698 wie
656 2640 1003 2700 konzentriertestes
1036 2637 1136 2697 Blau.

643 2737 860 2797 Schnitzlers
895 2735 1185 2795 Theaterfiguren
1225 2734 1333 2794 haben
1373 2732 1550 2792 Neigung,
1575 2730 1604 2790 in
1644 2730 1708 2790 sich
1748 2727 1860 2787 selbst

554 2781 594 2841 zu
630 2782 807 2842 schauen,
834 2781 895 2841 aus
927 2780 1064 2840 Kellern
1113 2777 1205 2837 ihres
1251 2775 1499 2835 Bewußtseins
1539 2772 1756 2832 Versenktes
1801 2772 1862 2832 ans

564 2826 764 2886 Tageslicht
789 2826 822 2886 zu
851 2823 1014 2883 fördern.
1048 2824 1109 2884 (Ich
1144 2823 1277 2883 schrieb
1312 2820 1440 2880 einmal
1460 2817 1680 2877 respektlos,
1700 2815 1733 2875 er
1757 2814 1857 2874 führe

563 2871 651 2931 seine
681 2868 824 2928 Figuren
859 2867 1071 2927 „innerln".)
1091 2866 1135 2926 Es
1160 2865 1234 2925 sind
1264 2862 1530 2922 geistgepflegte
1560 2858 1777 2918 Menschen,
1797 2858 1861 2918 fein

562 2912 623 2972 und
670 2915 870 2975 verhalten,
903 2912 959 2972 die
1002 2912 1062 2972 auf
1100 2910 1300 2970 gepflegten
1343 2905 1609 2965 Lebenspfaden
1656 2901 1745 2961 lust-
1778 2903 1861 2963 oder

561 2958 863 3018 trauerwandeln.
883 2959 933 3019 Ihr
962 2955 1176 3015 Verhängnis
1200 2954 1260 3014 ist,
1279 2953 1339 3013 daß
1368 2953 1438 3013 sie,
1457 2951 1526 3011 was
1550 2949 1596 3009 sie
1625 2948 1699 3008 tun,
1718 2948 1750 3008 zu
1784 2946 1862 3006 spät

560 3004 644 3064 oder
672 3004 709 3064 zu
738 3004 807 3064 früh
840 3002 919 3062 tun.
962 3000 1008 3060 So
1041 2999 1082 3059 ist
1111 2998 1316 3058 überhaupt
1339 2996 1400 3056 das
1428 2994 1539 3054 Leben
1573 2993 1600 3053 im
1647 2992 1861 3052 Schnitzler¬

559 3049 661 3109 schen
703 3044 862 3104 Spiegel:
895 3044 1012 3104 nichts
1045 3044 1185 3104 kommt
1213 3042 1442 3102 rechtzeitig,
1470 3041 1554 3101 aber
1583 3038 1695 3098 gewiß
1732 3038 1867 3098 kommt

561 3094 620 3154 der
650 3091 743 3151 Tod.
788 3091 862 3151 Und
902 3088 961 3148 vor
991 3088 1045 3148 ihm
1090 3088 1143 3148 die
1179 3087 1282 3147 große
1317 3085 1553 3145 Einsamkeit.

641 3199 815 3259 Zwischen
864 3199 924 3259 den
967 3196 1156 3256 Lebenden
1194 3193 1298 3253 fließt
1332 3193 1383 3253 ein
1426 3190 1605 3250 Dunkles,
1634 3188 1681 3248 sie
1720 3187 1861 3247 reichen

564 3246 717 3306 darüber
746 3246 797 3306 hin
831 3242 881 3302 die
915 3243 1032 3303 Hand,
1056 3241 1139 3301 aber
1168 3240 1257 3300 kaum
1299 3238 1369 3298 ihre
1402 3235 1659 3295 Fingerspitzen
1693 3232 1866 3292 berühren

567 3290 753 3350 einander.
791 3286 865 3346 Wie
902 3283 953 3343 ein
995 3284 1228 3344 Kunstläufer
1261 3281 1358 3341 zieht
1391 3279 1452 3339 das
1485 3276 1675 3336 Schicksal
1704 3273 1861 3333 gewagte

561 3333 720 3393 Kurven,
739 3332 794 3392 die
827 3330 890 3390 sich
927 3329 1032 3389 schön
1070 3328 1133 3388 und
1166 3326 1321 3386 sinnvoll
1344 3322 1550 3382 ineinander
1583 3319 1784 3379 schlingen,
1807 3315 1875 3375 Be¬

558 3380 743 3440 ziehungen
786 3374 1054 3434 verschwinden
1097 3372 1252 3432 spurlos,
1287 3369 1416 3429 wirken
1456 3363 1688 3423 unterirdisch
1732 3362 1873 3422 weiter,

568 3423 708 3483 tauchen
746 3420 1004 3480 überraschend
1042 3417 1172 3477 wieder
1201 3414 1261 3474 ans
1295 3411 1510 3471 Tageslicht,
1534 3408 1725 3468 Parallelen
1759 3406 1866 3466 gehen

568 3467 664 3527 lange
696 3463 999 3523 nebeneinander,
1022 3462 1074 3522 bis
1102 3459 1145 3519 sie
1177 3458 1375 3518 erkennen,
1397 3455 1454 3515 daß
1485 3454 1529 3514 sie
1556 3452 1622 3512 sich
1657 3450 1727 3510 erst
1754 3450 1780 3510 in
1812 3451 1868 3511 der

569 3509 844 3569 Unendlichkeit
868 3506 1082 3566 schneiden,
1106 3502 1227 3562 Sieger
1261 3500 1395 3560 werden
1433 3497 1587 3557 besiegt,
1611 3494 1760 3554 festeste
1793 3494 1872 3554 Bin¬

567 3555 699 3615 dungen
736 3554 872 3614 reißen,
900 3551 996 3611 zarte
1028 3548 1202 3608 erweisen
1234 3545 1302 3605 sich
1339 3544 1430 3604 stark
1467 3542 1530 3602 wie
1563 3539 1818 3599 Eisenketten.

661 3607 684 3667 In
717 3605 931 3665 Schnitzlers
960 3598 1216 3658 dichterischem
1263 3595 1463 3655 Charakter
1492 3589 1753 3649 verschmelzen
1791 3589 1874 3649 Hei¬

568 3652 699 3712 terkeit
727 3648 786 3708 des
823 3644 982 3704 Herzens
1024 3643 1087 3703 und
1128 3641 1365 3701 Melancholie
1407 3637 1470 3697 des
1502 3635 1666 3695 Geistes.
1712 3635 1757 3695 Er
1803 3632 1871 3692 war

573 3692 792 3752 mißtrauisch
830 3690 936 3750 gegen
974 3688 1114 3748 diesen.
1166 3685 1235 3745 Den
1273 3684 1389 3744 Boden
1427 3679 1543 3739 seines
1577 3676 1702 3736 Werks
1735 3676 1866 3736 decken

572 3739 679 3799 welke
717 3737 852 3797 Blätter
885 3735 945 3795 vom
997 3735 1090 3795 Baum
1137 3732 1197 3792 der
1231 3729 1459 3789 Erkenntnis.
1502 3725 1548 3785 Er
1576 3721 1791 3781 verwertete
1824 3719 1874 3779 ir

573 3784 746 3844 Rascheln
781 3780 1031 3840 musikalisch.

662 3879 693 3939 In
730 3878 793 3938 der
825 3876 1033 3936 wienerisch
1069 3873 1223 3933 weichen
1264 3869 1341 3929 Luft
1373 3867 1486 3927 seiner
1522 3865 1780 3925 Bühnenspiele
1816 3862 1875 3922 hat

569 3927 650 3987 noch
684 3926 737 3986 die
776 3924 890 3984 Satire
925 3921 1078 3981 Gemüt,
1108 3918 1160 3978 die
1199 3915 1420 3975 Langeweile
1459 3912 1608 3972 Anmut,
1642 3909 1694 3969 die
1733 3907 1877 3967 Gleich¬

572 3971 759 4031 gültigkeit
784 3968 927 4028 Kultur;
952 3966 1011 4026 und
1046 3964 1110 4024 alle
1140 3960 1352 4020 Oberfläche
1382 3959 1455 4019 eine
1485 3957 1702 4017 Opalfarbe,
1717 3954 1766 4014 die
1801 3948 1879 4008 ver¬

575 4017 686 4077 hehlt,
712 4015 746 4075 ob
782 4014 833 4074 die
864 4011 975 4071 Stelle
1006 4011 1117 4071 seicht
1148 4008 1193 4068 ist
1219 4007 1305 4067 oder
1336 4005 1416 4065 tief.

1802 4111 1875 4171 679
