3344 4352
273 171 307 231 ae
333 168 522 228 Bontae
535 165 547 225 s
572 164 702 224 onat
727 159 870 219 noeen
907 157 917 217 e
966 154 1072 214 eee

205 207 327 267 werken
368 205 510 265 spreekt
542 201 577 261 de
618 198 815 258 omgeving,
848 192 970 252 waarin
1011 192 1065 252 hij
1097 189 1125 249 te

214 246 351 306 Weenen
378 244 405 304 in
433 243 468 303 de
492 240 612 300 tweede
636 237 726 297 helft
746 234 804 294 der
824 231 933 291 vorige
957 228 1034 288 eeuw
1070 227 1128 287 op¬

212 284 361 344 groeide.
377 282 432 342 Als
452 279 526 339 zoon
558 276 617 336 van
645 274 699 334 een
727 271 876 331 medisch
908 265 1132 325 hoogleeraar

211 322 273 382 aan
320 318 359 378 de
403 318 586 378 Weensche
630 311 868 371 universiteit,
900 304 973 364 met
1013 301 1130 361 tevens

209 360 326 420 groote
366 354 628 414 belangstelling
668 349 746 409 voor
785 347 891 407 kunst
919 343 950 403 en
986 341 1126 401 letteren

211 397 246 457 en
278 395 325 455 die
349 394 411 454 dan
439 392 494 452 ook
526 390 588 450 vele
616 386 750 446 geziene
774 382 915 442 artisten
947 380 1048 440 onder
1072 377 1131 437 zijn

213 434 386 494 patienten
423 430 528 490 telde,
549 425 732 485 verkeerde
765 422 817 482 hij
838 419 935 479 sinds
963 416 1020 476 zijn
1057 415 1133 475 jon¬

210 470 388 530 gensjaren
419 467 447 527 in
479 466 538 526 het
562 463 759 523 gezelschap
791 458 849 518 van
882 455 917 515 de
945 455 1035 515 beste
1063 451 1138 511 ver¬

216 508 529 568 tegenwoordigers
557 503 611 563 der
639 497 901 557 universitaire-
929 494 960 554 en
996 491 1136 551 kunste¬

219 545 493 605 naarskringen,
509 540 678 600 benevens
699 535 872 595 degenen,
889 533 937 593 die
962 531 1026 591 zich
1058 527 1138 587 daar

215 583 412 643 gewoonlijk
449 580 505 640 ook
538 577 662 637 gaarne
700 573 877 633 bewegen,
897 568 934 628 de
970 565 1135 625 vooraan-

219 621 390 681 staanden
423 619 469 679 uit
494 615 786 675 handelskringen
820 610 852 670 en
886 604 1111 664 bankwezen.

261 658 294 718 In
332 656 510 716 navolging
548 652 605 712 van
643 650 701 710 den
739 646 843 706 vader
877 646 959 706 gaat
989 643 1026 703 de
1055 643 1134 703 zoon

221 697 297 757 voor
338 694 459 754 dokter
499 688 676 748 studeeren
726 687 762 747 en
811 685 936 745 vestigt
976 682 1065 742 zich,
1097 679 1137 739 na

222 734 345 794 vooraf
372 733 431 793 aan
466 727 756 787 buitenlandsche
787 723 979 783 klinieken,
1001 718 1026 778 te
1061 718 1141 778 heb¬

222 772 282 832 ben
321 769 488 829 gewerkt,
510 764 703 824 omstreeks
734 760 806 820 1895
841 759 893 819 als
923 754 1146 814 militair-ge-

221 807 407 867 neesheer.
428 806 494 866 Zoo
532 801 639 861 wordt
669 798 892 858 Schnitzler's
926 792 1137 852 kennisn

227 847 288 907 het
310 844 420 904 milieu
447 843 503 903 der
530 841 692 901 „hoogere
719 835 886 895 standen”
913 831 939 891 in
971 831 1027 891 het
1054 828 1146 888 Wee¬

224 885 288 945 nen
335 882 395 942 van
442 879 630 939 omnstreeks
673 876 762 936 1900,
797 870 1031 930 vermeerderd
1075 867 1147 927 met

219 922 283 982 zijn
340 918 538 978 ervaringen
594 915 624 975 in
676 914 740 974 het
788 908 1158 968 officierenwereldje,

226 958 318 1018 waar
342 954 661 1014 standsbewustzijn
694 950 730 1010 en
759 948 1020 1008 vormendienst
1045 945 1149 1005 hoog¬

229 995 272 1055 tij
304 995 437 1055 vieren,
464 992 525 1052 wel
557 990 720 1050 volledig.
747 986 805 1046 Hij
832 986 862 1046 is
894 984 951 1044 een
992 980 1049 1040 der
1084 980 1159 1040 best

228 1034 435 1094 ingevoerde
465 1029 555 1089 leden
593 1028 651 1088 van
685 1027 746 1087 dat
772 1022 1008 1082 kunstmatige
1037 1019 1153 1079 maat¬

227 1067 873 1127 schappijtje-in-de-maatschappij,
904 1058 1046 1118 hetwelk
1090 1058 1147 1118 zijn

221 1112 313 1172 leven
351 1110 440 1170 leidt
465 1106 697 1166 afgezonderd
735 1102 768 1162 en
807 1100 857 1160 ten
895 1097 992 1157 koste
1026 1097 1084 1157 van
1123 1095 1156 1155 de

228 1148 348 1208 groote
374 1146 507 1206 massa,
529 1145 554 1205 in
589 1144 627 1204 de
657 1140 893 1200 overtuiging,
915 1138 975 1198 dat
1001 1135 1061 1195 het
1087 1133 1155 1193 uit¬

231 1186 380 1246 sluitend
407 1183 459 1243 zoo
486 1182 631 1242 behoort
654 1178 684 1238 te
707 1178 790 1238 zijn,
804 1176 932 1236 zonder
954 1174 1064 1234 begrip
1095 1171 1152 1231 van

228 1225 352 1285 sociale
383 1222 537 1282 nooden,
555 1218 679 1278 zonder
705 1216 761 1276 oog
791 1213 872 1273 voor
899 1213 932 1273 de
959 1210 1027 1270 zich
1058 1210 1156 1270 lang¬

228 1264 311 1324 zaam
378 1260 625 1320 voltrekkende
682 1252 954 1312 veranderingen
1015 1249 1141 1309 rondom

234 1301 334 1361 hen.

281 1339 345 1399 Van
376 1338 436 1398 den
467 1335 612 1395 beginne
643 1333 678 1393 af
703 1332 764 1392 aan
794 1327 995 1387 openbaart
1016 1324 1081 1384 zich
1117 1323 1166 1383 bij

237 1377 292 1437 den
322 1376 443 1436 jongen
473 1374 627 1434 medicus
649 1370 697 1430 als
719 1366 950 1426 medewerker
972 1362 1032 1422 aan
1063 1359 1161 1419 aller¬

235 1416 281 1476 lei
301 1413 561 1473 tüdschriften,
575 1405 895 1465 schrijverstalent.
910 1402 975 1462 Zal
989 1401 1049 1461 het
1073 1399 1151 1459 gaan

233 1454 323 1514 naar
365 1452 405 1512 de
446 1449 600 1509 typische
641 1445 850 1505 burgerlijke
896 1440 1095 1500 schrijverij
1128 1437 1163 1497 of

239 1491 329 1551 naar
351 1489 466 1549 critiek
492 1489 526 1549 op
557 1486 591 1546 de
613 1485 792 1545 onzuivere
814 1479 1024 1539 atmosfeer,
1038 1476 1161 1536 waarin

242 1530 293 1590 hij
321 1528 493 1588 verkeert.
513 1524 787 1584 Onverbiddelijk
820 1518 964 1578 gebeurt
993 1515 1053 1575 het
1077 1515 1169 1575 laat-

237 1566 307 1626 ste.
331 1565 526 1625 Schnitzler
555 1562 653 1622 heeft
681 1559 741 1619 van
775 1557 811 1617 af
840 1555 901 1615 zijn
939 1553 1045 1613 eerste
1079 1550 1171 1610 regel

242 1606 436 1666 schriftuur
478 1602 554 1662 blijk
600 1598 745 1658 gegeven
791 1595 859 1655 zich
909 1592 981 1652 niet
1018 1589 1081 1649 aan
1127 1589 1167 1649 de

241 1643 417 1703 onsociale
443 1640 644 1700 toestanden
679 1634 708 1694 te
735 1634 871 1694 kunnen
902 1628 1120 1688 aanpassen.

290 1679 538 1739 Voornamelijk
566 1677 593 1737 is
616 1675 652 1735 de
675 1670 861 1730 aandacht
884 1667 1015 1727 gericht
1038 1667 1074 1727 op
1102 1667 1165 1727 zijn

246 1721 340 1781 eigen
378 1717 541 1777 kringen.
569 1713 700 1773 Slechts
733 1709 869 1769 zelden,
891 1704 1006 1764 zooals
1039 1703 1065 1763 in
1102 1703 1165 1763 zijn

244 1756 376 1816 eersten
416 1750 896 1810 bundeltweegesprekken.
919 1741 1082 1801 „Anatol"
1118 1737 1174 1797 ge¬

251 1794 344 1854 titeld
372 1795 404 1855 en
433 1793 493 1853 het
512 1792 586 1852 spel
610 1787 792 1847 „Reigen",
806 1784 890 1844 gaat
914 1781 965 1841 hij
984 1777 1096 1837 buiten
1124 1777 1175 1837 die

247 1834 418 1894 grenzen,
432 1828 785 1888 naarvoorstad,
803 1822 889 1882 naar
912 1819 970 1879 het
993 1816 1174 1876 soldaten¬

252 1872 409 1932 kroegje,
424 1869 610 1929 gelijk-ook
639 1862 773 1922 vrijwel
793 1859 993 1919 uitsluitend
1027 1855 1165 1915 Weenen

247 1910 312 1970 zijn
346 1908 652 1968 operatie-terrein
686 1901 799 1961 blijft.

292 1947 335 2007 En
369 1946 413 2006 nu
446 1944 473 2004 is
501 1943 551 2003 dit
579 1941 639 2001 het
668 1938 861 1998 bijzondere
889 1936 921 1996 in
956 1933 1176 1993 Schnitzler's

250 1983 571 2043 persoonlijkheid:
598 1978 668 2038 niet
695 1977 744 2037 als
775 1975 832 2035 een
868 1974 1061 2034 strijdbaar
1088 1968 1185 2028 held,

255 2025 324 2085 let
353 2025 399 2085 als
423 2024 473 2084 een
506 2019 696 2079 aanlager
720 2014 789 2074 met
809 2013 1003 2073 vlammend
1031 2010 1184 2070 zwaard,

251 2064 339 2124 gaat
367 2061 418 2121 hij
446 2060 473 2120 te
511 2058 594 2118 werk
627 2056 654 2116 in
692 2055 752 2115 ziin
790 2049 1077 2109 tentoonstelling
1115 2046 1170 2106 van

255 2098 467 2158 misstanden
498 2097 531 2157 en
567 2094 656 2154 zieke
686 2092 818 2152 vormen
853 2088 908 2148 der
934 2085 1190 2145 samenleving,

251 2138 372 2198 eerder
400 2136 454 2196 zou
491 2135 563 2195 men
595 2134 740 2194 zeggen,
759 2129 821 2189 dat
849 2128 903 2188 hij
927 2126 1021 2186 staat
1049 2124 1098 2184 als
1126 2122 1184 2182 het

251 2176 463 2236 slachtoffer
491 2171 662 2231 daarvan.
676 2169 739 2229 Een
772 2165 934 2225 mensch,
953 2164 1002 2224 die
1030 2162 1088 2222 het
1111 2161 1183 2221 niet

259 2214 443 2274 verdragen
478 2211 561 2271 kan,
584 2210 618 2270 om
663 2207 693 2267 in
724 2205 812 2265 zoo’n
847 2203 1014 2263 bedorven
1050 2199 1181 2259 atmos¬

262 2253 329 2313 feer
361 2252 393 2312 te
429 2249 543 2309 leven,
571 2248 629 2308 ook
666 2245 816 2305 zichzelf
849 2240 1002 2300 schuldig
1044 2237 1180 2297 voelend

259 2293 308 2353 als
336 2291 395 2351 ten
431 2288 536 2348 slotte
572 2285 644 2345 toch
686 2282 740 2342 een
781 2281 840 2341 der
877 2279 1017 2339 hunnen
1058 2277 1090 2337 en
1136 2276 1185 2336 die

255 2330 366 2390 onder
395 2328 455 2388 hen
488 2326 600 2386 blijft,
624 2323 782 2383 ondanks
810 2320 870 2380 zijn
904 2318 987 2378 open
1020 2317 1076 2377 oog
1109 2312 1187 2372 voor

260 2365 295 2425 de
328 2363 694 2423 onhoudbaarheden.
722 2358 781 2418 Dit
809 2356 989 2416 verklaart
1017 2353 1080 2413 het
1108 2353 1180 2413 diep

259 2404 535 2464 melancholieke
568 2401 626 2461 van
668 2399 703 2459 al
727 2397 790 2457 zijn
827 2395 926 2455 proza
963 2393 994 2453 en
1031 2392 1108 2452 toon

263 2446 370 2506 werk.
390 2443 429 2503 Er
454 2442 483 2502 is
509 2440 611 2500 groot
636 2435 837 2495 medelijden
876 2432 944 2492 met
975 2431 1009 2491 de
1039 2430 1195 2490 figuren,

260 2483 312 2543 die
346 2481 403 2541 hij
427 2479 618 2539 uitbeeldt,
643 2476 700 2536 ook
739 2473 940 2533 medelijden
983 2468 1098 2528 a.h.w.
1122 2466 1193 2526 met

257 2520 429 2580 zichzelve
460 2517 490 2577 en
526 2516 579 2576 een
610 2515 751 2575 gedurig
778 2509 914 2569 treuren
945 2508 980 2568 om
1024 2505 1090 2565 wat
1117 2502 1192 2562 ver¬

263 2559 352 2619 loren
386 2556 484 2616 gaat,
506 2554 540 2614 om
587 2553 625 2613 de
660 2550 834 2610 waarden,
860 2547 907 2607 die
937 2544 1180 2604 zienderoogen

266 2596 484 2656 verkleinen,
498 2593 548 2653 als
571 2591 629 2651 het
648 2589 743 2649 elken
771 2588 830 2648 dag
857 2586 1066 2646 duidelijker
1090 2580 1193 2640 wordt

259 2634 324 2694 hoe
351 2634 514 2694 datgene,
532 2632 598 2692 wat
620 2630 695 2690 lang
722 2625 956 2685 aannemelijk
983 2622 1071 2682 leek,
1089 2619 1190 2679 onder

259 2674 322 2734 het
350 2673 414 2733 dun
451 2670 564 2730 vernis
592 2667 651 2727 van
688 2664 939 2724 gemoedelijke
971 2661 1135 2721 welvaart
1162 2658 1189 2718 in

265 2710 371 2770 wezen
407 2709 619 2769 ondragelijk
655 2706 721 2766 leed
757 2703 872 2763 bergt.

306 2748 437 2808 Arthur
475 2744 670 2804 Schnitzler
709 2740 736 2800 is
774 2738 830 2798 een
877 2738 999 2798 scherp
1036 2735 1195 2795 ontleder

273 2788 326 2848 van
363 2786 426 2846 het
454 2783 658 2843 zieleleven,
681 2780 717 2840 de
750 2777 881 2837 invloed
918 2775 976 2835 van
1013 2772 1053 2832 de
1085 2771 1194 2831 werk-

265 2825 357 2885 wljze
389 2825 446 2885 der
477 2819 768 2879 psycho-analyse
804 2813 1187 2873 (zielsontleedkunde)

270 2863 318 2923 die
367 2861 473 2921 Freud
522 2861 588 2921 aan
642 2858 681 2918 de
730 2855 915 2915 Weensche
965 2852 1199 2912 hoogeschool

273 2903 413 2963 bracht,
441 2900 468 2960 is
501 2899 559 2959 ook
596 2897 654 2957 hem
709 2895 782 2955 niet
814 2891 1104 2951 voorbijgegaan.
1128 2888 1195 2948 Hoe

274 2941 449 3001 volkomen
483 2935 534 2995 hij
556 2934 594 2994 de
624 2932 709 2992 teere
740 2930 906 2990 roerselen
940 2928 1000 2988 van
1034 2927 1068 2987 de
1098 2927 1196 2987 men¬

275 2979 438 3039 schelijke
465 2976 530 3036 ziel
549 2971 778 3031 doorgrondt,
800 2968 928 3028 konden
964 2967 1021 3027 wij
1044 2965 1193 3025 verleden

270 3020 349 3080 jaar
393 3014 561 3074 ervaren,
596 3010 671 3070 toen
724 3007 905 3067 Charlotte
954 3004 1086 3064 Köhler
1131 3004 1192 3064 zijn

270 3055 512 3115 alleenspraak
557 3044 733 3104 „Fräulein
782 3044 874 3104 Else”
919 3043 1015 3103 heeft
1056 3042 1196 3102 voorge¬

275 3095 419 3155 drager.
442 3091 487 3151 De
519 3087 685 3147 schrijver
718 3085 794 3145 laat
826 3082 979 3142 Fräulein
1021 3082 1110 3142 Else,
1134 3082 1187 3142 een

274 3132 375 3192 jonge
411 3129 543 3189 vrouw,
566 3125 613 3185 die
645 3124 698 3184 ten
733 3124 852 3184 slotte,
879 3121 927 3181 als
959 3121 993 3181 al
1016 3121 1104 3181 haar
1135 3117 1205 3177 uit¬

272 3170 405 3230 zichten
441 3166 497 3226 ein
530 3164 611 3224 voor
639 3161 692 3221 een
732 3159 943 3219 verduisterd
980 3158 1133 3218 worden,
1153 3155 1205 3215 tot

274 3207 457 3267 zelfmoord
491 3201 603 3261 komt,
621 3201 645 3261 in
679 3200 733 3260 een
767 3196 1080 3256 onverbiddelijken
1114 3195 1201 3255 gang

269 3246 360 3306 haar
386 3243 576 3303 gedachten
611 3239 805 3299 afkluwen.
827 3236 887 3296 Een
922 3234 1064 3294 bittere,
1082 3232 1202 3292 huive¬

275 3280 545 3340 ringwekkende
597 3279 768 3339 tragedie,
806 3276 857 3336 die
909 3276 955 3336 bij
997 3273 1197 3333 Strindberg

277 3321 384 3381 haars
411 3320 554 3380 gelijken
596 3315 707 3375 vindt.

324 3359 386 3419 Een
428 3356 594 3416 gedurfde
626 3353 820 3413 aanklacht
852 3350 947 3410 tegen
983 3347 1195 3407 misstanden

281 3398 310 3458 in
349 3397 525 3457 medische
565 3393 702 3453 kringen
741 3389 775 3449 en
819 3389 865 3449 bij
896 3387 956 3447 het
987 3386 1210 3446 ziekenhuis¬

285 3437 388 3497 wezen
431 3434 499 3494 was
534 3432 594 3492 zijn
633 3428 731 3488 groot
762 3428 839 3488 spel
869 3425 1066 3485 „Professor
1101 3422 1208 3482 Bern¬

283 3475 423 3535 hardi”.
442 3473 482 3533 De
510 3470 641 3530 titelrol
665 3468 746 3528 werd
774 3465 937 3525 indertijd
965 3462 1042 3522 door
1065 3461 1205 3521 Schwar

286 3512 467 3572 gespeeld.
505 3509 714 3569 „Liebelei",
752 3505 807 3565 een
863 3502 923 3562 van
980 3500 1207 3560 Schnitzler's

285 3550 393 3610 eerste
426 3547 735 3607 tooneelstukken,
760 3543 785 3603 is
818 3541 939 3601 overal
965 3538 1014 3598 ten
1057 3537 1210 3597 tooneele

285 3589 474 3649 gebracht.
492 3585 561 3645 Het
588 3583 684 3643 reeds
716 3580 904 3640 genoemde
936 3577 1124 3637 „Reigen”,
1142 3574 1203 3634 van

287 3629 335 3689 fel
358 3625 499 3685 erotisch
535 3622 721 3682 karakter,
739 3620 765 3680 in
800 3617 875 3677 1897
902 3614 1132 3674 geschreven,
1150 3613 1207 3673 kon

286 3668 347 3728 pas
374 3667 400 3727 in
441 3664 510 3724 1920
542 3661 577 3721 de
609 3661 714 3721 eerste
746 3657 913 3717 Duitsche
940 3654 1126 3714 opvoering
1157 3650 1214 3710 be¬

288 3703 405 3763 leven.
437 3703 505 3763 Zijn
551 3699 705 3759 grootste
746 3696 891 3756 roman.
923 3693 1009 3753 „Der
1042 3690 1114 3750 Weg
1159 3691 1213 3751 ins

290 3741 421 3801 Freie”,
448 3738 557 3798 speelt
589 3736 615 3796 in
660 3735 800 3795 Weenen
840 3732 998 3792 omtrent
1030 3727 1064 3787 de
1100 3726 1210 3786 eeuw-

292 3780 427 3840 wende.
446 3778 511 3838 Het
534 3775 701 3835 gedurfde
730 3771 929 3831 „Leutnant
953 3768 1073 3828 Gustl”
1102 3765 1208 3825 kostte

288 3819 352 3879 hem
393 3816 452 3876 zijn
485 3814 646 3874 militaire
674 3810 815 3870 positie.

416 3852 649 3912 memoreeren
678 3849 851 3909 hiermede
879 3847 1005 3907 slechts
1029 3843 1145 3903 enkele
1169 3843 1220 3903 uit

291 3898 333 3958 de
358 3893 593 3953 aanzienlijke
617 3888 689 3948 lijst
714 3887 771 3947 van
805 3885 963 3945 werken.

340 3931 409 3991 Met
448 3929 577 3989 Arthur
615 3926 782 3986 Schitzler
821 3923 847 3983 is
885 3923 938 3983 een
987 3920 1111 3980 auteur
1150 3917 1208 3977 van

294 3968 553 4028 Europeeschen
597 3965 685 4025 naam
747 3959 994 4019 heengegaan,
1029 3956 1077 4016 die
1122 3956 1218 4016 thuis

296 4009 401 4069 hoort
433 4006 464 4066 in
507 4004 564 4064 den
613 4004 707 4064 kring
750 3999 808 4059 van
856 3998 1077 4058 Strindberg,
1104 3992 1225 4052 Ibsen,

298 4046 518 4106 Hauptman,
536 4041 737 4101 Andrejew.

568 4192 721 4252 Nieuwe
756 4194 965 4254 nitoaven.

1506 760 1744 820 Unternehmen
1773 762 1822 822 für
1849 763 2002 823 Zeitung.

1563 822 1712 882 WIEN,
1740 822 1787 882 I.,
1816 825 2102 885 WOLLZEILE
2144 824 2190 884 11

1662 872 1876 932 TELEPHON
1914 873 2091 933 R-23-0-43

1460 1013 1684 1073 Ausschnitt
1715 1014 1802 1074 aus:

1857 1240 2035 1300 Rotterda

1826 1297 1990 1357 Courant

1756 1380 1833 1440 23

2008 1385 2058 1445 93

2596 1500 2761 1560 loodzwaar
2790 1494 2976 1554 dramatisch
3005 1491 3141 1551 gedicht,
3159 1488 3237 1548 alsof
3255 1486 3271 1546 h

2593 1538 2729 1598 Gerhart
2751 1535 2949 1595 Hauptniann
2980 1530 3011 1590 en
3042 1527 3103 1587 niet
3126 1527 3178 1587 van
3210 1527 3258 1587 den

2591 1575 2637 1635 ler
2661 1574 2772 1634 kwam,
2792 1572 2842 1632 en,
2861 1568 2996 1628 verleden
3024 1568 3107 1628 jaar,
3127 1565 3173 1625 een
3201 1565 3275 1625 zwal

1517 1588 1731 1648 Arthur
1766 1582 2100 1642 Schnitzler
2136 1577 2221 1637 als
2256 1570 2530 1630 tooneel¬

2592 1616 2649 1676 dat
2668 1613 2783 1673 alreeds
2803 1613 2827 1673 in
2856 1610 2908 1670 den
2934 1607 3000 1667 titel
3015 1607 3068 1667 het
3087 1604 3269 1664 dramatisch

2596 1655 2631 1715 de
2668 1652 2872 1712 dramatische
2908 1645 3062 1705 noodzaak
3099 1643 3275 1703 medevoert

1873 1657 2154 1717 schrijver

2594 1691 2851 1751 Sommerlüfte".
2876 1685 2942 1745 Wat
2966 1682 3138 1742 Schnitzler
3167 1683 3209 1743 „te
3239 1683 3286 1743 zes

2595 1731 2640 1791 als
2663 1727 2929 1787 tooneelschrijver
2957 1724 3137 1784 beteekende
3160 1721 3187 1781 en
3219 1721 3273 1781 nog

1560 1742 1621 1802 Zijn
1650 1740 1812 1800 vijftigsten
1841 1735 2017 1795 verjaardag
2041 1732 2093 1792 kon
2122 1730 2184 1790 men
2213 1729 2265 1789 nog
2294 1726 2384 1786 vieren
2413 1724 2475 1784 met
2495 1721 2542 1781 een

2594 1771 2643 1831 lag
2678 1768 2747 1828 voór
2777 1767 2826 1827 zijn
2861 1764 3009 1824 vüjftigste
3039 1760 3127 1820 jaar.
3148 1759 3266 1819 Wellich

1522 1782 1625 1842 cyclus
1660 1779 1709 1839 van
1747 1774 1876 1834 veertien
1910 1771 2130 1831 feestavonden
2164 1765 2217 1825 aan
2255 1764 2305 1824 één
2339 1761 2480 1821 theater.
2510 1759 2551 1819 Nu

2600 1807 2712 1867 waarin
2740 1805 2791 1865 wij
2810 1804 2917 1864 thans,
2932 1801 2964 1861 na
2993 1801 3043 1861 den
3072 1801 3188 1861 oorlog,
3208 1798 3281 1858 totd

1521 1819 1585 1879 men
1616 1818 1658 1878 bij
1676 1817 1727 1877 zijn
1758 1813 1826 1873 dood
1857 1813 1886 1873 de
1913 1810 2063 1870 plannen,
2081 1809 2123 1869 die
2145 1807 2209 1867 men
2240 1802 2308 1862 voor
2330 1801 2386 1861 het
2408 1798 2553 1858 komende

2607 1850 2640 1910 de
2661 1847 2808 1907 blijvende
2837 1842 3004 1902 beteekenis
3032 1838 3160 1898 daarvan
3188 1837 3281 1897 kan!

1518 1859 1677 1919 voorjaar,
1695 1854 1832 1914 wanneer
1854 1852 1901 1912 hij
1918 1851 1969 1911 zijn
1996 1846 2202 1906 zeventigsten
2224 1843 2335 1903 gevierd
2358 1840 2404 1900 zou
2426 1837 2555 1897 hebben,

1521 1897 1606 1957 moet
1637 1894 1834 1954 vervroegen,
1843 1891 1898 1951 ziet
1924 1889 2010 1949 men,
2019 1887 2070 1947 hoe
2105 1885 2139 1945 de
2169 1882 2400 1942 belangstelling
2431 1876 2550 1936 geslon¬

3053 1887 3122 1947 ..

1527 1937 1578 1997 ken
1613 1935 1655 1995 is:
1678 1933 1729 1993 een
1759 1931 1788 1991 of
1815 1930 1883 1990 twee
1914 1929 2055 1989 reprises,
2077 1927 2106 1987 en
2142 1924 2192 1984 dan
2227 1921 2279 1981 nog
2309 1918 2394 1978 liefst
2420 1916 2472 1976 van
2502 1915 2553 1975 een

2633 1947 2663 2007 In
2694 1947 2738 2007 een
2769 1943 2917 2003 biografie
2936 1940 3004 2000 over
3023 1938 3133 1998 Joseph
3159 1936 3270 1996 Kainz,

1533 1972 1668 2032 virtuoos
1693 1970 1851 2030 jeugdstuk
1888 1967 1934 2027 als
1959 1965 2141 2025 „Liebelei".
2159 1959 2336 2019 Schnitzler
2360 1957 2389 2017 is
2419 1956 2472 2016 van
2502 1952 2560 2012 het

2599 1985 2708 2045 acteur
2732 1985 2775 2045 bij
2799 1980 3066 2040 uitnemendheid,
3081 1977 3109 2037 is
3129 1974 3257 2034 onlangs

1529 2010 1687 2070 geregelde
1716 2009 1882 2069 repertoire
1915 2001 2114 2061 verdwenen.

1571 2051 1599 2111 In
1628 2051 1680 2111 ons
1709 2049 1775 2109 land
1804 2045 1890 2105 sinds
1914 2043 2019 2103 jaren:
2038 2040 2124 2100 hier,
2139 2039 2219 2099 waar
2243 2036 2305 2096 men
2339 2034 2410 2094 deze
2435 2031 2558 2091 gecom-
2601 2025 2677 2085 aard
2706 2023 2763 2083 (die
2787 2021 2839 2081 van
2864 2019 2978 2079 Kainz,
2993 2016 3040 2076 die
3060 2014 3111 2074 van
3136 2012 3288 2072 Schnitzle

2604 2064 2643 2124 als
2669 2063 2714 2123 een
2745 2061 2910 2121 mengeling
2936 2058 2992 2118 van
3018 2052 3173 2112 overmoed
3199 2052 3229 2112 en
3254 2052 3284 2112 ve

1530 2090 1679 2150 pliceerde
1706 2088 1737 2148 en
1764 2085 1891 2145 subtiele
1914 2082 2112 2142 stemmingen
2140 2076 2254 2136 slechts
2277 2075 2303 2135 in
2330 2073 2444 2133 kleinen
2476 2070 2559 2130 krine

1530 2129 1613 2189 bleef
1637 2126 1822 2186 waardeeren
1851 2124 1883 2184 en
1911 2122 1962 2182 het
1985 2121 2087 2181 belang
2116 2118 2148 2178 en
2176 2116 2208 2176 de
2232 2113 2473 2173 levenshouding
2497 2108 2552 2168 van
2603 2103 2677 2163 door
2711 2100 2761 2160 den
2799 2096 3040 2156 voortdurenden
3077 2093 3184 2153 twijfel
3212 2089 3267 2149 aan

2598 2141 2655 2201 aan
2684 2138 2815 2198 zichzelf
2844 2136 2911 2196 deed
2941 2133 3114 2193 Schnitzler
3144 2130 3167 2190 in
3197 2130 3292 2190 hooge

1531 2166 1597 2226 deze
1631 2165 1802 2225 eindelooze
1828 2160 1915 2220 reeks
1940 2158 2132 2218 nuttelooze,
2149 2153 2328 2213 overbodige
2358 2152 2387 2212 en
2420 2149 2450 2209 in
2479 2146 2562 2206 zich¬

2604 2178 2771 2238 veelvuldig
2804 2176 2836 2236 en
2874 2171 3078 2231 geraffineerd
3111 2165 3279 2225 ondersche

1531 2204 1593 2264 zelf
1618 2204 1772 2264 verwarde
1801 2199 1955 2259 aestheten
1993 2195 2096 2255 weinig
2126 2191 2408 2251 tegemoetkomend
2446 2184 2562 2244 behan¬

1536 2245 1635 2305 delde,
1650 2242 1735 2302 heeft
1755 2241 1822 2301 men
1846 2237 2027 2297 nauwelijks
2047 2232 2165 2292 acteurs
2190 2231 2218 2291 en
2247 2230 2414 2290 regisseurs
2434 2225 2581 2285 gekend,,
2610 2218 2739 2278 eendere
2763 2213 2939 2273 zelfportret
2959 2210 3164 2270 teruggaande
3193 2208 3254 2268 type

2606 2258 2635 2318 en
2689 2254 2856 2314 verfijnden
2905 2251 3146 2311 levensgenieter
3190 2245 3278 2305 voegt

1533 2282 1577 2342 die
1601 2282 1609 2342 —
1655 2285 1740 2345 gelijk
1773 2279 1867 2339 elders
1890 2276 1903 2336 —
1945 2276 1971 2336 in
2004 2275 2035 2335 de
2063 2273 2171 2333 school
2190 2270 2244 2330 van
2276 2267 2448 2327 Schnitzler
2471 2265 2556 2325 groot

2606 2299 2751 2359 diagnose
2782 2294 2849 2354 toe,
2871 2290 2927 2350 dat
2954 2289 3000 2349 dit
3031 2287 3098 2347 type
3130 2285 3280 2345 overleefd

1533 2321 1668 2381 werden.
1686 2321 1740 2381 Een
1773 2318 1877 2378 enkele
1904 2314 2094 2374 voorstelling
2122 2312 2171 2372 van
2203 2307 2357 2367 Professor
2385 2303 2570 2363 Bernhardi,

2606 2335 2696 2395 Maar
2726 2335 2771 2395 hij
2792 2331 2867 2391 mist
2892 2330 2947 2390 den
2978 2327 3063 2387 moed
3099 2327 3138 2387 tot
3164 2326 3289 2386 ingrijpe

1527 2361 1574 2421 als
1618 2359 1665 2419 een
1699 2356 2006 2416 manlijk-overtuigd
2050 2351 2150 2411 „pièce
2179 2347 2193 2407 à
2222 2346 2328 2406 thèse"
2357 2344 2404 2404 een
2438 2340 2562 2400 buiten¬

1535 2399 1660 2459 beentje
1693 2395 1883 2455 Schnitzler;
1916 2393 1961 2453 een
2004 2390 2161 2450 gracieuze
2199 2384 2375 2444 verpoozing
2422 2382 2467 2442 als
2505 2378 2565 2438 het
2607 2374 2681 2434 geen
2710 2371 2760 2431 van
2793 2369 2844 2429 ziin
2872 2368 2997 2428 stukken
3034 2363 3145 2423 (buiten
3173 2362 3224 2422 het
3248 2362 3279 2422 op

2610 2411 2771 2471 gebouwde
2801 2407 3026 2467 „Bernhardi")
3051 2401 3100 2461 een
3129 2398 3266 2458 ethische

1533 2437 1645 2497 slechts
1664 2436 1696 2496 om
1732 2434 1782 2494 zijn
1809 2431 1923 2491 dialoog
1946 2428 2173 2488 waardeerbare
2191 2425 2263 2485 „Die
2283 2421 2468 2481 Schwestern
2496 2418 2563 2478 oder

2610 2449 2814 2509 dramatische
2845 2444 2999 2504 structuur
3025 2441 3194 2501 ondergaat
3215 2437 3289 2497 daar

1539 2476 1696 2536 Casanova
1728 2473 1754 2533 in
1785 2471 1885 2531 Spa";
1912 2469 1960 2529 een
1996 2467 2172 2527 vertooning
2207 2464 2260 2524 van
2291 2458 2550 2518 „Zwischenspiel

2609 2489 2771 2549 toevallig,
2793 2485 2841 2545 den
2874 2482 2994 2542 invloed
3027 2479 3075 2539 van
3113 2479 3162 2539 het
3190 2477 3292 2537 gering

1557 2512 1832 2572 („Intermezzo"),
1864 2507 1990 2567 waarbij
2022 2504 2166 2564 mevrouw
2207 2498 2563 2558 Ranucci-Beckmann,

2613 2527 2771 2587 stemming
2804 2524 2898 2584 vaak,
2920 2521 2968 2581 die
2995 2518 3062 2578 over
3090 2517 3169 2577 leven
3201 2515 3232 2575 en
3265 2513 3296 2573 de

1539 2551 1702 2611 regisseuse
1733 2550 1785 2610 van
1821 2548 1878 2608 het
1905 2544 2090 2604 toenmalige
2121 2538 2297 2598 gezelschap
2333 2535 2513 2595 Comoedia,
2536 2532 2561 2592 in

2611 2566 2665 2626 het
2700 2562 2823 2622 uiterste
2858 2559 3094 2619 genuanceerde
3129 2553 3287 2613 psycholog

1541 2592 1606 2652 deze
1638 2589 1730 2649 krant
1761 2589 1809 2649 een
1849 2584 2091 2644 hartstochtelijk
2131 2580 2262 2640 pleidooi
2294 2577 2363 2637 voor
2395 2573 2566 2633 Schnitzler

2611 2604 2660 2664 dit
2681 2603 2777 2663 gemis
2803 2601 2853 2661 van
2889 2598 3026 2658 ethische
3052 2592 3289 2652 verantwoordin

1539 2631 1638 2691 hield;
1666 2628 1738 2688 twee
1766 2625 1996 2685 voorstellingen
2033 2622 2083 2682 van
2119 2620 2196 2680 „Der
2224 2616 2368 2676 Einsame
2401 2615 2504 2675 Weg",
2528 2613 2572 2673 blj

2616 2645 2640 2705 in
2665 2643 2718 2703 ziin
2748 2639 2889 2699 personen
2919 2634 3114 2694 maskeeren.
3134 2631 3290 2691 Verwende

1548 2669 1696 2729 Verkade,
1710 2667 1751 2727 die
1774 2667 1823 2727 wij
1837 2664 1941 2724 helaas
1959 2661 2067 2721 gemist
2086 2658 2221 2718 hebben,
2236 2656 2267 2716 en
2294 2655 2335 2715 bij
2353 2653 2402 2713 het
2421 2649 2570 2709 Schouw-

2618 2683 2668 2743 list
2692 2681 2736 2741 die
2759 2680 2804 2740 hij
2822 2681 2861 2741 is,
2878 2679 2934 2739 kan
2963 2674 3036 2734 noch
3065 2673 3115 2733 wil
3133 2673 3183 2733 hij
3200 2670 3279 2730 tensk

1546 2707 1668 2767 tooneel
1690 2705 1752 2765 met
1783 2703 1826 2763 een
1862 2702 2003 2762 mislukte
2034 2700 2082 2760 rol
2105 2697 2157 2757 van
2192 2694 2249 2754 Jan
2285 2692 2385 2752 Musch
2422 2691 2465 2751 als
2492 2689 2566 2749 Herr

2615 2721 2650 2781 de
2677 2721 2794 2781 wegen,
2811 2718 2856 2778 die
2883 2718 2933 2778 ziin
2965 2713 3150 2773 verbeelding
3176 2708 3263 2768 gaat.

1546 2747 1595 2807 von
1632 2745 1703 2805 Sala
1736 2742 1763 2802 en
1800 2741 1849 2801 een
1885 2741 1917 2801 al
1940 2741 1967 2801 te
1999 2738 2207 2798 pathologisch
2244 2732 2393 2792 vertolkte
2426 2727 2570 2787 Johanna

1547 2783 1599 2843 van
1628 2784 1784 2844 Charlotte
1809 2780 1937 2840 Köhler;
1961 2776 2027 2836 deze
2048 2774 2142 2834 zelfde
2167 2772 2275 2832 actrice
2300 2770 2324 2830 in
2353 2769 2385 2829 de
2410 2766 2567 2826 vlijmende
2620 2761 2667 2821 die
2696 2758 2743 2818 hij
2763 2755 2881 2815 bewust
2911 2753 3101 2813 veroordeelt
3130 2748 3191 2808 (von
3225 2745 3296 2805 Sala

2619 2798 2688 2858 door
2714 2798 2764 2858 ziin
2795 2795 2874 2855 zielig
2905 2794 3001 2854 begrip
3031 2789 3081 2849 van
3112 2789 3156 2849 eer
3182 2787 3212 2847 en
3243 2784 3302 2844 vold

1546 2825 1646 2885 satyre
1682 2821 1890 2881 „Literatuur"
1930 2818 1982 2878 en,
2009 2814 2159 2874 nogeens,
2186 2813 2234 2873 als
2270 2809 2384 2869 diseuse
2424 2806 2473 2866 van
2517 2804 2565 2864 den

2619 2837 2803 2897 „Leut'nant
2824 2834 2948 2894 Gustl",
2970 2831 3014 2891 een
3045 2828 3159 2888 novelle
3180 2827 3224 2887 die
3250 2825 3284 2885 he

1536 2864 1695 2924 monoloog
1733 2858 1888 2918 „Fräulein
1926 2854 2030 2914 Else";
2058 2852 2124 2912 Else
2158 2849 2289 2909 Mauhs,
2313 2846 2383 2906 wier
2412 2845 2477 2905 spel
2506 2843 2571 2903 toch

2612 2878 2757 2938 begeerde
2781 2872 3071 2932 officiers-carrière
3095 2867 3226 2927 kostte),
3246 2862 3292 2922 vor

1540 2903 1595 2963 zoo
1633 2900 1790 2960 rakelings
1814 2898 1864 2958 aan
1897 2894 2092 2954 Schnitzler's
2129 2888 2333 2948 levenskunst
2357 2885 2472 2945 vocrbij
2491 2885 2574 2945 ging,

2616 2915 2930 2975 aanhankelijkheid,
2950 2909 2978 2969 de
3008 2906 3253 2966 verwantschap,

1547 2940 1639 3000 alleen
1670 2938 1696 2998 in
1728 2938 1776 2998 een
1811 2933 2062 2993 Rotterdamsche
2098 2928 2286 2988 voorstelling
2322 2925 2370 2985 van
2410 2923 2480 2983 „Der
2512 2921 2573 2981 Ruf

2614 2953 2661 3013 De
2688 2953 2789 3013 hand,
2805 2953 2847 3013 die
2875 2949 3001 3009 geeselt,
3023 2947 3076 3007 kan
3109 2944 3177 3004 niet
3199 2943 3294 3003 aflate

1543 2977 1595 3037 des
1618 2977 1825 3037 Lebens"....
1848 2974 1940 3034 neen,
1954 2971 2077 3031 groot
2100 2968 2121 3028 is
2148 2968 2179 3028 de
2206 2964 2409 3024 waardeering
2440 2959 2493 3019 van
2520 2959 2572 3019 ons

2619 2993 2675 3053 kan
2711 2990 2773 3050 niet
2799 2989 2856 3049 van
2887 2988 2943 3048 zich
2981 2984 3130 3044 afstooten
3166 2983 3223 3043 wat
3254 2983 3290 3043 ai

1551 3018 1666 3078 publiek
1705 3014 1773 3074 voor
1804 3010 1979 3070 Schnitzler
2009 3009 2074 3069 niet
2104 3008 2129 3068 te
2172 3004 2322 3064 noemen,
2352 3001 2480 3061 hoezeer
2519 2998 2570 3058 ook

1553 3054 1771 3114 tooneelcritici
1796 3052 1838 3112 als
1867 3052 1924 3112 Top
1953 3048 2048 3108 Naeff
2072 3046 2100 3106 en
2134 3043 2229 3103 Frans
2258 3041 2424 3101 Mijnssen,
2439 3040 2472 3100 op
2506 3036 2572 3096 wier
2615 3031 2734 3091 hoont,
2763 3028 2791 3088 en
2830 3028 2858 3088 in
2896 3027 2929 3087 al
2963 3026 3015 3086 zijn
3054 3022 3177 3082 stukken
3220 3020 3286 3080 ontn

1551 3093 1805 3153 persoonlijkheid
1840 3089 1869 3149 en
1909 3087 2114 3147 dramatische
2149 3083 2270 3143 analyse
2306 3080 2354 3140 een
2389 3076 2575 3136 penetrante
2619 3069 2805 3129 nauweliiks
2835 3067 2888 3127 één
2928 3064 3065 3124 rechtuit
3100 3061 3290 3121 antipathiek

1555 3132 1731 3192 tidsfiguur
1756 3128 1799 3188 als
1824 3126 1995 3186 Schnitzler
2025 3124 2073 3184 des
2098 3123 2127 3183 te
2157 3121 2239 3181 meer
2265 3118 2382 3178 invloed
2412 3117 2489 3177 had,
2509 3115 2567 3175 zich
2622 3113 2666 3173 zij
2686 3110 2754 3170 stuk
2788 3106 2856 3166 voor
2881 3104 2944 3164 stuk
2975 3102 3008 3162 bi
3043 3100 3238 3160 eenvoudiger
3268 3100 3297 3160 se

2621 3147 2673 3207 den
2703 3146 2823 3206 marqué
2852 3144 2880 3204 of
2905 3143 2952 3203 den
2982 3139 3131 3199 verleider
3156 3138 3271 3198 hadden

1549 3171 1620 3231 voor
1650 3170 1704 3230 hem
1746 3168 1775 3228 in
1809 3167 1863 3227 het
1893 3164 1964 3224 vuur
1993 3162 2119 3222 wierpen

2623 3184 2691 3244 Wat
2712 3183 2799 3243 Ibsen
2829 3183 2888 3243 met
2914 3182 2962 3242 zijn
2992 3179 3188 3239 principieele
3214 3176 3242 3236 en
3273 3174 3301 3234 vi

1585 3210 1627 3270 Er
1649 3210 1674 3270 is
1696 3207 1780 3267 reden
1812 3204 1859 3264 tot
1881 3203 1912 3263 de
1939 3201 2229 3261 veronderstelling,
2245 3195 2302 3255 dat
2324 3195 2361 3255 de
2383 3195 2482 3255 oorlog
2509 3192 2572 3252 dien

2625 3228 2701 3288 juist
2740 3222 2782 3282 als
2821 3222 2935 3282 schade
2970 3219 3022 3279 der
3056 3216 3275 3276 maatschappi

1552 3249 1687 3309 invloed,
1714 3246 1775 3306 dien
1811 3243 1982 3303 Schnitzler
2013 3240 2079 3300 hier
2111 3239 2167 3299 nog
2199 3237 2260 3297 had
2295 3233 2414 3293 kunnen
2449 3231 2585 3291 hebben,

2625 3264 2797 3324 Schnitzler
2826 3260 3046 3320 vergoelijkend
3090 3255 3161 3315 weer
3195 3255 3261 3315 toe.

1552 3288 1637 3348 heeft
1667 3284 1886 3344 weggevaagd.
1908 3282 1968 3342 Aan
2002 3277 2204 3337 Schnitzler's
2234 3273 2315 3333 eigen
2354 3270 2427 3330 werk
2462 3268 2487 3328 is
2548 3267 2577 3327 de

2627 3303 2824 3363 Schnitzler's
2849 3300 2977 3360 leugen,
3002 3295 3125 3355 schreef
3150 3294 3209 3354 Top
3244 3294 3302 3354 Nac

1554 3326 1653 3386 corlog
1677 3324 1790 3384 vrijwel
1808 3321 1985 3381 ongemerkt
2008 3318 2126 3378 voorbij
2145 3313 2281 3373 gegaan:
2299 3312 2344 3372 hij
2363 3311 2440 3371 had,
2454 3309 2580 3369 feitelijk

2626 3341 2646 3401 is
2678 3341 2708 3401 de
2740 3340 2816 3400 ware
2849 3338 2982 3398 tragedie
3009 3335 3055 3395 bij
3077 3332 3303 3392 Schnitzlerte

1553 3367 1577 3427 in
1623 3365 1689 3425 1913
1727 3363 1772 3423 al,
1785 3359 1942 3419 onbewust
1959 3356 2038 3416 nauw
2072 3353 2238 3413 verbonden
2267 3350 2316 3410 aan
2346 3350 2391 3410 een
2421 3346 2574 3406 „stervend

2626 3378 2682 3438 van
2715 3380 2765 3440 den
2803 3377 2993 3437 comediant.
3012 3374 3090 3434 „Wir
3119 3374 3225 3434 spielen
3258 3371 3304 3431 all

1563 3403 1725 3463 Weenen",
1747 3401 1780 3461 de
1811 3398 1900 3458 reeks
1930 3396 1981 3456 van
2020 3397 2075 3457 zijn
2110 3393 2212 3453 groote
2247 3389 2494 3449 tooneelstukken
2533 3382 2579 3442 af-

2625 3422 2715 3482 klug"
2750 3419 2865 3479 dichtte
2899 3410 3288 3470 Paracelsus-Schnitzler,

1559 3443 1708 3503 gesloten.
1730 3441 1787 3501 Het
1810 3437 1928 3497 talrijke
1959 3434 2161 3494 novellistisch
2197 3431 2267 3491 werk
2298 3428 2328 3488 en
2360 3428 2412 3488 zijn
2448 3424 2575 3484 tweeden

1555 3480 1659 3540 roman
1693 3478 1879 3538 „Therese",
1898 3475 1955 3535 het
1979 3473 2151 3533 volmaakte
2185 3468 2303 3528 vervolg
2332 3466 2365 3526 op
2404 3465 2475 3525 „Der
2509 3461 2575 3521 Weg
2628 3459 2694 3519 men
2733 3457 2852 3517 daarbij
2881 3455 2933 3515 aan
2971 3453 3004 3513 de
3038 3450 3085 3510 tot
3114 3449 3271 3509 vervelens

2626 3497 2756 3557 dracht"
2782 3493 2837 3553 van
2868 3494 2918 3554 den
2954 3491 3120 3551 verwanten
3155 3490 3205 3550 von
3236 3488 3296 3548 Hoi

1553 3522 1604 3582 ins
1630 3518 1733 3578 Freie"
1763 3518 1861 3578 buiten
1896 3512 2105 3572 beschouwing
2136 3509 2277 3569 gelaten,
2299 3504 2375 3564 bleef
2401 3503 2457 3563 het
2483 3501 2581 3561 sinds¬

2631 3536 2769 3596 daartoe,
2791 3532 2992 3592 geaffecteerd
3023 3531 3043 3591 in
3075 3529 3126 3589 zijn
3158 3526 3296 3586 aestheti

1563 3557 1624 3617 dien
1655 3559 1694 3619 bij
1713 3558 1761 3618 een
1788 3553 1964 3613 nazomeren
1996 3550 2048 3610 van
2075 3550 2128 3610 zijn
2155 3550 2265 3610 gerijpt
2287 3544 2402 3604 talent.
2416 3541 2477 3601 Het
2500 3539 2587 3599 vijfde

2633 3578 2745 3638 extase,
2765 3577 2867 3637 achter
2891 3574 2942 3634 den
2970 3571 3162 3631 bucolischen
3191 3568 3269 3628 naam

1558 3598 1626 3658 deel
1652 3598 1703 3658 van
1733 3596 1788 3656 zijn
1819 3592 2006 3652 verzamelde
2032 3588 2279 3648 tooneelstukken
2314 3583 2403 3643 bevat
2425 3582 2471 3642 ten
2501 3580 2582 3640 decle

2631 3618 2738 3678 spielen
2776 3613 2827 3673 wir
2856 3610 3005 3670 Theater,
3024 3609 3131 3669 spielen
3170 3604 3262 3664 uns're

1553 3638 1643 3698 reeds
1673 3636 1828 3696 zwakkere
1863 3631 2081 3691 herhalingen,
2108 3628 2253 3688 inclusief
2284 3624 2318 3684 de
2352 3623 2378 3683 in
2417 3622 2468 3682 zijn
2503 3620 2588 3680 soort

2633 3655 2746 3715 gereift
2771 3652 2824 3712 und
2849 3650 2913 3710 zart
2938 3649 2991 3709 und
3021 3649 3153 3709 traurig,
3169 3646 3213 3706 die
3238 3643 3301 3703 Kon

1560 3677 1716 3737 overigens
1753 3674 1805 3734 wel
1834 3673 2003 3733 eenigszins
2036 3665 2193 3725 miskende
2230 3661 2584 3721 journalistencomedie¬

2664 3692 2721 3752 Een
2751 3692 2823 3752 pose
2847 3688 2876 3748 en
2910 3688 2958 3748 een
2987 3688 3180 3748 zelfbedrog.
3195 3685 3253 3745 Een
3282 3683 3296 3743 h

1560 3716 1809 3776 In-zakformaat
1835 3709 1920 3769 „Firk
1955 3707 2010 3767 und
2041 3703 2294 3763 Fliederbusch".
2329 3700 2388 3760 Het
2432 3699 2581 3759 sindsdien

2625 3731 2722 3791 tische
2751 3727 3007 3787 levenshouding,
3022 3723 3115 3783 bijne,
3129 3720 3176 3780 tet
3200 3720 3292 3780 dend

1564 3753 1742 3813 verschenen
1777 3750 1942 3810 „Komödie
1968 3744 2018 3804 der
2039 3741 2255 3801 Verführung"
2281 3738 2359 3798 bleef
2380 3737 2430 3797 een
2460 3735 2588 3795 varlazi¬

1564 3792 1622 3852 ene
1648 3794 1680 3854 op
1707 3792 1756 3852 het
1782 3789 1906 3849 bekende
1933 3786 2049 3846 thema,
2075 3786 2099 3846 I
2125 3784 2141 3844 r
2167 3782 2250 3842 Gang
2276 3781 2333 3841 zum
2368 3776 2510 3836 Weiher"
2528 3774 2577 3834 een
2612 3771 2644 3831 e
2687 3770 2753 3830 toch
2787 3768 2962 3828 doorhem,
2980 3766 3038 3826 den
3055 3765 3155 3825 ood,
3173 3762 3213 3822 als
3231 3760 3297 3820 ¬
