3436 4384
956 216 1019 276 sina
1049 216 1116 276 med
1146 215 1179 275 en
1214 213 1277 273 viss
1307 213 1391 273 ironi
1413 213 1586 273 utrustade
1616 212 1700 272 hjäl-

189 231 338 291 grünser,
375 234 562 294 Sehnitzler
586 234 642 294 var
667 236 695 296 en
728 234 776 294 del
797 234 833 294 av
862 234 914 294 vär

960 274 1014 334 tar
1035 273 1086 333 till
1107 273 1161 333 den
1187 273 1292 333 krets,
1309 273 1364 333 som
1398 273 1465 333 stod
1495 270 1596 330 honom
1634 270 1688 330 när

185 291 240 351 liv,
262 291 318 351 den
352 291 434 351 sista
464 291 748 351 upprättstäende
778 293 907 353 pelaren

962 333 1061 393 mast,
1104 332 1160 392 till
1203 327 1465 387 litteratörerna,
1509 327 1564 387 som
1629 325 1702 385 för-

189 348 262 408 várt
293 348 503 408 österrikiska
538 351 719 411 förflutna.
771 351 835 411 Med
874 350 930 410 ho-

963 390 1112 450 falskade
1146 388 1203 448 sitt
1227 387 1266 447 liv
1295 387 1347 447 till
1372 387 1497 447 fraser,
1516 387 1569 447 till
1594 384 1627 444 de
1656 385 1704 445 re¬

186 405 240 465 nom
282 404 318 464 är
346 406 377 466 en
405 407 482 467 epok
515 407 524 467 i
547 407 651 467 Wiens
679 405 716 465 liv
743 407 834 467 förbi
853 407 930 467 eller

960 446 1060 506 soluta
1118 446 1321 506 kvinnorna,
1365 446 1449 506 vilka
1502 445 1594 505 Lingo
1644 444 1713 504 rütt

184 464 304 524 rättare
333 464 427 524 sagt,
445 467 499 527 den
527 467 589 527 har
613 467 702 527 blivit
725 467 878 527 historia.

960 506 1121 566 gentomot
1168 504 1256 564 dem,
1278 503 1333 563 och
1363 505 1413 565 till
1436 503 1618 563 musikerna
1648 503 1702 563 och

223 548 263 608 Vi
287 550 323 610 ha
355 548 414 608 här
442 548 570 608 mycket
598 547 684 607 sinne
712 545 767 605 för
790 545 927 605 historia

963 566 1223 626 musikanterna.
1275 563 1457 623 Schnitzler
1505 560 1587 620 hade
1636 559 1705 619 jake

247 608 304 668 och
336 608 366 668 vi
385 607 482 667 borde
509 607 682 667 egentligen
713 605 748 665 ha
776 605 851 665 sagt
878 605 926 665 ost

967 622 1050 682 varit
1098 622 1236 682 wienare
1284 622 1319 682 om
1363 622 1501 682 musiken
1533 619 1675 679 saknats
1703 621 1714 681 i

179 666 228 726 att
255 667 358 727 denna
389 665 465 725 epok
501 664 594 724 redan
631 665 679 725 för
707 664 800 724 länge
827 661 925 721 sedan

961 682 1042 742 hans
1070 681 1179 741 värld.
1221 682 1293 742 Man
1326 679 1380 739 kan
1413 680 1508 740 tänka
1540 679 1576 739 pä
1609 679 1709 739 musi-

189 724 242 784 var
273 724 375 784 körbi,
398 723 473 783 även
509 723 562 783 för
593 722 712 782 Arthur
740 721 921 781 Schnitzler

966 739 1035 799 kern
1065 739 1197 799 Weiring
1223 737 1232 797 i
1252 739 1449 799 "Liebelei",
1459 739 1518 799 han
1544 737 1597 797 som
1632 736 1705 796 spe¬

184 784 246 844 Men
293 782 356 842 han
408 782 511 842 fyllde
540 781 591 841 den
626 781 769 841 ständigt
793 781 827 841 på
862 781 919 841 nyt

969 799 1011 859 lar
1044 799 1057 859 i
1086 798 1118 858 en
1156 796 1437 856 förstadsteaters
1466 796 1615 856 orkester
1649 793 1705 853 och

190 840 250 900 med
283 842 339 902 liv.
381 840 395 900 1
423 840 503 900 hans
531 840 615 900 sista
648 837 765 897 böcker
793 837 928 897 verkade

959 855 996 915 ür
1021 855 1073 915 far
1102 857 1153 917 till
1178 855 1230 915 den
1263 855 1382 915 flicka,
1406 855 1458 915 som
1497 853 1558 913 blir
1587 852 1715 912 offrad.

182 900 237 960 den
267 900 361 960 redan
397 897 541 957 spöklik,
562 900 631 960 men
662 898 711 958 den
746 897 855 957 gjorde
886 895 910 955 in

960 913 1053 973 Hans
1081 915 1205 975 gestalt
1233 915 1330 975 synes
1362 914 1442 974 ännu
1474 912 1549 972 höra
1586 912 1706 972 hemma

180 960 290 1020 tryck.
337 960 396 1020 Det
425 958 484 1018 blir
517 957 549 1017 en
582 957 827 1017 analyserande
855 955 910 1015 psy

965 972 974 1032 i
998 972 1176 1032 Schuberts
1205 972 1378 1032 tidsälder.
1421 972 1491 1032 Man
1520 971 1581 1031 kan
1609 972 1703 1032 tänka

183 1020 294 1080 kologs
345 1019 477 1079 uppgift
523 1017 574 1077 att
620 1017 696 1077 reda
722 1014 757 1074 ut
783 1014 930 1074 diktaren

965 1034 1002 1094 på
1064 1032 1431 1092 Wergenthinromanen
1488 1026 1577 1086 "Der
1635 1029 1709 1089 Weg

186 1076 387 1136 Schnitzlers
415 1076 571 1136 tidigaste
599 1074 722 1134 intryck
756 1073 805 1133 och
838 1070 934 1130 deras

964 1093 1007 1153 ins
1032 1091 1162 1151 Freie”,
1177 1091 1229 1151 den
1259 1091 1355 1151 unge,
1370 1089 1437 1149 ofta
1462 1088 1708 1148 förekomman-

189 1136 349 1196 betydelse
375 1136 432 1196 för
452 1135 592 1195 honom.
625 1133 669 1193 De
696 1132 823 1192 problem
862 1133 919 1193 han
965 1142 1003 1202 de
1030 1150 1208 1210 musikern,
1228 1150 1279 1210 som
1318 1148 1445 1208 vacklar
1472 1148 1580 1208 mellan
1606 1147 1682 1207 önsk

182 1193 295 1253 ställde
343 1194 380 1254 ha
424 1193 599 1253 knappast
623 1193 798 1253 undergätt
827 1191 926 1251 någon

959 1208 1114 1268 ningarna
1148 1210 1201 1270 att
1221 1209 1269 1269 bli
1289 1209 1477 1269 tonsättare
1507 1208 1559 1268 och
1594 1208 1642 1268 att
1671 1207 1714 1267 bli

191 1253 377 1313 förändring
410 1253 508 1313 ehuru
542 1250 635 1310 deras
664 1250 827 1310 lösningar

969 1266 1238 1326 kapellmästare.
1270 1268 1334 1328 Ock
1362 1268 1388 1328 så
1421 1268 1475 1328 när
1494 1268 1553 1328 han
1581 1267 1640 1327 inte
1668 1267 1713 1327 di-

186 1309 336 1369 oändliga
395 1309 563 1369 mångfald
596 1306 686 1366 blivit
714 1304 836 1364 rikare.

964 1321 1037 1381 rekt
1063 1324 1149 1384 talar
1171 1324 1205 1384 om
1245 1324 1344 1384 musik
1375 1324 1430 1384 och
1456 1324 1598 1384 musiker
1625 1324 1710 1384 finns

184 1366 267 1426 hans
294 1368 476 1428 beundrare
507 1366 542 1426 pä
579 1365 742 1425 närmasto
774 1364 853 1424 häll,
875 1361 928 1421 äre

970 1383 1019 1443 det
1040 1384 1140 1444 musik
1166 1384 1176 1444 i
1192 1384 1272 1444 hans
1297 1384 1348 1444 ord
1369 1384 1424 1444 och
1449 1384 1590 1444 strofer.
1616 1383 1706 1443 Själv

185 1423 219 1483 de
246 1423 327 1483 sista
357 1423 409 1483 att
431 1423 569 1483 förneka
599 1421 702 1481 detta.
741 1420 831 1480 Hans
858 1420 913 1480 pro

964 1438 1024 1498 var
1046 1439 1101 1499 han
1132 1441 1162 1501 en
1188 1442 1265 1502 ivrig
1292 1441 1476 1501 musikvän,
1490 1441 1572 1501 hans
1598 1441 1705 1501 hustru

180 1480 248 1540 blem
290 1480 441 1540 tillhörde
469 1480 647 1540 säkerligen
680 1478 711 1538 de
740 1480 845 1540 eviga,
868 1480 931 1540 men

969 1497 1024 1557 var
1068 1500 1271 1560 sängerska,
1293 1500 1374 1560 hans
1404 1500 1482 1560 son,
1504 1500 1559 1560 som
1603 1500 1637 1560 nu
1677 1499 1711 1559 är

180 1539 307 1599 kormen
339 1539 393 1599 för
421 1539 512 1599 deras
544 1539 762 1599 uppställning
794 1537 853 1597 var
880 1535 934 1595 be¬

960 1554 1193 1614 skädespelare
1238 1557 1291 1617 och
1346 1557 1507 1617 regissör,
1525 1557 1596 1617 ville
1624 1557 1713 1617 först

180 1598 291 1658 tingad
325 1597 361 1657 av
386 1597 488 1657 tiden.
526 1596 713 1656 Schnitzler
737 1596 807 1656 blev
831 1596 928 1656 aldrig

969 1614 1012 1674 bli
1031 1614 1305 1674 kapellmästare.
1334 1617 1516 1677 Sehnitzler
1542 1618 1618 1678 sågs
1642 1617 1709 1677 ofta

176 1657 224 1717 fri
248 1657 325 1717 från
359 1656 513 1716 ängesten
547 1657 638 1717 inför
668 1656 783 1716 döden,
808 1656 841 1716 en
875 1656 933 1716 än¬

968 1676 1004 1736 pä
1036 1674 1247 1734 konserterna
1284 1674 1341 1734 och
1377 1677 1434 1737 han
1467 1677 1523 1737 var
1556 1677 1584 1737 en
1621 1677 1713 1737 entu-

180 1718 273 1778 gest,
287 1715 343 1775 som
381 1716 464 1776 intet
483 1715 716 1775 resonemang,
735 1715 824 1775 ingen
847 1715 936 1775 tröst

969 1730 1095 1790 siastisk
1152 1735 1343 1795 anhängare
1391 1733 1428 1793 av
1475 1734 1606 1794 Mahler
1654 1736 1709 1796 när

185 1775 287 1835 kunde
352 1775 509 1835 besegra.
564 1775 657 1835 Hans
692 1775 839 1835 livslust,
864 1772 923 1832 som

969 1790 1064 1850 denne
1092 1793 1173 1853 ännu
1201 1793 1283 1853 hade
1311 1793 1374 1853 sina
1402 1796 1521 1856 strider
1549 1796 1598 1856 som
1635 1796 1712 1856 ope¬

183 1834 268 1894 reste
304 1837 348 1897 sig
385 1835 455 1895 mot
486 1835 592 1895 denna
628 1835 743 1895 ängest
774 1833 829 1893 och
865 1832 930 1892 fick

969 1850 1085 1910 rachef
1118 1851 1169 1911 att
1202 1853 1374 1913 utkämpa.
1430 1854 1472 1914 En
1510 1855 1705 1915 egendomlig

182 1895 298 1955 näring
325 1895 340 1955 i
363 1895 415 1955 den
448 1895 542 1955 under
570 1895 649 1955 hans
676 1893 877 1953 ungdomsär
904 1893 930 1953 sa

974 1910 1020 1970 och
1049 1910 1197 1970 fanatisk
1222 1913 1483 1973 pianopedagog,
1503 1914 1558 1974 den
1587 1914 1712 1974 mycket

185 1953 423 2013 levnadsglada
456 1951 593 2011 staden,
620 1951 710 2011 ledde
742 1951 843 2011 honom
891 1951 928 2011 til

970 1969 1133 2029 begävade
1166 1971 1217 2031 van
1246 1971 1349 2031 Jung,
1368 1972 1508 2032 utövade
1537 1974 1583 2034 ett
1607 1972 1714 2032 starkt

186 2011 240 2071 det
290 2011 381 2071 stora
418 2011 751 2071 berusningsmedlet,
775 2011 920 2071 kärleken

962 2029 1148 2089 inflytande
1201 2032 1243 2092 på
1306 2032 1492 2092 Schnitzler
1521 2034 1582 2094 när
1616 2035 1716 2095 denne

187 2069 246 2129 För
276 2069 311 2129 de
341 2071 499 2131 älskande
529 2071 618 2131 lyser
643 2071 727 2131 ännu
758 2071 861 2131 solen,
887 2070 935 2130 för

968 2087 1061 2147 skrey
1093 2086 1175 2146 "Der
1202 2087 1274 2147 Weg
1306 2092 1352 2152 ins
1378 2092 1507 2152 Freie".
1550 2092 1632 2152 Aven
1664 2092 1715 2152 det

192 2131 221 2191 de
252 2131 332 2191 döda
358 2131 428 2191 icke
454 2131 584 2191 lüngre:
605 2131 670 2191 "jag
701 2131 751 2191 vet
771 2131 932 2191 ingenting

969 2149 1017 2209 som
1058 2147 1067 2207 i
1089 2149 1192 2209 denna
1219 2149 1325 2209 roman
1357 2149 1450 2209 säges
1478 2150 1513 2210 om
1553 2152 1709 2212 judarnas

189 2192 227 2252 på
261 2190 395 2250 jorden,
423 2190 472 2250 som
523 2190 561 2250 ür
590 2188 768 2248 sükrare".
818 2187 918 2247 Utöve

965 2205 1138 2265 frigörelse
1168 2208 1302 2268 återgär
1332 2208 1367 2268 pä
1402 2211 1455 2271 van
1491 2211 1594 2271 Jungs
1625 2211 1713 2271 äsik-

186 2248 289 2308 denna
363 2250 560 2310 erfarenhet
624 2248 732 2308 nädde
796 2247 928 2307 läkarer

968 2265 1042 2325 ter.

181 2307 369 2367 Schnitzler
394 2308 514 2368 aldrig.
554 2307 621 2367 Han
650 2307 708 2367 var
728 2307 761 2367 f.
776 2307 809 2367 ö.
830 2307 858 2367 en
888 2305 921 2365 ut

1002 2343 1073 2403 Alla
1116 2343 1210 2403 dessa
1249 2346 1439 2406 människor
1468 2348 1481 2408 i
1506 2349 1709 2409 Schnitzlers

187 2367 297 2427 märkt
312 2367 442 2427 läkare,
462 2367 660 2427 uppskattad
684 2367 737 2427 som
776 2367 872 2427 sädan
897 2365 935 2425 av

972 2402 1051 2462 värid
1086 2402 1120 2462 ha
1155 2402 1194 2462 nu
1224 2404 1312 2464 dött,
1332 2405 1529 2465 utvandrat,
1549 2408 1623 2468 gått
1653 2408 1711 2468 un-

187 2426 254 2486 sina
293 2426 451 2486 kolleger,
481 2426 533 2486 och
578 2424 654 2484 üven
688 2426 726 2486 om
775 2424 833 2484 han
872 2423 933 2483 inte

969 2460 1037 2520 der.
1085 2461 1153 2521 Med
1184 2463 1351 2523 monoman
1381 2465 1527 2525 fanatism
1570 2466 1711 2526 frambe¬

186 2483 290 2543 sedan
345 2483 516 2543 decennier
571 2483 679 2543 längre
711 2483 846 2543 utövade
879 2483 937 2543 sitt

967 2520 1034 2580 svor
1084 2521 1146 2581 han
1196 2522 1293 2582 deras
1328 2524 1410 2584 värld
1440 2525 1454 2585 i
1474 2525 1624 2585 ständigt
1649 2526 1707 2586 nyn

181 2543 260 2603 yrke
310 2543 484 2603 förlorade
534 2543 593 2603 han
648 2544 747 2604 aldrig
777 2543 930 2603 läkarens

969 2579 1059 2639 verk,
1087 2582 1168 2642 vilka
1205 2582 1282 2642 dock
1319 2582 1386 2642 icke
1419 2585 1504 2645 blevo
1546 2585 1713 2645 märkbart

192 2599 322 2659 sorgset
353 2602 478 2662 vänliga
508 2602 613 2662 blick.
639 2602 709 2662 Liv,
735 2602 835 2662 kärlek
870 2602 925 2662 ocl

965 2638 1114 2698 blekare.
1167 2638 1263 2698 Själv
1298 2641 1365 2701 blev
1399 2641 1456 2701 han
1496 2644 1625 2704 mycket
1659 2644 1716 2704 en-

186 2659 245 2719 död
280 2659 289 2719 —
344 2661 402 2721 allt
427 2662 511 2722 detta
546 2662 757 2722 tillsammans
788 2662 851 2722 blev
881 2659 934 2719 för

969 2698 1048 2758 sam.
1092 2698 1185 2758 Hans
1214 2700 1270 2760 son
1303 2700 1383 2760 hade
1417 2701 1534 2761 flyttat
1563 2702 1609 2762 till
1638 2701 1713 2761 Ber¬

187 2719 246 2779 den
301 2721 518 2781 österrikiske
573 2722 719 2782 diktaren
774 2722 850 2782 spel
877 2720 931 2780 och

965 2758 1022 2818 lin,
1047 2758 1133 2818 hans
1163 2758 1268 2818 dotter
1298 2758 1379 2818 gifte
1409 2761 1451 2821 sig
1486 2761 1548 2821 med
1582 2763 1616 2823 en
1650 2763 1716 2823 ita¬

187 2779 315 2839 teater.
360 2779 429 2839 Han
464 2782 558 2842 greps
593 2780 691 2840 liksom
737 2779 933 2839 Hofmanns-

972 2814 1063 2874 liensk
1092 2814 1217 2874 officer
1236 2816 1294 2876 och
1318 2817 1375 2877 dog
1405 2820 1476 2880 kort
1496 2820 1596 2880 därpä
1621 2821 1630 2881 i
1655 2820 1712 2880 Ve-

186 2835 258 2895 thal
279 2837 320 2897 av
347 2838 451 2898 tvivel
472 2840 508 2900 på
540 2838 757 2898 verkligheten
784 2837 840 2897 och
872 2838 929 2898 han

965 2874 1078 2934 nedig.
1157 2874 1260 2934 Sedan
1325 2877 1398 2937 dess
1453 2877 1610 2937 hämtade
1660 2882 1709 2942 sig

186 2895 242 2955 säg
275 2895 350 2955 huru
378 2898 569 2958 människan
598 2898 649 2958 som
687 2898 701 2958 i
720 2898 752 2958 en
780 2898 925 2958 drömtill

968 2931 1150 2991 Schnitzler
1205 2934 1303 2994 aldrig
1338 2937 1466 2997 riktigt.
1506 2937 1554 2997 De
1585 2940 1707 3000 tiderna

185 2954 266 3014 varo
296 2956 396 3016 vilket
416 2957 583 3017 ögonblick
613 2957 665 3017 som
704 2958 786 3018 helst
810 2957 868 3017 kan
897 2958 940 3018 bli

973 2989 1045 3049 voro
1071 2991 1163 3051 förbi
1185 2994 1220 3054 dá
1252 2997 1334 3057 hans
1361 2997 1526 3057 hemland,
1547 2997 1603 3057 det
1630 3000 1712 3060 offi-

187 3015 279 3075 offer
332 3016 383 3076 för
436 3015 482 3075 ett
514 3015 675 3075 tillfälligt
701 3015 919 3075 sammanträf

974 3048 1055 3108 ciella
1087 3050 1254 3110 Österrike
1282 3054 1454 3114 bekämpat
1477 3056 1608 3116 honom.
1650 3057 1708 3117 Se-

188 3072 309 3132 fande,
331 3074 357 3134 en
390 3074 532 3134 tillfällig
565 3077 697 3137 impuls.
734 3074 920 3134 Litteratur

969 3107 1024 3167 dan
1058 3110 1151 3170 länge
1179 3110 1235 3170 var
1263 3112 1319 3172 han
1353 3113 1469 3173 erkänd
1498 3113 1511 3173 —
1563 3115 1628 3175 men
1661 3118 1712 3178 det

181 3131 406 3191 historikerna
459 3134 549 3194 skola
603 3134 665 3194 med
699 3134 819 3194 lätthet
843 3134 929 3194 finno

969 3167 1073 3227 kunde
1098 3170 1165 3230 icke
1194 3170 1313 3230 undgäs
1339 3173 1391 3233 att
1410 3174 1467 3234 han
1492 3173 1564 3233 blev
1588 3176 1712 3236 alltme"

187 3191 301 3251 mänga
336 3192 445 3252 ställen
479 3193 493 3253 i
513 3194 619 3254 bådas
648 3194 734 3254 äldre
763 3193 854 3253 verk,
878 3193 921 3253 vil

967 3226 1167 3286 krämmande
1200 3230 1254 3290 för
1286 3230 1318 3290 en
1350 3233 1450 3293 yngre
1482 3234 1669 3294 generation
1701 3240 1714 3300 i

183 3250 220 3310 ka
253 3250 361 3310 införa
394 3252 653 3312 tillkälligheter,
670 3251 789 3311 spelet,
811 3250 924 3310 tvivlet

970 3286 1170 3346 hemlandet,
1189 3289 1240 3349 för
1268 3289 1314 3349 att
1339 3291 1408 3351 icke
1432 3292 1497 3352 tala
1526 3293 1563 3353 om
1601 3295 1712 3355 utlan¬

180 3310 192 3370 i
220 3308 268 3368 ett
295 3313 550 3373 sammanhang,
574 3311 626 3371 som
666 3310 852 3370 motsvarar
883 3313 936 3373 det

971 3344 1036 3404 det.
1076 3345 1147 3405 Men
1181 3348 1247 3408 icke
1275 3348 1330 3408 för
1353 3349 1430 3409 oss:
1453 3352 1485 3412 vi
1508 3352 1613 3412 erforo
1647 3355 1674 3415 in
1702 3359 1713 3419 i

182 3369 394 3429 förnekande
440 3372 480 3432 av
521 3373 632 3433 jaget,
673 3370 774 3430 vilket
795 3373 910 3433 ungefä

970 3403 1024 3463 det
1044 3405 1123 3465 sista
1158 3407 1306 3467 närheten
1342 3409 1395 3469 och
1425 3412 1559 3472 tyngden
1594 3414 1628 3474 av
1658 3414 1716 3474 allt

176 3430 358 3490 samtidigt
388 3430 608 3490 förekommer
643 3430 697 3490 hos
737 3430 790 3490 den
825 3430 913 3490 öster

969 3464 1036 3524 det,
1060 3465 1112 3525 som
1161 3466 1304 3526 diktaren
1339 3469 1472 3529 pätagit
1502 3471 1545 3531 sig
1579 3473 1626 3533 att
1660 3473 1713 3533 ut¬

182 3489 306 3549 rikiske
350 3489 498 3549 fysikern
546 3489 604 3549 och
652 3489 805 3549 filosofen
835 3489 935 3549 Ernst

969 3522 1048 3582 tala.
1097 3525 1136 3585 Vi
1161 3525 1264 3585 kände
1299 3526 1427 3586 mycket
1457 3528 1574 3588 tydligt
1605 3531 1702 3591 vilken

181 3549 299 3609 Mach.
349 3549 620 3609 Hofmannsthal
655 3549 733 3609 fann
783 3546 930 3606 slutigen

967 3582 1144 3642 konstnär,
1183 3585 1284 3645 vilken
1338 3588 1462 3648 själens
1492 3588 1568 3648 eller
1593 3591 1713 3651 ätmin-

177 3609 228 3669 sin
260 3609 383 3669 lösning
409 3612 446 3672 pä
477 3610 533 3670 alla
565 3609 657 3669 dessa
685 3609 932 3669 sinnevärldens

962 3642 1060 3702 stone
1112 3642 1199 3702 vissa
1252 3648 1516 3708 själsomrädens
1543 3651 1708 3711 uttolkare

185 3669 296 3729 gåtor.
325 3669 511 3729 Schnitzler
530 3671 646 3731 gjorde
670 3669 721 3729 det
740 3669 824 3729 icke.

965 3704 1028 3764 med
1060 3704 1155 3764 honom
1193 3704 1261 3764 gick
1288 3706 1372 3766 bort.
1399 3707 1615 3767 Framförallt
1637 3710 1705 3770 vör.

964 3761 1045 3821 dade
1075 3761 1108 3821 vi
1128 3762 1210 3822 dock
1239 3763 1297 3823 den
1326 3764 1427 3824 goda,
1447 3767 1616 3827 körnäma,
1635 3768 1707 3828 frän

964 3821 1011 3881 all
1036 3821 1261 3881 beskäftighet
1286 3823 1343 3883 och
1377 3827 1449 3887 från
1479 3827 1603 3887 dagens
1628 3827 1695 3887 larm

964 3881 1126 3941 frigjorda
1156 3884 1342 3944 människa,
1362 3887 1416 3947 som
1456 3887 1553 3947 denne
1578 3887 1701 3947 diktare

970 3940 1034 4000 hela
1064 3941 1108 4001 sin
1143 3943 1252 4003 livstil
1278 3942 1420 4002 förblev.

1319 4021 1435 4081 Paul
1466 4021 1648 4081 Stefan.

2415 1646 2690 1706 RVER

1974 1665 2314 1725 OBSI

2063 1724 2085 1784 I.
2099 1719 2216 1779 österr.
2226 1714 2376 1774 behördl.
2390 1702 2685 1762 konzessioniertes

2019 1762 2247 1822 Unternehmen
2277 1753 2328 1813 für
2351 1741 2735 1801 Zeitungs-Ausschnitte

2068 1823 2216 1883 WIEN,
2244 1818 2291 1878 I.,
2319 1809 2603 1869 WOLLZEILE
2651 1797 2691 1857 11

2172 1869 2385 1929 TELEPHON
2424 1857 2594 1917 R-23-0-43

1977 2018 2200 2078 Ausschnitt
2223 2009 2317 2069 aus:

2052 2224 2209 2284 Bladet:
2258 2251 2513 2311 Barsen

2082 2514 2218 2574 skriver
2249 2517 2316 2577 desP
2357 2522 2406 2582 9.
2427 2516 2553 2576 DEC.
2574 2513 2681 2573 1931

2116 2664 2127 2724 T
2166 2662 2253 2722 Wien
2279 2659 2481 2719 forbereder
2508 2656 2582 2716 man
2608 2653 2657 2713 aig
2684 2653 2733 2713 il
2772 2648 2821 2708 at

2069 2716 2152 2776 fejre
2204 2711 2332 2771 Arthur
2365 2706 2569 2766 Schnitzlers
2596 2700 2826 2760 70-Aarsdag.

2072 2764 2136 2824 Der
2169 2761 2214 2821 vil
2235 2759 2325 2819 blive
2352 2756 2469 2816 opfort
2496 2754 2540 2814 tre
2580 2752 2619 2812 af
2646 2749 2684 2809 de
2711 2746 2821 2806 Skue¬

2072 2814 2149 2874 spil,
2189 2809 2351 2869 Digteren
2386 2803 2475 2863 satte
2498 2801 2610 2861 storst
2633 2797 2705 2857 Pris
2745 2794 2828 2854 paa.

2077 2857 2297 2917 Burgteatret
2315 2854 2411 2914 agter
2434 2851 2467 2911 at
2491 2850 2587 2910 spille
2616 2846 2700 2906 „Der
2723 2842 2824 2902 junge

2077 2907 2298 2967 Medardus",
2322 2898 2665 2958 Josefstadt-Teatret
2694 2890 2832 2950 „Liebe¬

2077 2957 2138 3017 lei“
2161 2953 2193 3013 og
2222 2954 2361 3014 Volkste
2379 2949 2456 3009 tret
2479 2946 2562 3006 „Ruf
2591 2945 2640 3005 des
2668 2940 2818 3000 Lebene“

2081 3005 2145 3065 Der
2178 3003 2237 3063 kon
2308 2999 2323 3059 i
2357 2997 2410 3057 den
2449 2994 2670 3054 Forbindelse
2735 2988 2826 3048 være

2081 3052 2194 3112 Grund
2233 3049 2275 3109 til
2303 3047 2340 3107 at
2368 3044 2508 3104 novne,
2530 3044 2567 3104 at
2595 3037 2789 3097 Schnitzler
2817 3036 2832 3096 i

2082 3101 2117 3161 de
2144 3099 2246 3159 sidste
2273 3093 2473 3153 Maaneder,
2510 3092 2571 3152 han
2603 3086 2736 3146 levede,
2768 3083 2829 3143 var

2083 3152 2202 3212 grebet
2226 3148 2264 3208 af
2293 3144 2361 3204 stor
2390 3140 2560 3200 Interesse
2612 3138 2667 3198 for
2697 3132 2838 3192 Talefil¬

2228 3194 2307 3254 hyls
2333 3190 2486 3250 Chancer
2542 3187 2610 3247 han
2647 3182 2831 3242 vurderede

2084 3200 2184 3260 mer,

2086 3248 2172 3308 hijt,
2193 3248 2239 3308 jog
2287 3241 2366 3301 hvie
2407 3236 2540 3296 Teknik
2588 3230 2834 3290 interesserede

2087 3295 2185 3355 ham.
2208 3293 2279 3353 Han
2313 3289 2368 3349 var
2424 3286 2512 3346 Gang
2540 3286 2611 3346 med
2640 3283 2672 3343 at
2695 3279 2838 3339 tilrette¬

2087 3346 2194 3406 lægge
2223 3341 2307 3401 „Der
2336 3337 2437 3397 junge
2466 3334 2669 3394 Medardus“
2698 3328 2748 3388 for
2777 3328 2844 3388 Ta¬

2091 3392 2262 3452 lefilmen,
2278 3388 2319 3448 da
2346 3387 2454 3447 Doden
2491 3384 2605 3444 afbrod
2637 3380 2735 3440 ham.
