3392 4384
1462 339 1589 399 box
1669 342 1851 402 44/3

415 343 939 403 chnitzler's
1008 343 1239 403 Death

312 1290 392 1350 atz
420 1285 455 1345 6e

180 1509 291 1569 Sungs-
303 1503 466 1563 Ausschnlte

264 1546 314 1606 Nuon
334 1544 434 1604 R.28042

194 1811 284 1871 nen,
303 1808 404 1868 Wien

182 1953 259 2013 NV.
281 1942 387 2002 1836

1393 2065 1509 2125 gleich;
1536 2065 1604 2125 noch
1632 2063 1748 2123 immer
1780 2062 1854 2122 aber
1886 2062 1981 2122 gibt's
2014 2062 2056 2122 ein
2088 2062 2262 2122 Völkchen,

2306 2067 2356 2127 gen
2388 2066 2449 2126 und
2481 2065 2532 2125 die
2554 2065 2728 2125 weiblichen
2760 2065 2944 2125 Geschlechts
2977 2065 3150 2125 gleichfalls

561 2068 645 2128 Sind
677 2069 751 2129 diese
778 2068 940 2128 Menschen
967 2068 1030 2128 alle
1052 2068 1120 2128 tot?
1141 2067 1283 2127 Starben
1315 2065 1352 2125 sie

1399 2113 1452 2173 das
1479 2113 1526 2173 sich
1553 2113 1680 2173 Wiener
1707 2111 1829 2171 nennt;
1850 2110 1913 2170 noch
1941 2110 2057 2170 immer
2078 2110 2179 2170 gibt's
2201 2110 2258 2170 das

2302 2113 2364 2173 mit
2399 2111 2449 2171 der
2484 2110 2585 2170 Mode
2625 2110 2676 2170 der
2711 2111 2982 2171 Außerlichkeiten
3023 2112 3158 2172 gingen.

172 2113 343 2173 aktag

494 2119 556 2179 mit
573 2119 657 2179 ihrer
681 2118 770 2178 Zeit?
794 2116 878 2176 Oder
901 2116 979 2176 starb
1003 2116 1047 2176 die
1070 2116 1137 2176 Zeit
1155 2113 1217 2173 mit
1234 2115 1352 2175 ihnen?

1394 2157 1474 2217 Café
1497 2155 1529 2215 de
1551 2154 1725 2214 l’Europe,
1737 2157 1785 2217 den
1807 2156 2078 2216 Stephansplatz,
2096 2157 2144 2217 den
2166 2159 2263 2219 Ring,

2299 2160 2395 2220 Täten
2429 2157 2491 2217 sie's
2520 2157 2615 2217 nicht,
2633 2157 2672 2217 sie
2695 2159 2796 2219 wären
2825 2159 2971 2219 wahrlich
2995 2157 3152 2217 lächerlich

487 2165 608 2225 Waren
646 2163 682 2223 sie
709 2163 840 2223 wirktich
878 2163 935 2223 alle
968 2161 1041 2221 schon
1078 2162 1104 2222 im
1152 2160 1247 2220 Leben
1284 2160 1336 2220 dem

154 2187 197 2247 es
228 2187 301 2247 fünf
332 2187 442 2247 Jahre

1395 2205 1473 2265 aber
1505 2205 1573 2265 auch
1606 2205 1658 2265 den
1696 2205 1828 2265 Wiener
1860 2204 1954 2264 Wald
1986 2202 2050 2262 und
2082 2205 2129 2265 die
2156 2205 2250 2265 stillen

2301 2205 2487 2265 geworden.
2512 2205 2559 2265 So
2590 2205 2649 2265 sind
2680 2205 2746 2265 sie's
2777 2205 2872 2265 nicht.
2891 2205 2963 2265 Und
2994 2205 3053 2265 sind
3084 2205 3150 2265 doch

488 2212 578 2272 Tode
613 2211 766 2271 verfallen
801 2211 857 2271 wie
886 2211 953 2271 jene
983 2210 1073 2270 Zeit,
1090 2208 1141 2268 die
1164 2208 1203 2268 sie
1232 2208 1356 2268 gebar?

157 2238 186 2298 n
221 2234 320 2294 letzten
363 2235 455 2295 Weg,

493 2264 577 2324 Jene
611 2259 706 2319 Zeit,
735 2259 785 2319 die
820 2259 920 2319 gewiß
966 2256 1033 2316 auch
1073 2256 1140 2316 ihre
1175 2254 1349 2314 Probleme
1395 2253 1495 2313 Wege
1524 2253 1557 2313 am
1597 2252 1709 2312 Rande
1738 2251 1788 2311 der
1817 2250 1940 2310 Stadt,
1958 2250 2048 2310 deren
2082 2250 2177 2310 Seele
2206 2250 2250 2310 ein
2296 2254 2465 2314 Menschen
2493 2253 2549 2313 wie
2578 2253 2724 2313 damals,
2741 2253 2927 2313 Menschen,
2944 2253 3090 2313 Wiener,
3108 2253 3152 2313 die

164 2284 279 2344 Freie,
298 2283 345 2343 den
377 2282 443 2342 Weg

2300 2301 2357 2361 das
2392 2301 2484 2361 Leben
2519 2301 2559 2361 um
2606 2301 2658 2361 des
2693 2300 2808 2360 Lebens
2843 2300 2970 2360 willen,
2994 2298 3074 2358 nicht
3104 2301 3137 2361 um

488 2308 600 2368 hatte,
617 2307 643 2367 in
671 2306 767 2366 denen
800 2304 870 2364 hart
897 2304 940 2364 die
968 2304 1150 2364 Menschen,
1167 2303 1274 2363 härter
1302 2301 1350 2361 als
1389 2301 1528 2361 Dichter
1551 2301 1663 2361 liebte,
1680 2299 1717 2359 an
1745 2298 1798 2358 der
1820 2298 1852 2358 er
1874 2298 1976 2358 starb,
1993 2298 2041 2358 als
2068 2298 2105 2358 sie
2133 2298 2159 2358 zu
2187 2298 2262 2358 ster¬

154 2334 188 2394 n
224 2330 455 2390 Zwischenziel,

1395 2347 1448 2407 ben
1482 2349 1595 2409 schien,
1623 2346 1698 2406 weil
1720 2345 1915 2405 Fremdheit
1943 2346 2002 2406 und
2035 2346 2159 2406 Kühle,
2181 2346 2229 2406 kom

2294 2349 2510 2409 ihretwillen,
2533 2346 2653 2406 lieben,
2676 2346 2727 2406 den
2768 2348 3058 2408 Sonnenaufgang
3093 2346 3155 2406 und

495 2355 543 2415 die
571 2355 678 2415 Dinge
706 2355 733 2415 im
782 2353 928 2413 Raume,
951 2352 1004 2412 sich
1032 2351 1172 2411 stießen?
1206 2349 1292 2409 Aber
1319 2348 1351 2408 es

154 2378 205 2438 hen
240 2376 302 2436 und
331 2375 359 2435 in
394 2373 444 2433 den

1390 2396 1574 2456 merzielles
1607 2393 1726 2453 Denken
1764 2393 1824 2453 und
1852 2390 2204 2450 Geschäftstüchtigkeit
2226 2391 2263 2451 sie

2299 2396 2353 2456 den
2380 2394 2730 2454 Sonnenuntergang,
2747 2394 2795 2454 die
2812 2394 2910 2454 stillen
2938 2393 3047 2453 Gassen
3075 2393 3161 2453 ihrer

495 2402 624 2462 scheint,
646 2400 694 2460 als
728 2399 814 2459 wäre
847 2399 911 2459 dies
944 2399 1095 2459 Zartheit
1123 2396 1279 2456 gewesen,
1307 2395 1350 2455 als

164 2428 231 2488 pgen
283 2423 368 2483 war,
408 2420 453 2480 die

1396 2441 1454 2501 wie
1481 2441 1634 2501 Unkraut
1656 2439 1868 2499 umwucherte
1895 2440 1953 2500 und
1986 2441 2097 2501 Zinsen
2129 2438 2155 2498 in
2187 2438 2266 2498 klin¬

2303 2441 2424 2501 Stadt,
2442 2441 2493 2501 das
2518 2441 2656 2501 leichthin
2685 2441 2888 2501 gesprochene
2912 2441 2975 2501 und
3005 2441 3062 2501 doch
3092 2441 3160 2501 tief¬

497 2450 581 2510 wäre
617 2447 813 2507 hinterdrein
853 2446 969 2506 immer
1005 2444 1050 2504 ein
1085 2444 1135 2504 ins
1176 2444 1351 2504 Dämmern

164 2472 229 2532 jesen
270 2471 359 2531 sind.
383 2466 453 2526 Das

1400 2489 1518 2549 gender
1546 2489 1670 2549 Münze
1704 2489 1866 2549 begehrte,
1888 2486 1936 2546 wo
1964 2486 2029 2546 nur
2056 2486 2115 2546 mit
2144 2486 2246 2546 Schön

2307 2491 2444 2551 gefühlte
2475 2489 2565 2549 Wort
2590 2489 2643 2549 von
2680 2489 2727 2549 der
2758 2489 2866 2549 Liebe,
2891 2489 2938 2549 die
2963 2489 2998 2549 sie
3023 2489 3082 2549 alle
3107 2488 3161 2548 be¬

498 2496 682 2556 gehauchtes
709 2495 801 2555 Wort
824 2494 872 2554 des
894 2495 1040 2555 Dichters
1068 2492 1160 2552 dieser
1182 2492 1361 2552 Menschen,

161 2519 250 2579 fesche
287 2515 461 2575 Leutnant

1397 2536 1463 2596 heit
1497 2536 1558 2596 und
1597 2534 1858 2594 Ergriffenheit,
1892 2534 1953 2594 mit
1987 2535 2264 2595 Hingegebenheit

2305 2539 2404 2599 wegt,
2427 2537 2476 2597 das
2510 2537 2686 2597 Dämmern
2720 2536 2802 2596 eines
2831 2536 2985 2596 Abends,
3002 2535 3051 2595 die
3074 2536 3156 2596 klare

495 2545 543 2605 die
571 2544 603 2604 er
631 2545 679 2605 sich
712 2542 771 2602 aus
804 2542 852 2602 dem
902 2541 994 2601 Leben
1032 2541 1113 2601 holte
1141 2540 1200 2600 und
1233 2540 1260 2600 so
1287 2540 1336 2600 hin

160 2564 216 2624 der
256 2564 347 2624 Herr
394 2561 450 2621 von

1397 2584 1459 2644 und
1488 2582 1691 2642 Herzlichkeit
1714 2582 1759 2642 die
1782 2581 1878 2641 große
1901 2582 2019 2642 Schuld
2048 2582 2076 2642 zu
2105 2582 2251 2642 bezahlen
2298 2584 2382 2644 Luft
2406 2585 2456 2645 des
2485 2583 2614 2643 Wiener
2643 2582 2773 2642 Waldes
2808 2585 2863 2645 und
2898 2584 2954 2644 sein
2989 2584 3163 2644 Sommer¬

500 2591 615 2651 stellte,
638 2589 698 2649 wie
726 2588 764 2648 sie
792 2589 924 2649 wirklich
958 2588 1085 2648 waren,
1113 2588 1256 2648 gleichsam
1306 2585 1356 2645 als

162 2611 229 2671 tier
258 2608 314 2668 vom
360 2608 428 2668 Sem

1396 2630 1481 2690 war,
1503 2629 1551 2689 die
1578 2629 1647 2689 man
1674 2629 1732 2689 auf
1754 2629 1802 2689 sich
1834 2627 1962 2687 geladen
1989 2626 2095 2686 hatte,
2112 2626 2165 2686 als
2192 2626 2261 2686 man

2309 2634 2388 2694 glück
2411 2632 2467 2692 und
2496 2631 2763 2691 Herbsttrauern,
2780 2631 2893 2691 kurzum
2933 2630 2978 2690 all
3001 2631 3074 2691 das,
3092 2629 3159 2689 was

498 2638 773 2698 Entschuldigung
816 2635 870 2695 für
914 2635 994 2695 alles
1038 2633 1199 2693 Unzarte,
1232 2632 1361 2692 Rauhe,

157 2659 352 2719 Medardus,
375 2656 438 2716 Ana

1401 2677 1462 2737 das
1489 2677 1576 2737 Wien
1607 2675 1756 2735 zerstören
1788 2674 1906 2734 wollte,
1927 2674 1984 2734 das
2015 2674 2066 2734 das
2092 2671 2185 2731 Wien
2216 2674 2262 2734 der

2308 2680 2398 2740 Wien
2432 2680 2490 2740 ist,
2517 2680 2601 2740 Wien
2641 2680 2745 2740 heißt,
2771 2680 2856 2740 Wien
2902 2680 2966 2740 war
3001 2680 3058 2740 und
3098 2679 3156 2739 sein

498 2684 698 2744 Feindselige
726 2683 932 2743 gesprochen,
955 2683 998 2743 ein
1031 2680 1129 2740 Wort
1156 2681 1232 2741 nur,
1254 2677 1351 2737 hinge

157 2704 185 2764 be
214 2704 270 2764 und
306 2704 356 2764 das
385 2704 458 2764 süße

1404 2724 1600 2784 kaiserlichen
1635 2722 1727 2782 Zeit,
1751 2722 1803 2782 das
1838 2721 1924 2781 Wien
1965 2721 2017 2781 der
2046 2722 2260 2782 wienerischen
2307 2728 2393 2788 wird

501 2733 583 2793 weht
609 2731 665 2791 wie
692 2731 732 2791 ein
764 2730 872 2790 welkes
903 2729 996 2789 Blatt
1022 2728 1078 2788 auf
1100 2728 1228 2788 unserem
1270 2728 1367 2788 Weg,

162 2755 209 2815 der
240 2754 385 2814 Strizzi,
410 2751 458 2811 der

1407 2771 1588 2831 Menschen,
1617 2770 1673 2830 sein
1707 2768 1797 2828 Wien
1832 2770 1899 2830 und
1933 2770 2035 2830 damit
2069 2770 2136 2830 auch
2171 2770 2266 2830 unser

496 2781 552 2841 den
604 2779 665 2839 wir
713 2779 1168 2839 sommersehnsuchtstrunken
1220 2776 1251 2836 in
1303 2773 1354 2833 den

2369 2779 2459 2839 Geht
2488 2782 2536 2842 ihr
2565 2782 2641 2842 alle,
2663 2782 2809 2842 Wiener,
2831 2782 2920 2842 durch
2949 2782 3019 2842 euer
3047 2782 3158 2842 Wien!

164 2800 276 2860 poral,
300 2800 376 2860 alle,
407 2797 465 2857 alle

1402 2817 1492 2877 Wien
1522 2820 1655 2880 gewesen
1693 2817 1746 2877 ist.

494 2826 631 2886 Herbst,
653 2826 679 2886 in
711 2824 764 2884 den
791 2823 917 2883 Winter
950 2823 1060 2883 gehen,
1082 2823 1209 2883 armer,
1230 2820 1346 2880 frieren

2309 2832 2394 2892 Seht
2417 2829 2464 2889 hin
2497 2829 2556 2889 und
2590 2829 2686 2889 macht
2708 2829 2756 2889 die
2784 2831 2892 2891 Augen
2925 2829 2983 2889 und
3016 2831 3059 2891 die
3081 2829 3167 2889 Her¬

163 2852 192 2912 ft
205 2847 335 2907 atmen,
355 2846 384 2906 ob
409 2844 437 2904 au

503 2878 556 2938 der
589 2877 836 2937 Erinnerungen
875 2874 1035 2934 übervoll,
1063 2872 1111 2932 der
1144 2871 1251 2931 Liebe,
1273 2868 1353 2928 ihres

1464 2872 1644 2932 Gewesen?
1674 2874 1856 2934 Verweht?
1885 2874 2025 2934 Dahin?
2056 2872 2142 2932 Doch
2179 2874 2271 2934 nicht,

2305 2882 2356 2942 zen
2390 2878 2463 2938 auf!
2487 2876 2531 2936 Es
2560 2874 2599 2934 ist
2623 2876 2690 2936 euer
2719 2877 2810 2937 Wien
2839 2878 3019 2938 geblieben,
3043 2877 3076 2937 ob
3105 2878 3166 2938 auf

179 2894 214 2954 im
262 2892 368 2952 Café.
392 2891 462 2951 Und

1402 2922 1491 2982 wenn
1523 2919 1555 2979 es
1587 2921 1655 2981 auch
1683 2922 1714 2982 zu
1747 2920 1799 2980 den
1832 2919 2187 2979 pseudoliterarischen,
2208 2921 2239 2981 em

505 2925 630 2985 Glückes
665 2925 726 2985 und
756 2925 840 2985 ihres
875 2925 1079 2985 Entsagens,
1102 2922 1187 2982 ihres
1216 2921 1363 2981 Findens

2311 2927 2363 2987 dem
2411 2925 2675 2985 Stephansplatz
2702 2925 2775 2985 oder
2813 2926 2954 2986 draußen
2998 2925 3023 2985 in
3061 2925 3166 2985 Grin¬

149 2940 174 3000 e
202 2940 327 3000 Worte,
349 2940 408 3000 nur
435 2940 461 3000 in

1400 2970 1534 3030 phatisch
1567 2969 1772 3029 verkündeten
1805 2967 2189 3027 Nachkriegsweisheiten
2217 2969 2265 3029 sich

2305 2977 2395 3037 zing,
2419 2973 2452 3033 ob
2481 2972 2503 3032 im
2549 2971 2656 3031 Glanz
2679 2973 2735 3033 der
2758 2973 3006 3033 Mittagssonne
3035 2973 3103 3033 oder
3132 2973 3153 3033 in

145 2988 210 3048 ur
229 2988 384 3048 vielleicht
403 2985 462 3045 mit
505 2977 571 3037 und
595 2977 781 3037 Verlierens
812 2976 979 3036 verspielte
1004 2974 1142 3034 Kinder.

1401 3016 1563 3076 arriviert
1591 3018 1774 3078 dünkender
1807 3015 2034 3075 Auch=Dichter
2067 3017 2115 3077 der
2149 3015 2262 3075 großen

2309 3021 2362 3081 der
2390 3024 2476 3084 leisen
2509 3021 2724 3081 Melancholie
2752 3022 2832 3082 eines
2865 3022 3167 3082 wolkenverhange¬

151 3037 252 3097 Wesen
294 3034 364 3094 doch
407 3032 465 3092 alle

568 3036 697 3096 Gerade
726 3035 877 3095 deshalb,
900 3035 975 3095 weil
1003 3035 1062 3095 wir
1090 3032 1198 3092 solches
1231 3031 1344 3091 empfin

1468 3062 1543 3122 doch
1571 3062 1640 3122 ach!
1663 3064 1673 3124 —
1733 3062 1797 3122 viel
1819 3062 1975 3122 kleineren
2003 3062 2067 3122 Ara
2100 3062 2148 3122 des
2181 3062 2272 3122 wirk¬

2310 3076 2364 3136 nen
2398 3071 2634 3131 Nachmittags.
2657 3071 2722 3131 Und
2751 3071 2778 3131 es
2806 3072 2882 3132 kann
2916 3074 2993 3134 sein,
3015 3074 3064 3134 daß
3093 3071 3158 3131 euck

156 3086 263 3146 hardi
293 3080 361 3140 war
395 3079 463 3139 oder

504 3090 583 3150 den,
600 3087 758 3147 mitleiden
791 3086 902 3146 können
940 3086 998 3146 mit
1019 3086 1066 3146 dem
1110 3083 1178 3143 Leid
1205 3083 1290 3143 eines
1317 3080 1364 3140 sick

1404 3110 1493 3170 lichen
1527 3110 1717 3170 Verfalles,
1740 3110 1796 3170 der
1824 3110 1997 3170 Inflation
2032 3110 2098 3170 und
2132 3107 2182 3167 der
2216 3109 2260 3169 tat

2305 3125 2371 3185 auf
2399 3122 2448 3182 dem
2493 3122 2842 3182 Sommerhaidenweg
2882 3125 2926 3185 ein
2965 3123 3153 3183 soignierter

154 3134 193 3194 ,
217 3129 336 3189 freilich
372 3128 463 3188 unter

506 3138 737 3198 entlaubenden
769 3137 934 3197 Baumes,
955 3137 1016 3197 uns
1043 3134 1212 3194 mitfreuen
1244 3133 1357 3193 können

1409 3158 1568 3218 sächlichen
1607 3158 1684 3218 Zote
1718 3156 1861 3216 gehörte,
1890 3158 1944 3218 von
1983 3157 2038 3217 der
2067 3156 2270 3216 Morbidität

2312 3176 2392 3236 alter
2420 3173 2501 3233 Herr
2529 3173 2680 3233 begegnet
2708 3173 2772 3233 und
2800 3172 2859 3232 mit
2887 3174 2984 3234 seinem
3028 3175 3174 3235 Lächeln,

165 3179 328 3239 anderer
354 3174 467 3234 Atmo¬

502 3191 544 3251 an
583 3190 631 3250 dem
680 3188 756 3248 Weh
789 3188 875 3248 eines
908 3188 1021 3248 tödlich
1054 3185 1249 3245 getroffenen
1287 3179 1351 3239 Her

1409 3206 1679 3266 Schnitzlerischer
1707 3203 1867 3263 Gestalten
1901 3207 1928 3267 zu
1967 3206 2099 3266 sprechen
2139 3206 2199 3266 und
2233 3206 2271 3266 sie

2310 3224 2366 3284 das
2395 3224 2451 3284 wie
2475 3223 2520 3283 ein
2555 3222 2645 3282 Gruß
2675 3223 2737 3283 aus
2766 3224 2919 3284 schöneren
2955 3224 3057 3284 Tagen
3092 3224 3165 3284 über

202 3226 384 3286 wienerisch
406 3222 463 3282 allt

508 3243 599 3303 zens,
627 3241 686 3301 uns
724 3239 783 3299 mit
811 3239 1043 3299 aufschwingen
1081 3235 1194 3295 können
1233 3235 1265 3295 zu
1298 3233 1367 3293 Lei¬

1409 3253 1471 3313 mit
1499 3253 1583 3313 einer
1621 3250 1891 3310 Handbewegung
1929 3253 2093 3313 abzutun.
2126 3251 2268 3311 (Geschah

179 3274 243 3334 wie
279 3274 302 3334 im
349 3271 472 3331 Bösen.

2315 3276 2359 3336 die
2398 3274 2425 3334 in
2464 3271 2630 3331 Schleiern
2670 3271 2818 3331 liegende
2852 3273 2962 3333 Stadt
2996 3274 3024 3334 zu
3068 3274 3162 3334 euren

510 3290 725 3350 denschaften,
742 3289 791 3349 die
813 3289 904 3349 unser
926 3287 1007 3347 Herz
1029 3286 1088 3346 und
1111 3285 1191 3345 Hirn
1218 3283 1337 3343 entflam

1409 3300 1488 3360 nicht
1521 3299 1648 3359 gleiches
1696 3298 1760 3358 mit
1787 3298 1882 3358 Ibsen
1931 3300 1994 3360 und
2037 3299 2138 3359 seinen
2176 3298 2276 3358 Men¬

150 3321 261 3381 genden
297 3318 454 3378 Sommer

2315 3325 2422 3385 Füßen
2451 3322 2608 3382 hinweht,
2626 3322 2710 3382 einem
2750 3324 2863 3384 jungen
2898 3325 3061 3385 Leutnant
3084 3325 3168 3385 nach¬

507 3343 597 3403 men,
618 3340 729 3400 gerade
755 3338 885 3398 deshalb
916 3338 992 3398 darf
1013 3337 1083 3397 man
1114 3334 1275 3394 glauben:
1296 3331 1366 3391 noch

1411 3346 1539 3406 schen?)
1565 3346 1709 3406 Damals
1741 3345 1946 3405 verleugnete
1978 3347 2029 3407 sich
2060 3346 2173 3406 Wien,
2199 3346 2271 3406 oder

158 3368 290 3428 rlüfte,
315 3367 375 3427 auf
400 3364 447 3424 dem

2310 3376 2417 3436 blickt,
2440 3373 2490 3433 der
2525 3372 2609 3432 einem
2661 3373 2779 3433 kleinen
2819 3373 2937 3433 Mädel
2966 3373 3079 3433 Worte
3108 3373 3158 3433 ins

508 3391 626 3451 immer
648 3388 745 3448 gibt's
773 3388 815 3448 die
838 3388 924 3448 Welt
946 3388 1005 3448 mit
1022 3387 1205 3447 Menschen,
1222 3384 1270 3444 die
1292 3379 1351 3439 nich

1401 3394 1501 3454 besser
1538 3394 1567 3454 es
1609 3393 1719 3453 wurde
1751 3394 1963 3454 verleugnet.
1994 3394 2079 3454 Aber
2116 3394 2150 3454 es
2187 3394 2267 3454 starl

173 3415 476 3475 Weihnachtsein¬

2315 3428 2383 3488 Ohr
2406 3424 2547 3484 flüstert,
2559 3423 2603 3483 die
2627 3422 2637 3482 —
2689 3424 2728 3484 ich
2751 3426 2869 3486 glaube
2887 3424 2898 3484 —
2955 3424 3005 3484 von
3034 3427 3158 3487 Schnitz

505 3442 715 3502 Schablonen
744 3440 828 3500 sind;
852 3439 914 3499 noch
943 3439 1056 3499 immer
1085 3435 1181 3495 gibt's
1204 3433 1255 3493 die
1278 3433 1373 3493 Welt,

1410 3442 1501 3502 nicht.
1529 3442 1610 3502 Auch
1643 3442 1724 3502 seine
1752 3441 1914 3501 Menschen
1953 3442 2072 3502 starben
2110 3442 2207 3502 nicht,
2235 3440 2267 3500 sie

154 3467 240 3527 inem
287 3461 449 3521 Abschieds

2316 3479 2356 3539 ler
2385 3474 2443 3534 sein
2473 3474 2623 3534 könnten.
2647 3474 2694 3534 Ob
2729 3474 2798 3534 auch
2828 3472 2862 3532 sie
2886 3472 2920 3532 es
2945 3474 3048 3534 weiß?
3073 3474 3165 3534 Mein

1404 3489 1492 3549 leben
1529 3487 1622 3547 heute
1654 3488 1742 3548 noch.
1769 3486 1841 3546 Und
1873 3487 1914 3547 sie
1941 3487 2029 3547 leben
2066 3486 2201 3546 wieder.
2228 3485 2269 3545 Es

505 3494 538 3554 in
588 3492 637 3552 der
683 3489 776 3549 Liebe
821 3486 904 3546 nicht
949 3486 1131 3546 unbedingt
1171 3483 1237 3543 nur
1282 3481 1364 3541 einen

202 3509 478 3569 Tränenperlen,

2312 3527 2408 3587 Gott,
2437 3524 2499 3584 wie
2534 3525 2635 3585 wenig
2676 3524 2761 3584 liegt
2795 3525 2914 3585 daran,
2943 3525 3033 3585 wenn
3074 3525 3163 3585 solche

1416 3536 1456 3596 sei
1478 3537 1575 3597 denn,
1596 3537 1653 3597 daß
1679 3535 1761 3595 einer
1787 3535 1890 3595 sagte,
1906 3536 1941 3596 sie
1968 3534 2070 3594 wären
2097 3536 2276 3596 gestorben,

506 3541 787 3601 Theaterkonflikt
821 3537 990 3597 bedeutet;
1018 3537 1087 3597 noch
1124 3535 1241 3595 immer
1274 3532 1369 3592 gibt's

154 3560 254 3620 Frau,
285 3558 314 3618 im
362 3555 456 3615 Hotel

2311 3579 2421 3639 Worte
2453 3579 2514 3639 nur
2539 3576 2718 3636 gesprochen
2750 3579 2897 3639 werden,
2923 3577 2966 3637 die
2991 3576 3164 3636 wienerisch

1409 3583 1483 3643 weil
1515 3582 1562 3642 die
1595 3582 1791 3642 männlichen
1834 3582 2019 3642 Geschlechts
2057 3582 2157 3642 keinen
2200 3582 2268 3642 oder

504 3594 632 3654 Leben,
648 3592 705 3652 das
732 3591 824 3651 Leben
851 3589 886 3649 ist
907 3590 964 3650 und
990 3588 1067 3648 nicht
1089 3586 1150 3646 nur
1171 3585 1290 3645 Kulisse
1311 3582 1367 3642 und

164 3610 222 3670 hof
252 3606 310 3666 von
352 3603 451 3663 Schön

2977 3627 3119 3687 Thomas

510 3647 761 3707 Hintergrund,
786 3643 1001 3703 Trauerspiel
1038 3641 1093 3701 und
1130 3637 1290 3697 Lustspiel
1321 3638 1376 3698 zu¬
1413 3633 1498 3693 nicht
1518 3633 1633 3693 immer
1659 3635 1745 3695 einen
1770 3633 1935 3693 gestärkten
1966 3634 2181 3694 Hemdkragen
2206 3633 2279 3693 tra¬
2317 3633 2408 3693 sind!

163 3664 219 3724 en
247 3655 387 3715 Korsen.
