3344 4320
143 299 173 359 2

295 312 869 372 Schnitzler's
947 318 1172 378 Death

1397 325 1519 385 box
1596 332 1841 392 43/18

161 1610 1358 1670 HNITZLER

130 1717 474 1777 DIEBOID

139 1807 329 1867 dissection
377 1811 496 1871 tandis
520 1813 577 1873 que
601 1815 792 1875 Schnitzler
816 1816 849 1876 se
873 1821 1097 1881 complai-la
1121 1825 1259 1885 réulité.
1279 1828 1340 1888 Les
1365 1832 1526 1892 horreurs
1551 1836 1588 1896 de
1613 1837 1727 1897 l'exis¬

106 1855 243 1915 posait
277 1857 331 1917 son
375 1858 443 1918 sait
468 1859 482 1919 à
512 1858 570 1918 des
600 1863 884 1923 réconciliations
914 1868 1035 1928 perpé¬
1065 1873 1167 1933 tence
1193 1876 1393 1936 trouvèrent
1418 1880 1452 1940 en
1482 1882 1530 1942 lui
1555 1882 1588 1942 un
1623 1885 1725 1945 inter¬

112 1903 170 1963 ant
195 1905 228 1965 un
263 1906 349 1966 tout.

374 1908 493 1968 tuelles
533 1908 611 1968 avec
647 1912 673 1972 la
718 1915 876 1975 douleur,
903 1917 933 1977 la
969 1921 1158 1981 fal-prète
1189 1926 1356 1986 littéraire
1392 1927 1559 1987 d'essence
1590 1933 1726 1993 roman¬

112 1953 337 2013 seulement
376 1955 484 2015 blesse
514 1955 547 2015 et
572 1958 596 2018 la
631 1960 733 2020 mort.
759 1962 851 2022 Ibsen
886 1964 1037 2024 exigeait
1072 1967 1179 2027 tique.
1219 1971 1248 2031 Il
1288 1973 1488 2033 reconnaît,
1528 1980 1732 2040 comprend,

110 1999 181 2059 es»
212 2002 347 2062 (c'était

380 2004 414 2064 de
445 2004 540 2064 l'ûme
570 2006 635 2066 une
666 2008 816 2068 morale,
836 2014 1026 2074 Schnitzler
1057 2019 1242 2079 pardonne
1278 2020 1368 2080 tout,
1399 2024 1564 2084 compatit
1599 2026 1609 2086 à
1650 2026 1724 2086 tout

111 2049 211 2109 odes
241 2049 478 2109 natu-nse
509 2054 634 2114 lassait
660 2056 700 2116 de
730 2058 876 2118 jusfer
907 2058 937 2118 a
967 2062 1022 2122 ai

1114 2064 1150 2124 et
1178 2067 1336 2127 distance
1373 2070 1464 2130 tout.
1491 2073 1609 2133 Ainsi,
1632 2076 1723 2136 dans

111 2097 166 2157 nité
203 2097 341 2157 organi¬

368 2100 476 2160 blesse
514 2102 638 2162 morale
672 2105 714 2165 du
752 2106 843 2166 cœur
877 2109 1035 2169 humain.

1061 2112 1074 2172 «
1099 2115 1254 2175 Liebelei
1274 2117 1311 2177 »,
1326 2118 1349 2178 il
1373 2118 1458 2178 nous
1482 2121 1591 2181 donne
1615 2124 1724 2184 l’ima¬

111 2144 258 2204 indivise
291 2147 327 2207 du
370 2146 464 2206 C'est
491 2148 549 2208 que
581 2150 612 2210 le
639 2153 792 2213 médecin
830 2156 972 2216 conçoit
999 2160 1025 2220 la
1057 2162 1099 2222 ge
1137 2163 1210 2223 d'un
1253 2165 1374 2225 conflit
1406 2169 1590 2229 amoureux
1628 2172 1722 2232 entre

111 2193 253 2253 nitzler,
287 2196 335 2256 les

369 2196 527 2256 faiblesse
559 2200 668 2260 mieux
700 2201 759 2261 que
791 2202 818 2262 la
846 2204 958 2264 force.
982 2207 1022 2267 La
1064 2210 1181 2270 quatre
1213 2211 1299 2271 êtres
1327 2214 1340 2274 —
1395 2215 1480 2275 deux
1513 2218 1662 2278 hommes
1694 2221 1725 2281 et

106 2240 129 2300 n
169 2240 207 2300 un
241 2240 342 2300 orga-

368 2244 621 2304 psychanalyse
662 2249 844 2309 comprend
885 2253 920 2313 et
957 2253 1036 2313 par¬

1058 2258 1134 2318 deux
1172 2260 1318 2320 femmes
1363 2258 1375 2318 —
1449 2263 1509 2323 qui
1538 2264 1619 2324 sont
1648 2267 1713 2327 non

113 2288 148 2348 ur
184 2289 224 2349 lee
255 2291 331 2351 jeux

371 2291 481 2351 donne
512 2294 605 2354 tout.

1053 2306 1245 2366 seulement
1277 2306 1500 2366 l'expression
1547 2312 1582 2372 de
1619 2315 1719 2375 l'âme

408 2341 603 2401 Schnitzler
630 2343 719 2403 reste
750 2345 786 2405 un
817 2348 875 2408 des
902 2350 1026 2410 grands

1054 2354 1234 2414 viennoise
1277 2359 1339 2419 par
1382 2360 1596 2420 excellence,
1630 2363 1718 2423 mais

101 2389 171 2449 gne
204 2387 252 2447 n'a
286 2387 339 2447 eu,

366 2389 620 2449 représentants
672 2392 710 2452 de
754 2393 783 2453 la
831 2396 1024 2456 littérature

1060 2404 1113 2464 qui
1136 2405 1379 2465 représentent
1397 2408 1489 2468 aussi
1508 2408 1534 2468 le
1561 2408 1604 2468 jeu
1632 2409 1720 2469 éter¬

113 2434 189 2494 de
218 2434 336 2494 s'atta-

364 2437 577 2497 allemande,
607 2439 661 2499 son
704 2443 821 2503 œuvre
859 2443 888 2503 se
926 2446 1022 2506 place

1054 2449 1111 2509 nel
1138 2452 1174 2512 de
1205 2452 1347 2512 l’amour
1374 2452 1422 2512 tel
1445 2454 1529 2514 qu’il
1552 2457 1582 2517 se
1614 2458 1720 2518 mani¬

95 2479 120 2539 n
153 2482 168 2542 «
194 2483 335 2543 problé¬

362 2485 450 2545 entre
484 2487 516 2547 le
544 2487 703 2547 réalisme
736 2491 955 2551 scientifique
989 2495 1021 2555 et
1050 2497 1138 2557 feste
1171 2499 1259 2559 dans
1293 2500 1339 2560 les
1372 2502 1489 2562 quatre
1522 2505 1624 2565 types
1658 2506 1718 2566 im¬

104 2532 138 2592 ec
168 2530 232 2590 une
261 2532 335 2592 grâ¬

362 2533 404 2593 les
427 2533 581 2593 données
605 2536 702 2596 d'une
726 2540 917 2600 sensibilité
941 2544 1192 2604 lyri¬ortels
1220 2548 1257 2608 de
1281 2548 1490 2608 l'amoureux
1524 2551 1532 2611 :
1552 2554 1719 2614 l'ingénu,

99 2578 269 2638 matique
300 2581 314 2641 s

367 2583 424 2643 que
477 2584 725 2644 extrêmement
773 2587 869 2647 vive.
907 2589 1021 2649 Moins
1056 2593 1084 2653 le
1118 2596 1352 2656 sentimental,
1376 2596 1404 2656 le
1433 2598 1519 2658 mâle
1553 2599 1586 2659 et
1610 2600 1638 2660 la
1668 2600 1720 2660 fe¬

134 2628 246 2688 jouait
281 2628 320 2688 de
355 2630 541 2690 énergique
586 2632 620 2692 et
655 2634 767 2694 moins
807 2634 930 2694 fécond
979 2638 1013 2698 en
1058 2642 1170 2702 melle.
1196 2643 1283 2703 Pour
1313 2643 1411 2703 créer
1441 2644 1480 2704 un
1515 2647 1627 2707 drame
1662 2647 1720 2707 pa¬

90 2673 183 2733 Dans
213 2675 236 2735 le
266 2674 452 2734 do-dées
497 2679 595 2739 qu'un
649 2682 860 2742 Wedekind,
885 2685 943 2745 qui
987 2685 1016 2745 se
1056 2689 1134 2749 reil,
1159 2691 1193 2751 où
1228 2691 1355 2751 chacun
1390 2691 1502 2751 trouve
1532 2693 1576 2753 les
1605 2697 1712 2757 traces

99 2724 229 2784 mand,
249 2724 328 2784 per¬

358 2727 540 2787 proposait
567 2729 605 2789 de
632 2730 866 2790 transformer
893 2733 1009 2793 radica

1053 2736 1092 2796 de
1115 2737 1168 2797 ses
1190 2739 1337 2799 propres
1364 2739 1582 2799 sentiments,
1600 2744 1626 2804 il
1645 2745 1720 2805 faut

130 2773 196 2833 lui,
227 2772 324 2832 allier

358 2775 486 2835 lement
513 2775 539 2835 la
566 2778 695 2838 société
726 2778 761 2838 de
788 2780 845 2840 son
877 2781 1009 2841 époque

1046 2784 1145 2844 avoir
1180 2784 1218 2844 de
1257 2787 1415 2847 l'homme
1455 2788 1514 2848 une
1553 2792 1712 2852 connais¬

135 2820 321 2880 technique

359 2823 470 2883 moins
504 2825 652 2885 familier
690 2826 731 2886 du
769 2828 876 2888 chaos
909 2827 950 2887 de
983 2831 1010 2891 la
1048 2832 1150 2892 sance
1197 2834 1281 2894 dont
1318 2835 1364 2895 les
1402 2836 1532 2896 limites
1569 2839 1713 2899 doivent

95 2867 149 2927 nt
188 2870 329 2930 spécifi¬

356 2870 553 2930 souffrance
589 2873 651 2933 que
687 2873 718 2933 le
755 2874 853 2934 jeune
889 2876 1009 2936 Haupt

1044 2879 1239 2939 embrasser
1274 2882 1438 2942 l'horizon
1477 2884 1506 2944 le
1542 2886 1615 2946 plus
1646 2888 1714 2948 lar¬

111 2921 125 2981 a
156 2918 280 2978 appris
306 2918 320 2978 à

354 2918 475 2978 mann,
513 2921 634 2981 auteur
686 2922 723 2982 de
778 2921 790 2981 «
820 2924 1012 2984 Fuhrmann

1048 2931 1104 2991 ge.
1126 2929 1186 2989 Les
1221 2930 1449 2990 conventions
1480 2931 1518 2991 du
1553 2935 1626 2995 xIx'
1648 2936 1712 2996 sié¬

105 2966 180 3026 doit
197 2966 267 3026 être
294 2964 315 3024 le
348 2966 537 3026 Henschel
560 2968 597 3028 »,
624 2969 738 3029 enfin,
760 2971 873 3031 moins
901 2973 1008 3033 enclin

1047 2975 1095 3035 cle
1122 2977 1174 3037 n’y
1201 2978 1321 3038 jouent
1348 2980 1409 3040 que
1436 2980 1462 3040 le
1490 2981 1560 3041 rôle
1592 2984 1706 3044 secon¬

105 3014 118 3074 «
158 3014 330 3074 Intermè-

356 3014 418 3074 aux
449 3014 462 3074 «
485 3014 586 3074 chocs
609 3017 621 3077 »
649 3017 710 3077 que
737 3020 949 3080 l'esthétique
976 3022 1016 3082 de

1049 3023 1141 3083 daire
1178 3026 1217 3086 du
1257 3026 1346 3086 sujet
1377 3026 1412 3086 et
1444 3028 1479 3088 de
1515 3030 1714 3090 l'exemple,

88 3058 136 3118 de
177 3061 299 3121 l'amou

356 3059 411 3119 son
449 3064 561 3124 temps
594 3064 678 3124 l'eût
706 3065 874 3125 peul-être
907 3070 1005 3130 exigé

1045 3070 1102 3130 sur
1133 3073 1279 3133 lesquels
1311 3073 1346 3133 se
1382 3076 1483 3136 greffe
1520 3077 1701 3137 l'éternelle

93 3106 125 3166 es
153 3109 218 3169 qui
246 3108 327 3168 s’in¬

353 3109 547 3169 Schnitzler
579 3112 651 3172 n'en
692 3113 705 3173 a
738 3115 945 3175 personniflé
982 3117 1009 3177 le
1050 3121 1239 3181 «comédie
1263 3123 1475 3183 humaine».
1489 3124 1529 3184 Le
1557 3126 1701 3186 costume

94 3157 241 3217 éternité
282 3157 315 3217 de

355 3160 431 3220 type
470 3160 508 3220 de
542 3160 749 3220 l'Européen
788 3163 912 3223 fatigué
951 3166 1013 3226 que

1046 3169 1139 3229 d'une
1166 3169 1299 3229 époque
1326 3169 1396 3229 n'en
1428 3172 1476 3232 est
1495 3172 1556 3232 que
1583 3174 1609 3234 la
1637 3175 1689 3235 for

104 3205 144 3265 un
199 3205 321 3265 drame

354 3205 508 3265 d'autant
535 3209 609 3269 plus
636 3211 843 3271 nettement.
866 3211 891 3271 Il
914 3211 927 3271 a
962 3213 1010 3273 été
1051 3214 1103 3274 me
1139 3217 1372 3277 changeante.
1404 3220 1421 3280 A
1466 3220 1597 3280 travers
1637 3225 1712 3285 elle,

107 3254 146 3314 un
192 3254 312 3314 simple
349 3254 585 3314 l'Occidental
631 3258 882 3318 extrêmement
923 3260 1013 3320 doud

1041 3261 1122 3321 c'est
1150 3265 1246 3325 l'âme
1278 3267 1360 3327 qu'il
1388 3270 1533 3330 importe
1565 3269 1602 3329 de
1630 3270 1702 3330 tou¬

121 3300 323 3360 Schnitzler

353 3303 434 3363 mais
457 3303 552 3363 aussi
571 3306 803 3366 l'Occidental
822 3308 889 3368 taré
917 3309 1003 3369 intel

1043 3311 1142 3371 cher.
1161 3312 1201 3372 Et
1225 3312 1434 3372 Schnitzler,
1453 3317 1480 3377 le
1508 3318 1608 3378 grand
1640 3318 1708 3378 mé¬

90 3348 115 3408 r
156 3348 216 3408 des
251 3347 323 3407 thè¬

351 3350 620 3410 lectuellement,
644 3354 677 3414 il
707 3354 721 3414 a
755 3354 807 3414 été
842 3354 1009 3414 l'héritier

1047 3360 1160 3420 decin,
1188 3360 1215 3420 le
1252 3363 1353 3423 grand
1394 3364 1508 3424 poète,
1536 3366 1563 3426 le
1596 3366 1696 3426 grand

89 3399 123 3459 ,
149 3399 178 3459 le
214 3399 309 3459 poète
340 3396 390 3456 du
441 3399 541 3459 riche
591 3402 802 3462 patrimoine
853 3405 1003 3465 culturel

1040 3408 1266 3468 connaisseur
1308 3410 1345 3470 de
1388 3412 1484 3472 l'âme
1526 3414 1706 3474 humaine,

93 3447 198 3507 leur,
217 3447 299 3507 beau

344 3447 467 3507 atteint
494 3447 564 3507 déjà
600 3450 683 3510 dans
710 3450 762 3510 ses
789 3451 930 3511 sources
961 3452 1102 3512 vi-rflxa
1134 3456 1217 3516 pour
1248 3458 1402 3518 toujours
1433 3458 1512 3518 celle
1543 3459 1583 3519 de
1610 3462 1702 3522 l'Eu¬

88 3497 156 3557 que
188 3494 219 3554 le
251 3494 313 3554 dur

352 3494 416 3554 ves,
437 3494 471 3554 du
502 3496 598 3556 vieux
623 3498 829 3558 Continent.
845 3500 869 3560 Il
890 3500 899 3560 a
925 3500 1000 3560 reçu
1031 3502 1162 3562 ropéen
1192 3505 1368 3565 décrépit,
1389 3507 1423 3567 au
1454 3509 1605 3569 moment
1626 3509 1705 3569 pré¬

84 3541 122 3601 on
167 3541 310 3601 humeur
339 3540 382 3600 en
433 3544 505 3604 legs
544 3545 649 3605 l'âme
694 3547 921 3607 déchiquetée
966 3551 1004 3611 du
1038 3551 1093 3611 cis
1133 3551 1165 3611 où
1216 3554 1276 3614 elle
1316 3557 1520 3617 s'apprétait
1560 3555 1576 3615 à
1615 3558 1703 3618 faire

118 3590 152 3650 de
188 3592 309 3652 joueur
345 3590 511 3650 faustien,
532 3593 567 3653 et
592 3593 718 3653 devant
744 3596 769 3656 la
800 3596 941 3656 douleur
972 3596 1006 3656 de

1036 3600 1131 3660 place
1171 3602 1205 3662 au
1249 3602 1462 3662 relativisme
1502 3605 1557 3665 des
1598 3606 1705 3666 temps

89 3638 149 3698 cas
186 3638 317 3698 indivi-

347 3638 399 3698 son
439 3641 698 3701 effondrement
730 3644 953 3704 intellectuel,
980 3645 1006 3705 il
1029 3647 1231 3707 nouveaux,
1262 3650 1319 3710 qui
1354 3652 1468 3712 rendit
1504 3653 1697 3713 conscients

97 3683 139 3743 du
179 3688 318 3748 drama¬

348 3688 356 3748 a
382 3688 497 3748 essayé
524 3688 558 3748 de
580 3689 609 3749 se
631 3691 790 3751 consoler
812 3691 845 3751 en
872 3692 1082 3752 s'adon-lles
1116 3694 1215 3754 rêves
1254 3695 1292 3755 de
1332 3696 1357 3756 la
1400 3699 1511 3759 vieille
1550 3702 1700 3762 Europe.

95 3735 124 3795 la
155 3733 205 3793 vie
230 3735 300 3795 étai

349 3736 432 3796 nant
458 3738 492 3798 au
527 3736 570 3796 jeu
605 3738 644 3798 de
669 3740 831 3800 l’illusion
866 3742 1008 3802 d’inspi¬

1034 3740 1122 3800 Dans
1156 3745 1244 3805 cette
1278 3745 1396 3805 ouvre
1435 3746 1472 3806 de
1511 3748 1704 3808 transposi¬

85 3781 109 3841 e
150 3784 240 3844 dans
281 3781 305 3841 le
341 3782 451 3842 ration
487 3785 723 3845 romantique.
743 3787 773 3847 Il
799 3787 873 3847 créa
904 3789 944 3849 de
975 3790 999 3850 la

1030 3790 1099 3850 tion
1134 3790 1173 3850 de
1208 3793 1303 3853 l'âme
1338 3793 1394 3853 sur
1425 3795 1455 3855 le
1485 3796 1559 3856 plan
1598 3798 1637 3858 de
1672 3796 1697 3856 la

88 3829 124 3889 ve
153 3831 237 3891 était
265 3831 302 3891 un
340 3832 456 3892 poésie
494 3830 531 3890 en
574 3835 667 3895 guise
705 3833 742 3893 de
779 3835 989 3895 consolation

1032 3838 1258 3898 conscience,
1279 3841 1476 3901 Schnitzler
1506 3842 1631 3902 s'avéra
1669 3844 1694 3904 le

81 3878 135 3938 sen
185 3877 312 3937 faisait
349 3879 476 3939 comme
509 3879 567 3939 une
595 3882 686 3942 sorte
713 3882 749 3942 de
777 3884 986 3944 complémen

1034 3885 1176 3945 critique
1215 3888 1277 3948 par
1324 3888 1513 3948 excellence
1556 3888 1593 3948 de
1635 3888 1689 3948 son

80 3927 97 3987 é
120 3925 246 3985 devant
265 3925 301 3985 un
342 3927 378 3987 de
410 3927 437 3987 la
465 3927 542 3987 vie;
565 3930 587 3990 il
610 3930 641 3990 se
673 3930 750 3990 créa
778 3931 814 3991 un
846 3931 1004 3991 bonheur
1027 3934 1162 3994 lépoque
1204 3935 1240 3995 et
1272 3935 1312 3995 un
1358 3936 1457 3996 poète
1494 3936 1534 3996 de
1576 3936 1602 3996 la
1644 3936 1693 3996 vie

73 3974 135 4034 fice
178 3974 312 4034 sévère,
326 3972 498 4032 illusoire
532 3978 660 4038 devant
685 3978 732 4038 les
761 3981 933 4041 malheurs
962 3981 999 4041 de
1029 3981 1334 4041 contemporaine.

2192 2115 2918 2175 OBSERVER

2283 2163 2305 2223 I.
2319 2164 2440 2224 österr.
2449 2171 2605 2231 behördl.
2615 2178 2914 2238 konzessioniertes

2231 2205 2467 2265 Unternehmen
2498 2211 2547 2271 für
2570 2219 2961 2279 Zeitungs-Ausschnitte

2288 2264 2434 2324 WIEN,
2461 2272 2507 2332 I.,
2535 2277 2821 2337 WOLLZEILE
2869 2285 2915 2345 11

2380 2321 2599 2381 TELEPHON
2632 2330 2809 2390 R-23-0-43

2144 2417 2271 2477 Feuille
2313 2425 2426 2485 d'Avis
2474 2429 2514 2489 de
2555 2436 2723 2496 Lausanne
2818 2452 2993 2512 Lausanne

2372 2557 2435 2617 30
2484 2552 2758 2612 DOTODSE
2792 2548 2855 2608 I3

2216 3531 2370 3591 ARTHUR
2408 3541 2653 3601 SCHXITZLER
2685 3544 2749 3604 EST
2782 3546 2888 3606 MORT

2133 3563 2166 3623 Le
2201 3566 2289 3626 grand
2323 3569 2411 3629 poète
2441 3571 2580 3631 viennois
2606 3576 2720 3636 ATThür
2750 3582 2919 3642 Schnitzler
2957 3584 3003 3644 est

2098 3594 2174 3654 mort
2200 3599 2388 3659 subitement
2415 3602 2425 3662 à
2459 3605 2584 3665 Vienne,
2610 3611 2694 3671 d'une
2721 3614 2864 3674 attaque.
2887 3620 2993 3680 Ancien

2096 3630 2244 3690 médecin,
2264 3635 2428 3695 Schnitzler
2455 3638 2481 3698 se
2508 3640 2584 3700 voua
2611 3644 2729 3704 bientôt
2752 3645 2763 3705 à
2794 3648 2817 3708 la
2844 3651 2943 3711 poésie
2966 3653 2996 3713 et

2096 3662 2106 3722 à
2129 3664 2198 3724 l'art
2217 3668 2408 3728 dramatique
2431 3670 2464 3730 où
2490 3672 2512 3732 il
2527 3674 2674 3734 remporta
2704 3678 2755 3738 des
2774 3681 2873 3741 succès
2900 3687 3002 3747 reten-

2098 3698 2237 3758 tissants.
2261 3700 2313 3760 Son
2348 3703 2415 3763 plus
2442 3707 2533 3767 grand
2564 3712 2730 3772 triomphe,
2760 3717 2881 3777 Reigen,
2904 3720 2991 3780 cayéa

2097 3733 2218 3793 quelque
2244 3738 2399 3798 scnndale.
2416 3739 2441 3799 Il
2458 3742 2503 3802 fut
2525 3743 2545 3803 le
2572 3745 2655 3805 poète
2681 3748 2709 3808 de
2735 3748 2755 3808 la
2782 3751 2886 3811 temme
2907 3757 2986 3817 ete

2093 3769 2250 3829 l'amour.
