3392 4256
240 231 360 291 12.

423 252 905 312 Schnitzler
975 247 1003 307 s
1074 242 1299 302 Death

304 705 1013 765 OBSERVER

390 759 417 819 I.
430 759 555 819 österr.
564 759 716 819 behördl.
730 759 1033 819 konzessioniertes

348 801 585 861 Unternehmen
617 801 662 861 für
690 803 1078 863 Zeitungs-Ausschnitte

405 859 546 919 WIEN,
574 864 629 924 I.,
650 864 934 924 WOLLZEILE
983 864 1029 924 11

503 915 717 975 TELEPHON
755 915 927 975 R-23-0-43

390 1108 560 1168 schnitt

1023 1114 1086 1174 vom

395 1229 458 1289 aus

952 1248 1002 1308 ....

321 1365 382 1425 Nr.

714 1450 769 1510 der

464 1535 775 1595 Münchener
809 1538 1019 1598 Zeitung

500 1666 585 1726 Wite
606 1668 712 1728 denchen
733 1667 773 1727 die
793 1667 826 1727 als
840 1670 972 1730 Allchseial

257 1896 437 1956 Irthur
475 1896 788 1956 Schnitzler
826 1894 1164 1954 gestorben.

383 1953 433 2013 tu.
447 1953 569 2013 Wien,
584 1953 624 2013 22.
638 1954 701 2014 Okt.
716 1953 774 2013 Der
793 1953 957 2013 bedeutende
980 1953 1175 2013 österreichische

331 1992 511 2052 Dramatiker
534 1993 593 2053 Dr.
607 1992 762 2052 Arthur
784 1992 999 2052 Schnitzler
1021 1994 1051 2054 ist
1069 1993 1167 2053 gestern

337 2034 414 2094 abend
445 2034 466 2094 im
506 2034 553 2094 69.
575 2033 743 2093 Lebensjahr
770 2031 990 2091 gestorben.
1021 2032 1064 2092 Am
1103 2034 1176 2094 Vor¬

334 2073 423 2133 mittag
448 2073 521 2133 erlitt
542 2073 566 2133 er
587 2073 636 2133 auf
653 2072 725 2132 einem
763 2073 955 2133 Spaziergang
980 2073 1036 2133 eine
1058 2074 1175 2134 Gehirn¬

333 2111 449 2171 blutung
480 2114 531 2174 und
558 2112 683 2172 verschied
709 2111 769 2171 nach
800 2112 1016 2172 mehrstündiger
1043 2114 1176 2174 Bewuht¬

340 2153 473 2213 losiakeit.

279 2213 403 2273 Arthur
428 2213 662 2273 Schnitzler
687 2213 796 2273 wurde
821 2213 854 2273 am
893 2213 940 2273 15.
955 2213 1031 2273 Mai
1051 2213 1117 2273 1862
1147 2214 1170 2274 in

200 2255 288 2315 Wien
323 2255 372 2315 als
402 2255 490 2315 Sohn
530 2255 579 2315 des
614 2255 795 2315 Professors
825 2255 958 2315 Johann
993 2255 1184 2315 Schnitzler,

204 2294 289 2354 eines
326 2296 571 2356 Laryngologen
612 2296 667 2356 von
708 2296 899 2356 Bedeutung
936 2296 1094 2356 geboren.
1127 2295 1171 2355 Er

206 2335 350 2395 studierte
380 2337 552 2397 gleichfalls
587 2338 726 2398 Medizin
760 2335 789 2395 in
823 2337 933 2397 Wien,
958 2337 1179 2397 promovierte

206 2375 268 2435 1885
301 2377 359 2437 und
387 2377 472 2437 war,
491 2377 622 2437 nachdem
663 2378 694 2438 er
727 2374 939 2434 (1886--1889)
962 2377 994 2437 an
1030 2377 1175 2437 verschie¬

206 2418 299 2478 denen
327 2419 472 2479 Kliniken
501 2419 692 2479 praktiziert
716 2419 777 2479 und
805 2419 870 2479 auch
899 2419 964 2479 eine
992 2419 1081 2479 Reise
1110 2418 1160 2478 zum

201 2461 342 2521 Studium
388 2461 438 2521 der
465 2461 675 2521 hygienischen
712 2460 958 2520 Einrichtungen
995 2458 1063 2518 nach
1096 2458 1177 2518 Lon¬

200 2499 255 2559 don
293 2501 353 2561 und
382 2501 484 2561 Paris
512 2502 764 2562 unternommen
797 2502 895 2562 hatte,
919 2501 965 2561 bis
1003 2499 1067 2559 1893
1096 2498 1179 2558 Assi¬

205 2541 279 2601 stent
308 2543 410 2603 seines
448 2541 569 2601 Vaters
612 2541 649 2601 an
696 2541 751 2601 der
784 2541 915 2601 Wiener
948 2541 1167 2601 Allgemeinen

206 2583 393 2643 Poliklinik.
432 2583 504 2643 Den
543 2583 841 2643 militärärztlichen
876 2584 1010 2644 Dienst,
1045 2582 1068 2642 in
1117 2580 1169 2640 den

204 2625 371 2685 Schnitzler
396 2626 503 2686 später
527 2625 667 2685 eintrat,
691 2623 793 2683 mußte
822 2625 854 2685 er
883 2624 952 2684 nach
981 2622 1032 2682 der
1061 2622 1177 2682 Publi¬

204 2666 301 2726 kation
334 2667 432 2727 seines
465 2664 661 2724 „Leutnants
689 2664 801 2724 Gustl“
829 2665 997 2725 aufgeben,
1021 2664 1076 2724 und
1104 2663 1174 2723 bald

204 2708 344 2768 widmete
373 2706 406 2766 er
435 2708 481 2768 sich
510 2706 740 2766 ausschließlich
774 2705 825 2765 der
854 2705 1032 2765 Literatur.

280 2756 338 2816 Die
368 2758 579 2818 Atmosphäre
609 2756 658 2816 der
688 2756 884 2816 Geistigkeit,
909 2756 952 2816 die
983 2756 1007 2816 in
1042 2756 1173 2816 Schnitz¬

200 2798 268 2858 lers
299 2799 490 2859 Vaterhaus
520 2798 687 2858 herrschte,
713 2798 757 2858 die
782 2799 860 2859 enge
891 2795 1087 2855 Berührung
1122 2795 1180 2855 mit

200 2840 245 2900 der
278 2840 520 2900 sogenannnten
557 2839 648 2899 guten
685 2837 887 2897 Gesellschaft
924 2836 979 2896 der
1011 2836 1079 2896 80er
1112 2836 1171 2896 und

200 2878 267 2938 60er
292 2881 416 2941 Jahre,
436 2881 528 2941 einer
557 2879 774 2939 eigenartigen
808 2880 957 2940 spezifisch
987 2878 1179 2938 österreichi¬

207 2921 274 2981 schen
311 2922 474 2982 Mischung
521 2920 579 2980 von
626 2920 834 2980 heterogenen
871 2919 1080 2979 Elementen,
1116 2916 1170 2976 von

206 2962 392 3022 Gelehrten,
421 2962 725 3022 Großkaufleuten,
754 2959 960 3019 Advokaten,
994 2959 1185 3019 Künstlern,

206 3005 364 3065 Bankiers
397 3005 432 3065 u.
456 3006 496 3066 a.,
519 3004 569 3064 der
596 3005 678 3065 enge
701 3001 846 3061 Kontakt
869 3000 928 3060 mit
956 2999 1005 3059 den
1042 3000 1168 3060 Größen

204 3045 250 3105 der
279 3048 386 3108 „ersten
420 3046 569 3106 deutschen
603 3043 757 3103 Bühne“,
777 3043 823 3103 des
852 3041 1114 3101 Burgtheaters,
1134 3040 1175 3100 die

199 3089 226 3149 in
258 3087 363 3147 seines
395 3087 518 3147 Vaters
551 3084 641 3144 Haus
683 3084 742 3144 aus
788 3082 847 3142 und
880 3082 925 3142 ein
962 3082 1094 3142 gingen,
1126 3079 1180 3139 be¬

204 3129 376 3189 einflußten
415 3128 606 3188 Schnitzlers
639 3125 877 3185 Entwicklung;
900 3123 998 3183 dieses
1032 3121 1180 3181 Jugend¬

204 3171 312 3231 milien
340 3171 440 3231 drückt
463 3170 563 3230 seinem
599 3168 740 3228 späteren
768 3168 908 3228 Schaffen
940 3165 1017 3225 nicht
1040 3163 1176 3223 weniger

205 3213 257 3273 den
291 3213 444 3273 Stempel
468 3213 539 3273 auf,
559 3213 616 3273 wie
646 3210 702 3270 sein
736 3208 899 3268 ärztlicher
928 3207 1052 3267 Beruf.

275 3262 340 3322 Von
378 3262 561 3322 kleineren,
585 3262 688 3322 längst
717 3259 910 3319 vergessenen
948 3257 1183 3317 Frühproduk¬

204 3306 266 3366 ten,
285 3306 328 3366 die
357 3305 381 3365 in
415 3305 467 3365 der
491 3302 678 3362 „Deutschen
707 3299 960 3359 Wochenschrift“
989 3296 1089 3356 (1886)
1109 3295 1171 3355 und

200 3347 228 3407 in
262 3347 314 3407 der
340 3347 435 3407 lange
464 3347 541 3407 nicht
565 3344 651 3404 mehr
676 3341 872 3401 bestehenden
907 3338 1084 3398 Zeitschrift
1109 3338 1170 3398 „An

200 3389 255 3449 der
284 3389 404 3449 schönen
442 3386 554 3446 blauen
591 3386 726 3446 Donau“
764 3380 862 3440 (1889)
885 3381 1058 3441 erschienen
1100 3378 1179 3438 sind,

199 3431 235 3491 ist
263 3431 322 3491 sein
359 3431 473 3491 erstes,
496 3426 842 3486 aufsehenerregendes
879 3425 939 3485 und
976 3425 1003 3485 in
1040 3423 1094 3483 der
1122 3419 1176 3479 da¬

204 3472 339 3532 maligen
372 3469 447 3529 Zeit
470 3469 521 3529 als
554 3469 624 3529 kühn
662 3466 885 3526 empfundenes
918 3463 1030 3523 Werk:
1054 3461 1179 3521 „Ana¬

199 3514 299 3574 tol“,
322 3511 390 3571 eine
423 3511 523 3571 Reihe
555 3508 614 3568 von
651 3507 870 3567 dramnatischen
907 3505 1089 3565 Dialogen,
1126 3502 1171 3562 die

204 3553 262 3613 mit
286 3553 372 3613 ihren
409 3553 503 3613 scharf
532 3550 740 3610 beobachteten
782 3547 940 3607 Menschen
977 3547 1041 3607 und
1082 3544 1168 3604 deren

201 3595 355 3655 graziöser
389 3592 530 3652 Sprache
562 3592 589 3652 in
635 3592 722 3652 einer
763 3590 822 3650 fast
860 3589 1069 3649 spielerischen
1116 3586 1179 3646 Art

213 3636 283 3696 schon
319 3635 367 3695 die
394 3634 557 3694 Eigenart
584 3632 641 3692 von
677 3631 866 3691 Schnitzlers
898 3630 1021 3690 Talent
1057 3628 1184 3688 zeigen.

206 3675 280 3735 Sein
318 3675 449 3735 nächstes
487 3674 548 3734 und
581 3672 712 3732 zugleich
750 3671 806 3731 das
849 3671 928 3731 erste
966 3669 1172 3729 aufgeführt¬

211 3720 298 3780 Werk
320 3720 384 3780 war
412 3720 520 3780 „Das
549 3717 765 3777 Märchen“
793 3715 907 3775 (1893).
940 3717 988 3777 In
1016 3714 1070 3774 der
1087 3714 1173 3774 gleich

1535 246 1661 306 box
1733 250 1921 310 42/7

1230 1828 1276 1888 den
1309 1828 1546 1888 vorgenannten
1579 1828 1793 1888 Schöpfungen
1826 1828 1872 1888 dem
1915 1828 2045 1888 Wiener
2069 1828 2180 1888 Milieu

1230 1869 1469 1929 entnommenen
1508 1867 1761 1927 „Liebelei“,
1791 1870 1981 1930 Schnitzlers
2025 1868 2192 1928 seinerzeit

1231 1910 1481 1970 meistgespieltem
1525 1909 1726 1969 Schauspiel,
1751 1909 1851 1969 klingt
1881 1908 1933 1968 das
1968 1908 2188 1968 Anatolmotiv

1228 1950 1360 2010 wieder.
1405 1950 1513 2010 Dessen
1553 1951 1803 2011 Uraufführung
1853 1950 1951 2010 (1895)
1990 1949 2025 2009 am
2084 1950 2196 2010 Burg¬

1231 1992 1347 2052 theater
1385 1989 1455 2049 war
1493 1992 1684 2052 Schnitzlers
1736 1990 1834 2050 erster
1872 1992 1988 2052 großer
2035 1989 2193 2049 Bühnen¬

1231 2034 1346 2094 erfolg.
1385 2032 1437 2092 In
1476 2031 1562 2091 Wien
1606 2033 1697 2093 spielt
1726 2034 1798 2094 auch
1832 2034 1889 2094 das
1929 2032 2038 2092 nächste
2082 2031 2197 2091 Stück:

1229 2073 1416 2133 „Freiwild“
1457 2072 1568 2132 (1896).
1610 2075 1655 2135 In
1691 2074 1772 2134 diese
1798 2074 1904 2134 Jahre
1935 2073 2010 2133 fällt
2037 2073 2082 2133 die
2113 2072 2193 2132 Ent¬

1231 2114 1347 2174 stehung
1386 2112 1437 2172 des
1475 2113 1704 2173 „Reigen“,
1733 2115 1808 2175 zehn
1851 2114 1977 2174 Szenen
2024 2111 2085 2171 mit
2127 2113 2178 2173 dem

1228 2153 1350 2213 gleichen
1387 2153 1551 2213 erotischen
1588 2154 1825 2214 Grundmotiv,
1853 2155 1898 2215 die
1931 2154 2004 2214 aber
2036 2153 2095 2213 erst
2132 2152 2195 2212 viel

1231 2195 1328 2255 später
1352 2195 1492 2255 gedruckt
1516 2195 1577 2255 und
1601 2195 1689 2255 1920,
1703 2195 1852 2255 durchaus
1886 2195 1960 2255 nicht
1984 2195 2035 2255 dem
2078 2193 2184 2253 Willen

1225 2231 1273 2291 des
1308 2236 1457 2296 Dichters
1491 2237 1723 2297 entsprechend,
1753 2237 1844 2297 unter
1879 2237 1926 2297 dem
1980 2234 2188 2294 Widerspruch

1225 2276 1485 2336 rechtsstehender
1515 2276 1620 2336 Kreise
1650 2277 1837 2337 ausgeführt
1867 2276 2016 2336 wurden.
2055 2276 2189 2336 Schnitz¬

1228 2317 1294 2377 lers
1324 2317 1433 2377 Werke
1462 2317 1562 2377 reihen
1601 2317 1643 2377 sich
1677 2317 1735 2377 nun
1774 2317 1797 2377 in
1836 2318 1950 2378 rascher
1979 2317 2093 2377 Folge.
2142 2312 2184 2372 Es

1234 2359 1419 2419 erschienen:
1465 2359 1576 2419 „Das
1622 2359 1949 2419 Vermächtnis“
2001 2356 2106 2416 (1897),
2141 2356 2191 2416 die

1231 2401 1295 2461 drei
1326 2398 1497 2458 Einakter:
1528 2398 1835 2458 „Parcelsus",
1860 2398 1961 2458 „Die
1996 2398 2192 2458 Gefähr-

1226 2441 1321 2501 tin",
1362 2440 1468 2500 „Der
1524 2440 1665 2500 grüne
1711 2440 1908 2500 Kakadu“
1964 2437 2075 2497 (1898),
2121 2437 2181 2497 sein

1228 2481 1370 2541 Drama:
1391 2481 1493 2541 „Der
1519 2481 1710 2541 Schleier
1736 2481 1804 2541 der
1829 2479 2055 2539 Beatrice“
2085 2480 2197 2540 (1899),

1228 2523 1303 2583 dann
1341 2521 1392 2581 der
1430 2522 1721 2582 Einakterzyklus:
1749 2523 2016 2583 „Lebendige
2049 2520 2194 2580 Stun¬

1230 2562 1338 2622 den",
1358 2564 1490 2624 woraus
1530 2562 1697 2622 besonders
1738 2562 2022 2622 „Literatur“
2063 2560 2195 2620 hervor¬

1230 2603 1301 2663 ragt
1330 2604 1440 2664 (1901),
1460 2604 1517 2664 das
1552 2604 1670 2664 Drama
1705 2603 1810 2663 „Der
1849 2604 2040 2664 einsame
2079 2600 2189 2660 Weg'

1234 2643 1342 2703 (1903),
1382 2646 1430 2706 die
1465 2646 1622 2706 Komödie
1657 2644 2035 2704 „Zwischenspiel“
2080 2640 2192 2700 (1904);

1233 2685 1335 2745 ferner
1363 2684 1391 2744 im
1434 2684 1564 2744 gleichen
1597 2686 1699 2746 Jahre
1733 2684 1798 2744 eine
1826 2684 1906 2744 neue
1934 2683 2195 2743 Einakterreihe:

1230 2726 1604 2786 „Marionetten".
1662 2725 1767 2785 „Der
1816 2726 1950 2786 junge
2013 2724 2195 2784 Medar¬

1228 2768 1342 2828 dus",
1362 2768 1457 2828 dessen
1492 2767 1679 2827 Titelrolle,
1698 2767 1750 2827 dem
1794 2767 1909 2827 großen
1943 2768 2057 2828 Joseph
2092 2766 2192 2826 Kainz

1225 2810 1398 2870 zugedacht,
1423 2808 1475 2868 dem
1519 2810 1668 2870 Künstler
1697 2807 1774 2867 nicht
1804 2807 1890 2867 mehr
1914 2807 1943 2867 zu
1977 2807 2087 2867 spielen
2126 2804 2193 2864 ver¬

1231 2850 1326 2910 gönnt
1354 2849 1435 2909 war,
1454 2849 1489 2909 ist
1517 2849 1557 2909 ein
1590 2849 1712 2909 Drama
1744 2849 1798 2909 aus
1831 2849 1880 2909 den
1912 2849 2016 2909 Tagen
2053 2846 2102 2906 der
2130 2845 2193 2905 Be¬

1231 2890 1341 2950 setzung
1375 2890 1485 2950 Wiens
1519 2890 1604 2950 durch
1633 2889 1796 2949 Napoleon
1835 2887 1863 2947 I.
1887 2887 2064 2947 (erschienen
2098 2884 2198 2944 1909).

1230 2932 1333 2992 Diesem
1378 2932 1486 2992 Werke
1512 2932 1605 2992 folgte
1635 2929 1738 2989 „Das
1768 2929 1896 2989 weite
1926 2929 2054 2989 Land"
2089 2927 2197 2987 (1910),

1231 2973 1296 3033 eine
1329 2972 1577 3032 Tragikomödie
1610 2970 1656 3030 des
1694 2971 1829 3031 Alterns
1867 2969 1928 3029 und
1961 2968 2031 3028 1912
2064 2968 2194 3028 „Pro¬

1234 3012 1368 3072 fessor
1402 3013 1671 3073 Berhardi“,
1700 3013 1747 3073 ein
1801 3010 1988 3070 Schauspiel
2022 3010 2084 3070 aus
2128 3010 2175 3070 dem

1230 3053 1387 3113 ärztlichen
1426 3052 1546 3112 Beruf,
1570 3055 1617 3115 bei
1647 3052 1747 3112 seiner
1776 3052 1981 3112 Aufführung
2020 3052 2072 3112 von
2106 3052 2192 3112 poli¬

1228 3096 1326 3156 tischen
1368 3093 1523 3153 Gruppen
1565 3093 1832 3153 vielumstritten.
1875 3094 1921 3154 Im
1973 3092 2081 3152 Jahre
2124 3090 2193 3150 1915

1228 3135 1395 3195 erschienen
1428 3137 1495 3197 drei
1518 3135 1668 3195 Einakter
1696 3135 1791 3195 unter
1819 3135 1868 3195 dem
1910 3135 2000 3195 Titel
2024 3132 2191 3192 „Komödie

1231 3177 1280 3237 der
1305 3175 1448 3235 Worte“,
1468 3175 1536 3235 1917
1567 3177 1621 3237 das
1651 3177 1788 3237 schwache
1819 3175 1941 3235 „Fink
1971 3174 2050 3234 und
2080 3174 2197 3234 Flie¬

1228 3219 1458 3279 derbusch",
1483 3218 1549 3278 1919
1579 3218 1679 3278 „Die
1708 3216 1957 3276 Schwestern
1992 3213 2097 3273 oder
2126 3212 2198 3272 Ca¬

1245 3257 1384 3317 anova
1417 3260 1454 3320 in
1487 3257 1612 3317 Spa",
1632 3257 1701 3317 1924
1730 3254 1953 3314 „Komödie
1981 3254 2055 3314 der
2079 3252 2190 3312 Ver¬

1238 3299 1443 3359 führung“
1488 3299 1545 3359 und
1593 3298 1659 3358 1925
1703 3299 1751 3359 die
1785 3299 1981 3359 dramatische
2020 3296 2192 3356 Dichtung:

1228 3343 1334 3403 „Der
1369 3341 1489 3401 Gang
1534 3341 1611 3401 zum
1659 3338 1853 3398 Weiher“

1299 3382 1490 3442 Schnitzlers
1519 3381 1678 3441 Eigenart
1697 3380 1861 3440 offenbart
1885 3380 1926 3440 sich
1955 3380 2030 3440 nicht
2054 3380 2189 3440 weniger

1233 3422 1251 3482 in
1284 3424 1382 3484 seinen
1410 3423 1597 3483 erzählende
1639 3422 1793 3482 Werken;
1812 3421 1877 3481 1892
1901 3422 2022 3482 erschien
2051 3422 2190 3482 „Ster¬

1231 3464 1338 3524 ben“,
1358 3464 1414 3524 das
1447 3465 1493 3525 die
1517 3466 1620 3526 letzten
1654 3462 1742 3522 Tage
1771 3460 1855 3520 eines
1889 3460 2189 3520 Schwindsüchtigen

1233 3503 1282 3563 mit
1306 3505 1466 3565 scharfem,
1490 3505 1558 3565 aber
1586 3505 1655 3565 auch
1683 3502 1852 3562 peinlichem
1894 3502 2087 3562 Realismus
2115 3502 2197 3562 schil¬

1231 3546 1305 3606 dert,
1341 3545 1409 3605 1894
1450 3548 1553 3608 „Die
1593 3544 1826 3604 Blumen“,
1857 3542 1926 3602 1895
1966 3543 2064 3603 „Ein
2110 3541 2193 3601 Ab¬

1245 3587 1392 3647 chied“,
1418 3586 1481 3646 1896
1516 3588 1614 3648 „Die
1644 3586 1757 3646 Frau
1792 3582 1865 3642 des
1895 3582 2101 3642 Weisen“,
2126 3580 2190 3640 1897

1236 3631 1331 3691 „Der
1361 3628 1611 3688 Ehrentag“
1640 3626 1697 3686 und
1732 3623 1832 3683 „Die
1861 3622 1996 3682 Toten
2030 3624 2193 3684 schwei¬

1234 3669 1343 3729 gen“,
1374 3669 1439 3729 1900
1480 3668 1701 3728 „Andreas
1747 3663 2054 3723 Thalmayer",
2084 3663 2189 3723 „Der

1232 3714 1386 3774 blinde
1419 3711 1691 3771 Geronimo"
1736 3708 1796 3768 wie
1841 3709 1913 3769 auch
1963 3707 2012 3767 die
2058 3705 2189 3765 Novelle

2248 1829 2490 1889 „Leutnant
2517 1831 2680 1891 Gustl“;
2707 1833 2813 1893 ferner
2840 1834 2871 1894 im
2919 1835 3045 1895 gleichen
3082 1840 3208 1900 Jahre:

2248 1871 2378 1931 „Frau
2409 1873 2545 1933 Berta
2576 1873 2767 1933 Garlan“
2798 1875 2853 1935 und
2884 1876 2964 1936 viele
2989 1876 3120 1936 andere.

2324 1917 2360 1977 Es
2402 1919 2438 1979 ist
2475 1919 2516 1979 ein
2558 1923 2845 1983 charakteristisches
2887 1925 3058 1985 Merkmal
3091 1924 3142 1984 der
3184 1924 3210 1984 so

2249 1959 2430 2019 zahlreichen
2475 1959 2587 2019 Werke
2627 1963 2837 2023 Schnitzlers,
2872 1965 2921 2025 die
2966 1965 3014 2025 dem
3073 1966 3200 2026 Wiener

2248 1998 2406 2058 Milieu
2442 2001 2640 2061 entstammen
2675 2003 2734 2063 und
2770 2004 2834 2064 auch
2864 2006 2992 2066 solcher,
3018 2007 3062 2067 die
3092 2007 3151 2067 erst
3176 2008 3200 2068 in

2246 2040 2290 2100 den
2337 2042 2523 2102 allerletzten
2569 2044 2695 2104 Jahren
2742 2044 2908 2104 erschienen
2955 2049 3035 2109 sind,
3066 2049 3121 2109 daß
3167 2048 3202 2108 sie

2251 2079 2376 2139 zumeist
2398 2082 2509 2142 Bilder
2540 2082 2585 2142 der
2616 2085 2687 2145 Zeit
2713 2085 2768 2145 aus
2799 2086 2845 2146 des
2876 2088 3022 2148 Dichters
3053 2089 3205 2149 jüngeren

2250 2120 2365 2180 Jahren
2394 2123 2504 2183 geben.
2529 2123 2625 2183 Einer
2649 2123 2711 2183 viel
2731 2126 2923 2186 sorgloseren
2952 2129 3009 2189 und
3034 2128 3206 2188 unbeküm¬

2252 2162 2400 2222 merteren
2434 2164 2529 2224 Welt,
2553 2164 2601 2224 als
2630 2162 2658 2222 es
2692 2164 2735 2224 die
2764 2167 2888 2227 heutige
2917 2168 2964 2228 ist,
2989 2171 3074 2231 eines
3104 2171 3199 2231 satten

2248 2202 2300 2262 und
2349 2204 2445 2264 dabei
2484 2206 2719 2266 schöngeistigen
2773 2210 3018 2270 Bürgertums,
3057 2210 3090 2270 an
3144 2211 3196 2271 das

2248 2243 2358 2303 soziale
2388 2244 2556 2304 Probleme
2585 2246 2676 2306 selten
2705 2247 2931 2307 herantreten.
2961 2252 3070 2312 Selten
3105 2252 3200 2312 hallen

2254 2284 2330 2344 seine
2355 2284 2460 2344 Werke
2484 2284 2508 2344 in
2538 2287 2623 2347 einem
2662 2287 2792 2347 schrillen
2826 2288 2888 2348 Ton
2917 2290 2994 2350 aus,
3014 2290 3047 2350 sie
3071 2290 3210 2350 verklin¬

2249 2326 2294 2386 gen
2331 2323 2390 2383 und
2417 2326 2659 2386 verdämmern.
2686 2326 2791 2386 Seine
2819 2327 2923 2387 weiche
2955 2329 3015 2389 und
3047 2332 3137 2392 dabei
3161 2330 3206 2390 oft

2251 2365 2432 2425 spielerische
2462 2366 2668 2426 Behandlung
2703 2368 2751 2428 der
2781 2370 2947 2430 Probleme
2977 2371 3045 2431 läßt
3070 2374 3202 2434 Schnitz¬

2247 2407 2294 2467 ler
2319 2404 2366 2464 als
2401 2407 2448 2467 den
2483 2407 2761 2467 ausgesprochenen
2795 2410 3050 2470 österreichischen
3084 2413 3203 2473 Dichter

2251 2446 2434 2506 erscheinen,
2463 2447 2510 2507 den
2554 2449 2679 2509 Dichter
2718 2449 2804 2509 eines
2838 2453 3064 2513 vergangenen
3103 2455 3208 2515 Wien,

2254 2486 2339 2546 dessen
2373 2487 2550 2547 Landschaft
2578 2490 2637 2550 und
2664 2490 2847 2550 Umgebung
2880 2493 2901 2553 in
2934 2493 3036 2553 seinen
3069 2496 3220 2556 Werken¬

2252 2529 2389 2589 lebendig
2426 2529 2522 2589 wird.
