3436 4352
1402 182 1465 242 Ein
1508 183 1685 243 Dementi
1714 180 1920 240 Nestroys.

631 186 843 246 Schnitzler
880 185 951 245 und
994 186 1064 246 das
1100 185 1285 245 Theater.

996 255 1130 315 Conny
1169 255 1289 315 Veidt
1320 255 1349 315 in
1387 255 1544 315 Brünn.

451 318 512 378 Der
569 320 686 380 jüngst
749 320 960 380 verstorbene
1017 320 1246 380 Dichter=Arzt
1271 329 1470 389 Salzburg.
1495 328 1544 388 Da
1582 327 1675 387 bekam
1732 327 1762 387 er
1794 327 1930 387 plötzlich
1968 327 2017 387 ein
2055 327 2154 387 Tele¬

385 363 507 423 Arthur
536 365 710 425 Schnitzler
741 362 810 422 war
840 362 891 422 eng
921 364 984 424 mit
1008 363 1060 423 dem
1102 363 1247 423 Theater
1271 372 1433 432 gramm:
1481 371 1585 431 „Sitze
1632 370 1765 430 besorgt
1813 371 2051 431 Europäischer
2086 369 2150 429 Hof

390 407 594 467 verbunden.
617 407 696 467 Eine
725 407 826 467 große
849 407 939 467 Zahl
962 407 1018 467 von
1053 407 1256 467 Anekdoten,
1275 414 1416 474 Hugo“.
1439 415 1614 475 Schnitzler
1643 415 1784 475 erschrak
1813 413 1874 473 und
1909 415 2055 475 drahtete
2085 414 2146 474 mit

387 451 436 511 die
464 449 502 509 er
536 451 563 511 in
597 451 890 511 Freundeskreisen
929 451 984 511 zum
1029 449 1139 509 Besten
1179 453 1261 513 gab,
1284 459 1443 519 bezahlter
1472 458 1721 518 Rückantwort:
1743 458 1882 518 „Warum
1927 458 2014 518 sitzest
2037 458 2064 518 du
2098 456 2153 516 be¬

393 497 496 557 macht
526 494 751 554 gegenwärtig
792 497 861 557 noch
902 494 1018 554 immer
1053 494 1098 554 die
1134 494 1254 554 Runde
1279 500 1377 560 sorgt
1400 503 1626 563 europäischer
1650 503 1718 563 Hof
1742 503 1857 563 erbitte
1881 502 2152 562 Rückantwort“.

388 539 427 599 an
462 539 512 599 den
547 539 704 599 Stätten,
728 539 762 599 an
802 539 892 599 denen
926 538 1101 598 Schnitzler
1130 539 1260 599 wirkte.
1283 545 1350 605 Der
1379 547 1571 607 vergeßliche
1600 546 1730 606 Dichter
1759 545 1849 605 hatte
1872 546 2007 606 nämlich
2042 547 2149 607 längst

391 580 531 640 Einmal
557 581 647 641 stand
678 582 848 642 Schnitzler
879 581 1040 641 wiederum
1086 580 1140 640 vor
1166 580 1256 640 einer

1288 591 1342 651 sein
1380 589 1644 649 telegraphisches
1677 589 1828 649 Ersuchen
1866 589 2017 649 vergessen

384 625 696 685 Erstaufführung.
744 626 823 686 Man
866 625 955 685 stritt
987 625 1151 685 darüber,
1183 625 1251 685 was

387 668 443 728 den
475 670 593 730 Erfolg
646 670 734 730 eines
771 670 899 730 Stückes
931 670 1128 730 ausmache,
1175 669 1252 729 man

1349 706 1421 766 Wir
1447 706 1560 766 kennen
1597 706 1726 766 Nestroy
1758 706 1819 766 nur
1851 705 1907 765 von
1939 706 1995 766 der
2021 706 2150 766 gemüt¬

385 714 498 774 wollte
520 712 648 772 wissen,
670 715 762 775 wann
794 713 856 773 das
882 712 980 772 Glück
1001 712 1068 772 beim
1110 712 1254 772 Theater

1279 751 1368 811 lichen
1401 749 1512 809 Seite.
1528 748 1602 808 Wie
1624 749 1847 809 ungemütlich
1879 748 1953 808 aber
1975 748 2027 808 der
2055 748 2150 808 Dich¬

387 756 546 816 beginne,
573 756 666 816 wann
708 756 739 816 es
770 756 930 816 aufhöre.
962 756 1059 816 „Was
1092 757 1251 817 verstehen

389 801 450 861 Sie
481 801 553 861 also
589 799 692 859 unter
729 801 816 861 einem
868 801 1136 861 Theatererfolg,
1168 799 1255 859 Herr
1281 794 1332 854 ter
1363 792 1487 852 werden
1523 792 1657 852 konnte,
1684 792 1770 852 wenn
1812 792 1884 852 man
1921 793 1972 853 ihm
2019 789 2152 849 persön¬

1277 838 1336 898 lich
1391 837 1476 897 nahe
1504 837 1590 897 trat,
1634 837 1763 897 beweist
1813 837 1979 897 folgendes
2034 837 2147 897 wahre

389 843 574 903 Doktor?“,
591 845 696 905 fragte
718 846 791 906 man
819 846 945 906 Arthur
967 844 1157 904 Schnitzler.
1174 843 1236 903 Den

1278 882 1532 942 Geschichtchen,
1559 882 1616 942 das
1654 881 1717 941 wir
1744 879 1796 939 den
1834 879 1998 939 Brünner
2025 881 2151 941 Neuig¬

390 890 511 950 Doktor
539 890 633 950 schien
666 888 749 948 diese
771 890 882 950 Frage
910 888 932 948 in
965 888 1164 948 Anbetracht
1192 889 1241 949 des

389 935 453 995 sen,
476 933 529 993 daß
562 933 594 993 er
616 933 686 993 eben
719 933 746 993 im
790 933 935 993 Begriffe
957 933 1048 993 war,
1066 933 1130 993 mit
1152 932 1249 992 seiner
1282 927 1378 987 keiten
1417 927 1471 987 vom
1520 927 1573 987 13.
1596 927 1724 987 August
1747 925 1828 985 1851
1855 926 2071 986 entnehmen:

389 974 569 1034 „Liebelei"
606 976 929 1036 niederzukommen,
977 977 1251 1037 augenscheinlich

1339 980 1420 1040 „Die
1443 980 1574 1040 Gratzer
1602 977 1744 1037 Zeitung
1772 977 1859 1037 hatte
1887 977 2062 1037 gemeldet,
2084 977 2138 1037 daß

385 1022 641 1082 unangenehm.
657 1019 698 1079 Er
719 1019 827 1079 dachte
853 1019 894 1079 ein
925 1020 1022 1080 wenig
1049 1022 1146 1082 nach,
1162 1022 1243 1082 dann
1275 1024 1367 1084 Herr
1394 1022 1527 1082 Nestroy
1579 1022 1738 1082 während
1790 1022 1892 1082 seines
1939 1022 2144 1082 Budapester

387 1064 474 1124 sagte
497 1065 551 1125 er:
602 1064 673 1124 „Ein
712 1064 988 1124 Theatererfolg?
1033 1065 1093 1125 Ein
1126 1065 1253 1125 echter?
1281 1068 1462 1128 Gastspiels
1496 1067 1601 1127 wegen
1640 1067 1728 1127 eines
1762 1064 1921 1124 Couplets
1977 1067 2147 1127 Anstände

385 1109 458 1169 Das
491 1109 574 1169 stelle
601 1109 637 1169 ich
675 1109 738 1169 mir
765 1109 927 1169 ungefähr
954 1109 1244 1169 folgendermaßen
1282 1110 1334 1170 bei
1356 1111 1408 1171 der
1435 1109 1587 1169 Behörde
1609 1112 1714 1172 hatte,
1736 1112 1761 1172 ja
1793 1110 1888 1170 sogar
1915 1109 2004 1169 einen
2036 1109 2141 1169 kurzen

388 1150 463 1210 vor:
480 1150 582 1210 Wenn
610 1153 669 1213 das
697 1153 794 1213 Stück
816 1153 864 1213 die
886 1153 978 1213 Leute
1006 1153 1070 1213 noch
1103 1153 1130 1213 so
1152 1153 1249 1213 lange

1277 1153 1390 1213 Arrest
1418 1155 1591 1215 abgesessen
1624 1153 1683 1213 sein
1717 1153 1786 1213 soll.
1809 1153 1949 1213 Darauf
1972 1153 2149 1213 veröffent¬

381 1198 590 1258 beschäftigt,
618 1195 677 1255 wie
710 1195 747 1255 sie
774 1197 838 1257 mit
866 1198 919 1258 der
952 1195 1146 1255 Garderobe
1184 1195 1243 1255 und
1276 1197 1372 1257 lichte
1400 1198 1534 1258 Nestroy
1572 1197 1598 1257 in
1637 1196 1690 1256 den
1728 1195 1863 1255 Wiener
1896 1197 2046 1257 Blättern
2084 1196 2148 1256 fol¬

388 1240 441 1300 der
469 1240 656 1300 Heimfahrt
684 1241 710 1301 zu
743 1240 797 1300 tun
835 1240 964 1300 haben;
986 1240 1071 1300 wenn
1110 1239 1163 1299 der
1191 1239 1255 1299 Di¬
1277 1241 1379 1301 gende
1406 1243 1610 1303 Erklärung:

379 1285 486 1345 rektor
515 1282 541 1342 in
574 1285 628 1345 den
662 1285 873 1345 Stoßseufzer
896 1283 1085 1343 ausbricht:
1113 1284 1254 1344 „Natür¬

1339 1297 1406 1357 „Da
1446 1297 1495 1357 die
1529 1296 1663 1356 Gratzer
1703 1297 1848 1357 Zeitung
1882 1297 1909 1357 in
1955 1297 2010 1357 der
2044 1297 2144 1357 Regel

381 1329 458 1389 lich,
477 1331 578 1391 meine
603 1327 723 1387 Herren
754 1330 1030 1390 Dramaturgen,
1048 1329 1156 1389 hatten
1187 1330 1246 1390 das
1277 1338 1367 1398 nicht
1397 1341 1451 1401 zum
1506 1339 1589 1399 Lesen
1632 1339 1818 1399 verwendet
1855 1339 1956 1399 wird,
1987 1342 2046 1402 und
2083 1340 2149 1400 na¬

379 1373 481 1433 Stück
509 1372 703 1432 abgelehnt,
726 1373 768 1433 ich
801 1371 882 1431 aber
910 1372 990 1432 habe
1029 1371 1099 1431 noch
1132 1371 1251 1431 immer

1277 1383 1425 1443 mentlich
1457 1383 1510 1443 den
1543 1383 1754 1443 Semmering
1787 1383 1845 1443 nur
1872 1383 1925 1443 als
1952 1383 2153 1443 Emballage

380 1416 474 1476 mehr
504 1416 639 1476 Riecher
669 1417 721 1477 als
751 1417 792 1477 sie
816 1416 880 1476 alle
910 1418 1122 1478 zusammen;
1152 1416 1240 1476 wenn
1276 1423 1334 1483 des
1364 1428 1540 1488 trefflichen
1576 1428 1705 1488 Gratzer
1741 1428 1923 1488 Zwiebacks
1959 1430 2153 1490 übersteigt,

381 1459 430 1519 die
464 1462 701 1522 Schauspieler
757 1461 878 1521 wieder
912 1461 1039 1521 einmal
1072 1460 1254 1520 feststellen,

1279 1473 1306 1533 so
1334 1473 1422 1533 hätte
1451 1473 1478 1533 es
1507 1473 1667 1533 eigentlich
1701 1473 1756 1533 gar
1784 1473 1884 1533 nichts
1912 1473 1973 1533 auf
1996 1473 2067 1533 sich,
2085 1474 2145 1534 daß

376 1506 437 1566 daß
495 1506 562 1566 mit
608 1506 823 1566 erstklassigen
857 1506 993 1566 Kräften
1045 1504 1146 1564 sogar
1198 1506 1248 1566 der

1278 1520 1316 1580 sie
1344 1518 1393 1578 die
1421 1518 1520 1578 Notiz
1543 1518 1676 1578 bringt,
1699 1518 1737 1578 ich
1765 1518 1847 1578 habe
1876 1518 1903 1578 in
1937 1518 2014 1578 Pest
2037 1518 2141 1578 wegen

379 1550 499 1610 großte
528 1550 733 1610 Schmarren
772 1549 1004 1609 durchzusetzen
1044 1547 1104 1607 ist;
1155 1547 1243 1607 wenn

1277 1562 1363 1622 eines
1397 1562 1559 1622 Couplets
1592 1562 1759 1622 Anstände
1792 1559 1916 1619 gehabt
1949 1562 2008 1622 und
2047 1562 2144 1622 sogar

384 1595 428 1655 die
454 1594 562 1654 Kritik
588 1592 638 1652 den
671 1593 881 1653 allgemeinen
914 1592 1047 1652 Verfall
1067 1592 1117 1652 des
1144 1593 1239 1653 guten
1278 1603 1367 1663 einen
1406 1605 1513 1665 kurzen
1553 1606 1667 1666 Arrest
1699 1604 1724 1664 zu
1763 1604 1903 1664 bestehen
1942 1607 2082 1667 gehabt.

377 1639 583 1699 Geschmacks
615 1637 777 1697 feststellt;
829 1640 890 1700 und
929 1640 1016 1700 wenn
1054 1637 1103 1697 der
1135 1637 1247 1697 Autor
1274 1645 1329 1705 Da
1368 1649 1442 1709 aber
1474 1649 1555 1709 diese
1581 1649 1674 1709 Notiz
1700 1649 1769 1709 aus
1801 1649 1850 1709 der
1882 1650 2150 1710 Verborgenheit

379 1680 439 1740 von
468 1682 567 1742 diesem
612 1680 723 1740 Abend
746 1682 784 1742 an
818 1682 995 1742 literarisch
1024 1682 1162 1742 erledigt
1185 1682 1240 1742 ist.

1274 1694 1327 1754 der
1360 1691 1489 1751 Gratzer
1517 1693 1657 1753 Spalten
1690 1694 1722 1754 in
1755 1694 1803 1754 die
1831 1694 2014 1754 gelesensten
2047 1694 2149 1754 Blät¬

376 1727 459 1787 Nach
491 1727 587 1787 diesen
626 1727 761 1787 Worten
800 1727 902 1787 stützte
929 1726 1109 1786 Schnitzler
1135 1727 1237 1787 seinen
1270 1732 1320 1792 ter
1347 1736 1462 1796 Wiens
1495 1736 1810 1796 hinüberschlüpfte,
1830 1740 1887 1800 und
1920 1739 2015 1799 somit
2042 1739 2067 1799 in
2100 1740 2150 1800 die

381 1771 471 1831 Kopf
488 1768 731 1828 gedankenvoll
754 1769 776 1829 in
810 1768 855 1828 die
878 1768 991 1828 Hand.
1014 1768 1104 1828 „Wir
1132 1768 1239 1828 woller

1272 1780 1521 1840 Offentlichkeit
1545 1781 1800 1841 übergegangen
1836 1780 1893 1840 ist,
1940 1782 1969 1842 so
2004 1783 2073 1843 sehe
2103 1783 2143 1843 ich

375 1813 523 1873 hoffen,
552 1813 642 1873 sagte
671 1813 716 1873 ein
757 1813 853 1873 guter
888 1813 1076 1873 Bekannter
1105 1813 1241 1873 Schnitz

1279 1825 1350 1885 mich
1384 1825 1556 1885 genötigt,
1579 1825 1717 1885 hiermit
1745 1824 1772 1884 zu
1812 1825 1978 1885 erklären,
2006 1828 2061 1888 daß
2100 1826 2149 1886 so¬

381 1861 464 1921 lers,
489 1859 566 1919 „daß
597 1858 632 1918 du
669 1858 729 1918 von
760 1858 892 1918 morgen
923 1858 958 1918 an
995 1858 1169 1918 literarisch
1200 1858 1253 1918 er=
1272 1863 1368 1923 wohl
1392 1869 1501 1929 meine
1525 1867 1832 1927 Zensurvergehen,
1851 1870 1910 1930 wie
1935 1870 2013 1930 auch
2043 1870 2145 1930 meine

377 1903 485 1963 ledigt
511 1903 606 1963 bist".
633 1903 696 1963 Und
729 1903 760 1963 so
792 1903 862 1963 war
888 1903 919 1963 es
952 1903 1048 1963 auch.
1087 1902 1156 1962 Die
1183 1904 1252 1964 Lie=
1272 1912 1476 1972 Kerkerhaft
1502 1912 1527 1972 in
1567 1913 1643 1973 Pest
1663 1912 1809 1972 lediglich
1841 1914 1911 1974 eine
1944 1915 2141 1975 Erdichtung

376 1945 466 2005 belei
499 1944 577 2004 trat
597 1944 636 2004 am
682 1947 818 2007 nächsten
852 1947 917 2007 Tag
944 1945 1034 2005 ihren
1068 1946 1139 2006 Weg
1166 1945 1243 2005 über
1277 1952 1335 2012 des
1368 1956 1466 2016 geist-
1499 1956 1563 2016 und
1603 1956 1897 2016 phantasiereichen
1944 1959 2151 2019 Korrespon¬

380 1992 426 2052 die
449 1992 611 2052 deutschen
641 1990 780 2050 Bühnen
815 1989 873 2049 an.

1272 2001 1419 2061 denzlers
1455 2002 1511 2062 der
1540 2002 1723 2062 „Grazerin
1781 2002 1859 2062 sind.

1872 2047 1914 2107 I.
1929 2046 2100 2106 Nestroy."

437 2052 619 2112 Schnitzler
647 2052 718 2112 war
746 2052 817 2112 aufs
846 2055 950 2115 engste
978 2056 1038 2116 mit
1061 2056 1149 2116 Hugo
1183 2052 1237 2112 von

381 2097 651 2157 Hofmannsthal
684 2097 890 2157 befreundet.
913 2098 983 2158 Vor
1016 2097 1069 2157 der
1098 2097 1254 2157 Erstauf¬

374 2144 522 2204 führung
578 2141 633 2201 des
688 2141 1047 2201 Hofmannsthalschen
1108 2143 1229 2203 „Jeder

1334 2141 1431 2201 Grün
1465 2144 1524 2204 und
1558 2142 1634 2202 blau
1667 2142 1726 2202 vor
1755 2144 1830 2204 Neid
1864 2147 1994 2207 mußten
2028 2147 2147 2207 unsere

375 2185 499 2245 mann"
539 2185 592 2245 bei
620 2186 674 2246 den
713 2186 925 2246 Salzburger
959 2186 1176 2246 Festspielen,
1204 2184 1236 2244 er

1273 2187 1426 2247 Künstler
1464 2189 1612 2249 werden,
1639 2189 1692 2249 als
1729 2189 1765 2249 sie
1798 2189 1851 2249 den
1894 2192 2052 2252 Rummel
2085 2193 2126 2253 um

375 2231 474 2291 suchte
501 2230 680 2290 Schnitzler
702 2228 754 2288 den
792 2228 1018 2288 befreundeten
1050 2230 1181 2290 Dichter
1208 2228 1239 2288 er
1266 2230 1408 2290 Conrad
1440 2231 1540 2291 Veidt
1588 2231 1688 2291 herum
1762 2234 1878 2294 sahen.
1926 2237 1994 2297 Der
2026 2237 2131 2297 Mann

381 2276 471 2336 möge
500 2276 551 2336 ihm
597 2276 653 2336 für
683 2273 739 2333 den
773 2273 841 2333 Tag
876 2273 926 2333 der
961 2276 1244 2336 Erstaufführung

1276 2276 1386 2336 wurde
1412 2276 1558 2336 gefeiert,
1578 2276 1638 2336 wie
1664 2277 1739 2337 kaum
1785 2276 1871 2336 einer
1896 2278 1951 2338 vor
1977 2281 2062 2341 ihm.
2083 2282 2143 2342 Die

375 2321 456 2381 zwei
483 2321 569 2381 Sitze
624 2318 688 2378 und
726 2318 769 2378 ein
807 2318 1045 2378 Hotelzimmer
1078 2320 1250 2380 besorgen.
1273 2320 1375 2380 Leute
1397 2321 1488 2381 rissen
1521 2321 1570 2381 sich
1603 2321 1683 2381 nicht
1711 2322 1780 2382 bloß
1813 2324 1850 2384 um
1894 2324 1942 2384 die
1965 2326 2072 2386 Plätze
2100 2326 2126 2386 im

377 2362 489 2422 Einige
515 2365 615 2425 Tage
641 2362 854 2422 verstrichen,
899 2362 1074 2422 Schnitzler
1125 2364 1237 2424 dachte
1269 2364 1438 2424 Theater,
1464 2365 1602 2425 sondern
1640 2366 1809 2426 bezahlten
1847 2368 1960 2428 Preise
1998 2370 2142 2430 hierfür,

370 2410 481 2470 längst
509 2410 600 2470 nicht
621 2410 711 2470 mehr
746 2410 781 2470 an
817 2410 864 2470 die
893 2407 1178 2467 Exstaufführung

1270 2410 1317 2470 die
1342 2410 1377 2470 sie
1402 2408 1456 2468 sich
1481 2410 1570 2470 selbst
1595 2410 1643 2470 bei
1661 2411 1751 2471 einer
1776 2413 1938 2473 Stagione
1969 2414 1992 2474 zu
2023 2416 2137 2476 bezah¬

1236 2559 1283 2619 len
1319 2563 1454 2623 weigern
1484 2568 1644 2628 würden.
1662 2571 1744 2631 Aber
1774 2573 1809 2633 sie
1834 2575 1987 2635 stürmten
2023 2579 2105 2639 nicht
2136 2581 2260 2641 festigte
2278 2583 2330 2643 den
2361 2586 2520 2646 sinkenden
2544 2589 2703 2649 Seidenen
2734 2591 2822 2651 coram
2864 2592 2987 2652 publico

1231 2604 1306 2664 bloß
1340 2607 1399 2667 das
1437 2611 1599 2671 Theater,
1638 2616 1772 2676 sondern
1833 2620 1908 2680 auch
1941 2622 1994 2682 den
2033 2622 2103 2682 An=
2131 2623 2168 2683 an
2201 2626 2254 2686 der
2282 2628 2428 2688 richtigen
2466 2632 2563 2692 Stelle
2591 2634 2655 2694 und
2683 2637 2796 2697 stürzte
2824 2637 2953 2697 weiter.

1239 2652 1422 2712 kleideraum
1472 2655 1605 2715 Cvnrad
1640 2660 1778 2720 Veidts,
1803 2664 1852 2724 als
1887 2666 2030 2726 bekannt
2061 2668 2094 2728 ge

2201 2672 2239 2732 Im
2290 2673 2527 2733 Ankleideraum
2594 2677 2693 2737 zeigte
2743 2681 2798 2741 sich
2848 2685 2986 2745 Conrad

1235 2694 1363 2754 worden
1398 2698 1487 2758 war,
1512 2700 1566 2760 daß
1601 2702 1630 2762 er
1656 2705 1764 2765 bereit
1789 2709 1839 2769 ist,
1864 2714 2071 2774 Antogramm

2129 2715 2233 2775 Beidt
2278 2715 2339 2775 von
2389 2719 2494 2779 seiner
2522 2724 2765 2784 menschlichsten
2799 2727 2904 2787 Seite.
2944 2727 2993 2787 Er

1233 2741 1264 2801 zu
1302 2741 1417 2801 geben.
1460 2744 1544 2804 Nach
1582 2747 1634 2807 der
1667 2750 1877 2810 Vorstellung
1915 2756 2094 2816 ereigneten
2132 2758 2237 2818 freute
2264 2760 2311 2820 sich
2344 2760 2401 2820 wie
2423 2762 2470 2822 ein
2502 2765 2580 2825 Kind
2608 2768 2708 2828 seines
2740 2771 2850 2831 großen
2883 2771 2993 2831 Erfol¬

1237 2786 1289 2846 sich
1322 2787 1469 2847 Szenen,
1491 2789 1539 2849 die
1566 2794 1788 2854 tragikomisch
1821 2798 1846 2858 zu
1884 2799 2005 2859 nennen
2043 2799 2111 2859 wa¬

2134 2803 2181 2863 ges
2218 2803 2244 2863 in
2282 2804 2397 2864 Brünn
2440 2807 2498 2867 und
2535 2810 2641 2870 wurde
2679 2814 2763 2874 nicht
2790 2816 2900 2876 müde,
2927 2815 2979 2875 von

1233 2828 1312 2888 ren.
1339 2831 1418 2891 Man
1455 2834 1593 2894 stürmte
1620 2837 1678 2897 auf
1705 2840 1757 2900 die
1784 2841 1922 2901 Bühne,
1949 2846 2017 2906 man
2055 2846 2102 2906 riß

2135 2846 2232 2906 seinen
2270 2849 2475 2909 Triumphen
2513 2854 2540 2914 zu
2578 2856 2745 2916 erzählen.
2789 2858 2918 2918 Überall
2951 2859 2988 2919 sei

1230 2871 1278 2931 die
1306 2876 1446 2936 Kulissen
1485 2879 1538 2939 zur
1571 2882 1679 2942 Seite,
1707 2883 1777 2943 man
1815 2887 1923 2947 balgte
1956 2889 2004 2949 sich
2043 2890 2075 2950 um
2130 2890 2183 2950 der
2206 2893 2297 2953 Saal
2320 2894 2368 2954 bis
2396 2895 2455 2955 auf
2477 2898 2530 2958 das
2558 2900 2639 2960 letzte
2661 2903 2818 2963 Plätzchen
2851 2904 2991 2964 ausver¬

1231 2918 1279 2978 die
1311 2921 1544 2981 Unterschrift,
1582 2925 1634 2985 als
1667 2927 1757 2987 wäre
1784 2928 1821 2988 sie
1874 2929 1969 2989 unter
1996 2932 2086 2992 einen

2134 2935 2225 2995 kauft
2253 2938 2409 2998 gewesen,
2431 2941 2496 3001 nur
2529 2941 2555 3001 in
2588 2944 2734 3004 Dresden
2772 2947 2869 3007 nicht.
2913 2950 2988 3010 Das

1236 2962 1346 3022 Scheck
1368 2965 1584 3025 geschrieben,
1600 2968 1652 3028 den
1679 2973 1900 3033 anstandslos
1927 2975 1984 3035 alle
2011 2977 2105 3037 Ban=
2133 2979 2274 3039 verstehe
2301 2983 2327 3043 er
2354 2983 2454 3043 nicht.
2470 2986 2538 3046 Das
2565 2986 2707 3046 verzeihe
2734 2989 2759 3049 er
2786 2989 2838 3049 den
2865 2992 2991 3052 Dresd¬

1235 3007 1281 3067 ken
1317 3010 1482 3070 einlösen.
1520 3010 1591 3070 Und
1623 3015 1757 3075 Conrad
1783 3018 1886 3078 Beidt
1928 3020 2000 3080 war
2052 3022 2088 3082 de

2133 3025 2207 3085 nern
2244 3028 2345 3088 nicht.
2366 3028 2504 3088 Darauf
2531 3031 2653 3091 machte
2685 3034 2732 3094 ihn
2770 3035 2859 3095 einer
2892 3037 2987 3097 seiner

1236 3052 1341 3112 Mann
1372 3055 1452 3115 ganz
1474 3055 1544 3115 nach
1574 3058 1625 3118 dem
1661 3060 1847 3120 Geschmack
1868 3064 1918 3124 der
1944 3064 2100 3124 Brünner

2134 3070 2316 3130 Mitspieler
2350 3073 2588 3133 aufmerksam,
2616 3079 2677 3139 daß
2716 3079 2749 3139 er
2783 3079 2854 3139 nach
2894 3082 2987 3142 heute

1233 3097 1298 3157 und
1324 3100 1495 3160 besonders
1521 3100 1576 3160 der
1602 3105 1885 3165 Brünnerinnen.
1901 3109 1971 3169 Das
1997 3112 2097 3172 haber

2135 3115 2296 3175 geltendem
2342 3118 2553 3178 Sprichwort
2600 3121 2655 3181 den
2695 3124 2882 3184 Dresdnern
2923 3125 2993 3185 ver¬

1233 3135 1268 3195 sie
1295 3141 1351 3201 alle
1378 3144 1403 3204 so
1430 3144 1543 3204 gerne,
1564 3145 1584 3205 im
1632 3147 1786 3207 Stübchen
1818 3151 1879 3211 und
1911 3153 1936 3213 im
1978 3155 2081 3215 Salon

2130 3156 2232 3216 zeihen
2271 3159 2384 3219 müsse.
2406 3159 2524 3219 Denn:
2552 3165 2664 3225 Dalles
2703 3168 2859 3228 verstehen
2897 3170 2989 3230 heißt

1229 3183 1296 3243 Und
1338 3187 1432 3247 wenn
1469 3188 1510 3248 sie
1547 3187 1577 3247 es
1614 3191 1702 3251 nicht
1739 3193 1765 3253 im
1823 3195 1983 3255 Stübchen
2031 3198 2093 3258 und

2128 3201 2244 3261 Dalles
2298 3205 2483 3265 verzeihen.
2526 3208 2599 3268 Vor
2647 3210 2700 3270 dem
2769 3213 2991 3273 Bühnentürl

1231 3228 1338 3288 Salon
1376 3231 1474 3291 haben
1510 3235 1649 3295 können,
1670 3237 1748 3297 weil
1774 3238 1825 3298 der
1851 3241 1959 3301 eigene
1991 3243 2094 3303 Mann

2128 3246 2236 3306 durfte
2264 3246 2317 3306 der
2345 3249 2539 3309 Krafwagen
2577 3252 2690 3312 Beidts
2724 3255 2777 3315 gar
2810 3258 2891 3318 nicht
2918 3258 2988 3318 hal¬

1231 3273 1293 3333 alle
1319 3276 1496 3336 Dämonie
1523 3277 1548 3337 im
1601 3280 1699 3340 Laufe
1731 3282 1782 3342 der
1815 3288 1923 3348 Jahre
1956 3288 2085 3348 abgeleg

2130 3291 2198 3351 ten.
2220 3291 2300 3351 Man
2338 3293 2544 3353 befürchtete,
2572 3297 2624 3357 daß
2662 3299 2710 3359 ihm
2753 3300 2800 3360 die
2833 3300 2992 3360 Brünner

1225 3318 1302 3378 hat,
1342 3321 1374 3381 so
1409 3321 1514 3381 suchen
1549 3321 1587 3381 sie
1632 3323 1715 3383 diese
1744 3326 1888 3386 kostbare
1917 3332 2078 3392 männlich

2131 3333 2177 3393 die
2203 3335 2425 3395 Pferdekräfte
2456 3339 2663 3399 ausspannen
2699 3344 2854 3404 würden.
2875 3347 2983 3407 Daher

1234 3362 1438 3422 Eigenschaft
1460 3365 1557 3425 eben,
1574 3368 1648 3428 dort
1671 3368 1719 3428 wo
1746 3369 1783 3429 sie
1811 3372 1848 3432 sie
1876 3374 1999 3434 finden.
2021 3377 2091 3437 Das
2124 3378 2210 3438 hielt
2232 3379 2285 3439 der
2313 3380 2431 3440 Wagen
2459 3382 2512 3442 bei
2534 3382 2582 3442 der
2604 3387 2776 3447 Neugasse,
2798 3389 2895 3449 Beidt
2917 3389 2987 3449 ver¬

1229 3407 1268 3467 ist
1291 3407 1341 3467 bei
1359 3407 1488 3467 Conrad
1517 3409 1630 3469 Veidt.
1647 3412 1686 3472 Er
1709 3413 1765 3473 ließ
1794 3415 1873 3475 diese
1896 3420 2099 3480 Eigenschaft
2128 3421 2190 3481 ließ
2236 3423 2297 3483 das
2326 3425 2467 3485 Theater
2502 3429 2710 3489 fluchtartig,
2745 3433 2885 3493 verfolgt
2926 3432 2981 3492 von

1232 3451 1313 3511 zwar
1338 3452 1405 3512 nur
1435 3455 1536 3515 ahnen
1575 3455 1637 3515 und
1667 3457 1738 3517 war
1768 3464 2014 3524 überströmend
2043 3464 2086 3524 lie

2125 3467 2213 3527 einem
2258 3467 2414 3527 Schwarm
2464 3470 2522 3530 von
2557 3475 2758 3535 Verehrern,
2778 3476 2826 3536 die
2851 3479 2900 3539 ihn
2935 3480 2988 3540 zu¬

1222 3494 1459 3554 benswürdig,
1487 3500 1560 3560 aber
1593 3500 1645 3560 der
1672 3502 1841 3562 Gedanke,
1863 3507 1920 3567 daß
1953 3509 1985 3569 er
2017 3509 2085 3569 auch
2123 3512 2308 3572 rückhalten
2335 3513 2488 3573 wollten,
2505 3515 2530 3575 so
2557 3516 2610 3576 daß
2637 3518 2663 3578 er
2690 3518 2753 3578 froh
2780 3520 2838 3580 sein
2865 3523 2991 3583 mußte,

1222 3536 1347 3596 anders
1377 3541 1482 3601 kann,
1503 3544 1658 3604 genügte.
1679 3545 1749 3605 Und
1780 3547 1804 3607 so
1840 3549 1970 3609 wurden
2006 3551 2091 3611 Wei=
2127 3552 2187 3612 mit
2213 3555 2307 3615 heilem
2353 3557 2504 3617 Überrock
2524 3559 2574 3619 den
2610 3562 2725 3622 Wagen
2756 3563 2780 3623 zu
2816 3565 2986 3625 erreichen.

1231 3581 1283 3641 ber
1310 3585 1336 3645 zu
1368 3586 1526 3646 Hyänen,
1548 3588 1616 3648 eine
1637 3592 1742 3652 Dame
1769 3594 1964 3654 besonders,
1980 3598 2096 3658 stürzte
2129 3599 2212 3659 Man
2244 3598 2333 3658 sollte
2360 3598 2391 3658 es
2419 3600 2476 3660 gar
2508 3603 2592 3663 nicht
2619 3607 2671 3667 für
2698 3608 2830 3668 möglich
2862 3610 2993 3670 hallen,

1226 3628 1290 3688 mit
1316 3630 1496 3690 erhobenem
1548 3634 1653 3694 Zettel
1684 3634 1744 3694 auf
1774 3636 1825 3696 die
1855 3639 1991 3699 Bühne,
2016 3640 2086 3700 was
2123 3642 2187 3702 daß
2213 3645 2263 3705 sich
2289 3645 2338 3705 die
2359 3646 2515 3706 Brünner
2541 3648 2651 3708 derart
2671 3651 2722 3711 für
2742 3653 2908 3713 jemanden
2939 3654 2988 3714 be¬

1226 3673 1316 3733 tats,
1362 3673 1422 3733 daß
1458 3674 1508 3734 der
1539 3679 1811 3739 Strumpfhalter
1867 3682 1963 3742 dabei
1994 3685 2089 3745 flöten

2132 3688 2259 3748 geistern
2298 3691 2435 3751 können.
2458 3694 2535 3754 Man
2569 3697 2646 3757 wird
2679 3697 2806 3757 wirklich
2840 3700 2988 3760 neidisch.

1222 3720 1322 3780 ging,
1365 3719 1407 3779 sie
1440 3720 1556 3780 vergaß
1588 3722 1651 3782 alle
1684 3726 1996 3786 Schamhaftigkeit,
2040 3729 2097 3789 be¬

2799 3742 2945 3802 Kend.
