3392 4320
251 303 308 363 12
427 315 1020 375 Schnitzler's
1090 310 1323 370 Death

524 1675 1230 1735 OBSERVER

610 1745 636 1805 I.
650 1742 769 1802 österr.
779 1741 930 1801 behördl.
944 1734 1241 1794 konzess'oniertes

563 1787 798 1847 Unternehmen
831 1781 875 1841 für
903 1775 1289 1835 Zeitungs-Ausschnitte

617 1844 766 1904 WIEN,
795 1842 841 1902 I.,
870 1837 1156 1897 WOLLZEILE
1205 1834 1244 1894 11

718 1894 936 1954 TELEPHON
969 1889 1143 1949 R-23-0-43

516 2040 741 2100 Ausschnitt
764 2037 854 2097 aus:

863 2253 886 2313 2
913 2252 961 2312 8.
988 2249 1111 2309 OKF.
1125 2245 1224 2305 1331

532 2266 639 2326 vom:

777 2451 798 2511 r
857 2446 1294 2506 Schnitzlers
1364 2447 1512 2507 Tod

553 2444 799 2504 Artug

496 2525 565 2585 Die
600 2526 752 2586 deutsche
788 2529 976 2589 Literatur
1025 2530 1093 2590 hät
1122 2529 1219 2589 eien
1254 2530 1427 2590 schweren
1470 2530 1622 2590 Verlust

441 2588 474 2648 zu
521 2586 706 2646 beklagen.
767 2587 887 2647 Artur
941 2590 1266 2650 Schnitzler,
1314 2589 1373 2649 der
1427 2587 1619 2647 berühmte

436 2643 709 2703 österreichische
773 2646 942 2706 Dichter,
992 2647 1041 2707 ist
1098 2648 1195 2708 nicht
1246 2646 1364 2706 mehr.
1421 2644 1611 2704 Während

444 2705 538 2765 eines
578 2705 883 2765 Spazierganaes
941 2708 1042 2768 erlitt
1094 2704 1131 2764 er
1177 2708 1259 2768 eine
1292 2709 1616 2769 Gehirnblutung,

441 2763 480 2823 an
521 2763 620 2823 deren
661 2764 793 2824 Folgen
840 2766 873 2826 er
913 2767 992 2827 bald
1026 2768 1165 2828 darauf
1192 2768 1311 2828 starb.
1339 2767 1391 2827 Er
1425 2768 1531 2828 stand
1565 2765 1597 2825 im

444 2823 520 2883 69.
549 2823 814 2883 Lebensjahre.

505 2891 728 2951 Schnitzlers
764 2893 910 2953 Werke,
939 2893 1001 2953 von
1044 2893 1156 2953 seinem
1220 2894 1429 2954 „Leutnant
1465 2890 1618 2950 Gustl",

444 2950 555 3010 seinen
598 2951 855 3011 dramatischen
898 2954 1051 3014 Skizzen
1093 2953 1281 3013 „Reigen"
1317 2954 1386 3014 und
1414 2953 1588 3013 „Anatol

444 3011 688 3071 angefangen,
716 3011 808 3071 über
841 3011 933 3071 seine
967 3012 1178 3072 zahlreichen
1225 3011 1423 3071 Novellen,
1444 3013 1615 3073 Theater¬

443 3069 544 3129 stücke
578 3067 645 3127 und
687 3067 747 3127 den
788 3070 922 3130 großen
950 3070 1092 3130 Roman
1140 3070 1241 3130 „Der
1276 3070 1363 3130 Weg
1397 3072 1457 3132 ins
1485 3067 1586 3127 Freie

444 3127 577 3187 hinaus
635 3124 691 3184 bis
750 3126 787 3186 zu
839 3130 953 3190 seinem
1005 3130 1189 3190 neuesten,
1234 3127 1303 3187 erst
1355 3129 1418 3189 vor
1476 3130 1609 3190 einigen

438 3188 564 3248 Tagen
606 3187 844 3247 erschienenen
887 3187 984 3247 Buch
1020 3189 1180 3249 „Flucht
1209 3186 1244 3246 in
1287 3186 1342 3246 die
1364 3187 1594 3247 Finsternis"

444 3246 708 3306 widerspiegeln
756 3247 821 3307 alle
856 3248 921 3308 das
962 3249 1087 3309 wahre
1107 3247 1253 3307 Wiener
1280 3247 1438 3307 Antlitz,
1466 3246 1610 3306 feinstes

444 3303 692 3363 Wienertum,
725 3303 789 3363 das
828 3305 878 3365 oft
911 3306 949 3366 an
988 3306 1045 3366 die
1084 3305 1231 3365 geistige
1270 3306 1513 3366 Atmosphäre
1552 3301 1609 3361 von

442 3364 576 3424 Paris,
604 3363 650 3423 an
692 3363 800 3423 dessen
841 3366 1064 3426 Leichtigkeit
1105 3365 1300 3425 gemahnt.
1356 3365 1450 3425 Doch
1491 3365 1612 3425 Artur

434 3422 639 3482 Schnitzler
693 3421 758 3481 hat
812 3423 877 3483 das
918 3425 1136 3485 Sittenstück
1177 3423 1242 3483 auf
1283 3425 1355 3485 eine
1389 3423 1614 3483 menschliche

438 3480 508 3540 und
550 3479 787 3539 künstlerische
838 3482 949 3542 Höhe
992 3485 1172 3545 gehoben,
1222 3482 1292 3542 wie
1328 3482 1369 3542 sie
1405 3482 1460 3542 die
1496 3482 1614 3542 Fran¬

437 3544 526 3604 zosen
572 3541 628 3601 nie
680 3542 834 3602 erreicht
866 3542 1006 3602 haben.
1059 3542 1116 3602 Er
1168 3543 1256 3603 hat,
1302 3539 1366 3599 als
1418 3539 1513 3599 Arzt
1546 3538 1609 3598 von

435 3601 577 3661 Beruf,
604 3600 668 3660 den
708 3599 805 3659 Mat
838 3601 915 3661 und
962 3600 1019 3660 die
1054 3599 1163 3659 Kraft
1197 3601 1365 3661 besessen,
1398 3599 1424 3659 in
1470 3599 1521 3659 die
1555 3597 1612 3657 ge¬

434 3661 698 3721 heimnisvolle
736 3662 1043 3722 Dunkelkammer
1093 3658 1154 3718 des
1191 3657 1437 3717 menschlichen
1481 3657 1616 3717 Unter¬

429 3718 676 3778 bewußtseins
722 3718 1015 3778 hinabzusteigen
1075 3717 1146 3777 und
1199 3717 1283 3777 dort
1336 3716 1413 3776 jene
1466 3714 1615 3774 bedeut¬

437 3778 545 3838 samen
590 3778 660 3838 und
700 3776 1077 3836 widerspruchsvollen
1116 3775 1488 3835 Verschränkungen,
1508 3772 1616 3832 Rück¬

435 3838 676 3898 beziehungen
750 3837 822 3897 und
879 3835 1113 3895 Polaritäten
1179 3834 1444 3894 auszuspüren,
1502 3829 1598 3889 deren

1538 309 1664 369 box
1740 312 1921 372 42/9

1797 791 2518 851 OBSERVER

1891 843 1911 903 I.
1929 846 2046 906 österr.
2059 852 2206 912 behördl.
2219 864 2522 924 konzessioniertes

1841 886 2075 946 Unternehmen
2107 893 2155 953 für
2177 903 2563 963 Zeitungs-Ausschnitte

1886 943 2039 1003 WIEN,
2066 954 2112 1014 I.,
2140 962 2419 1022 WOLLZEILE
2467 969 2513 1029 11

1990 1001 2202 1061 TELEPHON
2234 1013 2410 1073 R-23-0-43

1776 1134 2000 1194 Ausschnitt
2029 1144 2118 1204 aus:

2041 1254 2257 1314 Bukarester
2290 1243 2481 1303 Tagehlat!

1771 1357 1885 1417 vom:

2033 1448 2051 1508 2
2082 1446 2129 1506 ö.
2159 1443 2275 1503 OKT.
2295 1440 2391 1500 1937

1790 1585 1912 1645 Wien,
1935 1591 2000 1651 22.
2016 1588 2328 1648 (Eigendienst).
2351 1585 2364 1645 —
2416 1587 2699 1647 Derlbekannte
2729 1587 2844 1647 Dion¬

1683 1634 1736 1694 ter
1755 1637 1899 1697 Arthur
1918 1637 2249 1697 Schnitzler-starb
2280 1634 2472 1694 Mittwoch
2497 1637 2731 1697 nachmittag
2756 1634 2840 1694 hier

1666 1686 1855 1746 plötzlich
1902 1687 1941 1747 an
1981 1685 2079 1745 einem
2132 1685 2420 1745 Schlaganfall.

1778 1734 2016 1794 Schnitzler,
2050 1733 2139 1793 1862
2178 1733 2211 1793 in
2256 1733 2356 1793 Wien
2401 1734 2595 1794 geboren,
2624 1733 2718 1793 lebte
2763 1729 2851 1789 dort

1686 1784 1737 1844 als
1768 1784 1860 1844 Arzt
1882 1784 1948 1844 und
1985 1782 2057 1842 war
2083 1783 2185 1843 wohl
2201 1781 2273 1841 der
2300 1783 2536 1843 geistvollste
2562 1781 2845 1841 Vertreter)des

1684 1832 1808 1892 echten
1846 1831 2121 1891 Wienertums.
2138 1831 2245 1891 Seine
2272 1831 2466 1891 Dramen,
2483 1831 2547 1891 von
2575 1831 2725 1891 starker
2747 1831 2822 1891 Ero

1681 1882 1723 1942 tik
1767 1882 2053 1942 durchhaucht,
2076 1882 2157 1942 sind
2195 1880 2292 1940 über
2325 1880 2395 1940 alle
2428 1882 2584 1942 Bühnen
2629 1879 2849 1939 gegangen.

1682 1933 1866 1993 Genannt
1901 1931 1999 1991 seien
2046 1930 2115 1990 nur
2156 1932 2340 1992 „Anatol"
2387 1931 2554 1991 (1892),
2590 1928 2785 1988 „Liebelei

1691 1982 1844 2042 (1895),
1869 1981 2034 2041 „Reigen
2070 1981 2087 2041 ,
2111 1980 2212 2040 „Der
2236 1979 2413 2039 Schleier
2443 1978 2507 2038 der
2538 1978 2756 2038 Beatrice”,
2780 1977 2844 2037 das

1678 2028 1953 2088 Aerztedrama
1991 2028 2131 2088 „Prof.
2154 2028 2417 2088 Bernhardi”,
2445 2028 2558 2088 sowie
2591 2026 2661 2086 der
2688 2026 2833 2086 Roman

1684 2079 1785 2139 „Der
1820 2076 1912 2136 Weg
1956 2079 2015 2139 ins
2050 2079 2202 2139 Freie",
2228 2075 2288 2135 die
2323 2076 2508 2136 Novellen
2587 2076 2840 2136 „Kasanovas

1679 2127 1925 2187 Heimfahrt”
1961 2127 2002 2187 u.
2020 2127 2055 2187 a.

1668 2417 1995 2477 wissenschaftliche
2027 2423 2247 2483 Entdeckung
2286 2426 2346 2486 sich
2385 2428 2423 2488 an
2469 2427 2522 2487 den
2561 2429 2698 2489 Namen
2744 2431 2843 2491 Sig¬

1675 2475 1780 2535 mund
1822 2479 1961 2539 Freuds
2004 2479 2151 2539 knüpft;
2194 2482 2228 2542 er
2271 2482 2340 2542 hat
2369 2485 2502 2545 bereits
2545 2486 2579 2546 zu
2615 2488 2712 2548 einer
2748 2490 2845 2550 Zeit,

1674 2533 1727 2593 wo
1762 2536 1849 2596 diese
1884 2537 2012 2597 Lehren
2053 2539 2134 2599 noch
2189 2539 2222 2599 im
2291 2541 2439 2601 Werden
2494 2545 2663 2605 begriffen
2704 2548 2852 2608 waren,

1678 2593 1732 2653 die
1781 2596 2075 2656 Psychoanalyse
2104 2599 2371 2659 dramatisiert.
2433 2602 2515 2662 Und
2577 2604 2611 2664 er
2673 2605 2741 2665 hat
2804 2605 2837 2665 in

1680 2652 1787 2712 seinen
1849 2655 2045 2715 Romanen
2107 2656 2173 2716 und
2215 2661 2498 2721 Theaterstücken
2540 2661 2607 2721 das
2642 2662 2742 2722 Wien
2784 2661 2844 2721 des

1677 2713 1745 2773 Fin
1787 2712 1821 2772 de
1856 2712 1951 2772 siecle
1987 2715 2220 2775 eingefangen
2262 2718 2331 2778 und
2359 2720 2420 2780 für
2456 2721 2593 2781 spätere
2614 2721 2847 2781 Geschlechter

1678 2770 1928 2830 konserviert:
1963 2774 2036 2834 eine
2071 2776 2179 2836 ganze
2214 2778 2334 2838 Stadt
2389 2778 2457 2838 mit
2492 2780 2585 2840 ihrer
2627 2783 2843 2843 einmaligen

1681 2832 1836 2892 Kultur,
1863 2831 1934 2891 mit
1968 2831 2026 2891 dem
2079 2833 2143 2893 von
2183 2835 2241 2895 ihr
2269 2837 2456 2897 genährten
2503 2838 2574 2898 und
2614 2840 2841 2900 entwickelten

1680 2890 2011 2950 Menschenschlag,
2053 2891 2126 2951 wie
2174 2893 2214 2953 er
2262 2895 2323 2955 sich
2378 2896 2411 2956 in
2472 2897 2566 2957 einem
2622 2899 2844 2959 bestimmten

1679 2948 1882 3008 Zeitpunkt
1911 2948 1973 3008 der
2009 2948 2114 3008 Reife
2171 2950 2240 3010 und
2277 2953 2487 3013 Ueberreife
2523 2957 2712 3017 auslebte,
2741 2959 2782 3019 ist
2811 2957 2845 3017 in

1683 3007 1779 3067 ihnen
1841 3007 2013 3067 klingend
2083 3011 2151 3071 und
2215 3014 2400 3074 leuchtend
2436 3017 2649 3077 geworden.
2705 3016 2759 3076 Er
2787 3015 2855 3075 hat

1686 3064 1797 3124 damit
1828 3066 1940 3126 etwas
1978 3068 2166 3128 Analoges
2212 3072 2361 3132 geleistet
2399 3074 2466 3134 wie
2498 3076 2647 3136 Nestroy
2685 3076 2745 3136 für
2783 3078 2842 3138 das
2866 3077 2872 3137 /

1684 3121 1779 3181 Wien
1826 3124 1883 3184 des
1922 3127 2122 3187 Vormärz.
