3392 4224
272 258 388 318 12.

515 267 1041 327 chnitzler's
1112 268 1344 328 Death

1567 270 1687 330 box
1763 277 1952 337 42/7

478 1018 651 1078 OB

573 1076 595 1136 I.
610 1078 731 1138 österr.
741 1083 891 1143 behördl.
906 1085 961 1145 ko.

526 1119 764 1179 Unternehmen
792 1124 841 1184 für
865 1127 1039 1187 Zeitungs-

581 1178 723 1238 WIEN,
753 1183 802 1243 I.,
825 1189 1111 1249 WOLLZEILE
1156 1195 1197 1255 II

673 1232 893 1292 TELEPHON
925 1240 1097 1300 R-23-0-43

463 1368 689 1428 Ausschnitt
711 1374 800 1434 aus:

389 1470 634 1530 AUSSCHMTT
657 1473 740 1533 VOM:

982 1494 1003 1554 2
1026 1498 1047 1558 2
1094 1507 1182 1567 OKI.
1205 1522 1328 1582 1931.

389 1706 757 1766 Berliner
828 1719 1345 1779 Morgenpost

1283 1842 1332 1902 des
1363 1845 1520 1905 Nordens.
1561 1846 1709 1906 „Anatol"
1750 1846 1828 1906 stößt
1859 1851 2017 1911 siebenmal
2058 1851 2116 1911 mit

1274 1885 1352 1945 einem
1382 1888 1568 1948 Frauenherz
1594 1890 1775 1950 zusammen,
1785 1891 1947 1951 Christine,
1962 1893 2006 1953 die
2026 1894 2119 1954 sanfte

1275 1927 1373 1987 Heldin
1403 1930 1447 1990 der
1472 1931 1654 1991 „Liebelei",
1670 1933 1738 1993 geht
1758 1934 1837 1994 zart,
1857 1935 2034 1995 hinwelkend
2064 1937 2117 1997 wie

472 1939 717 1999 Arthur
778 1945 1125 2005 Schnitzler

1269 1970 1331 2030 eine
1360 1971 1465 2031 Blume
1495 1972 1523 2032 im
1562 1972 1648 2032 ersten
1682 1974 1850 2034 Nachtfrost
1874 1977 2047 2037 zugrunde;
2071 1980 2114 2040 der

1270 2012 1351 2072 arme
1379 2013 1493 2073 Dichter
1521 2016 1716 2076 Rademacher
1749 2017 1834 2077 stirbt
1858 2019 1994 2079 inmitten
2031 2024 2117 2084 seiner

1269 2056 1413 2116 Träume,
1432 2058 1590 2118 wehmütig
1619 2059 1796 2119 erkennend,
1820 2061 1871 2121 daß
1899 2061 1927 2121 er
1955 2064 2043 2124 selber
2072 2067 2113 2127 die

445 2065 998 2125 7gestorben.

1269 2096 1342 2156 beste
1372 2100 1573 2160 Romanfigur
1603 2101 1657 2161 ist,
1682 2100 1725 2160 die
1756 2100 1779 2160 er
1814 2104 1942 2164 erschuf;
1967 2106 2099 2166 behutsam

1278 2143 1342 2203 lösen
1373 2145 1444 2205 zwei
1465 2145 1631 2205 Menschen,
1647 2146 1692 2206 der
1718 2148 1940 2208 Kapellmeister
1961 2151 2112 2211 Amadeus

579 2147 702 2207 Wien,
754 2154 805 2214 21.
852 2154 996 2214 Oktober.
1063 2157 1202 2217 Arthur

517 2197 706 2257 Schnitzler
756 2197 798 2257 ist
837 2201 944 2261 heute
989 2204 1205 2264 nachmittag

518 2243 551 2303 in
584 2246 678 2306 Wien
712 2247 739 2307 im
784 2247 833 2307 70.
850 2252 1060 2312 Lebensjahr
1088 2257 1187 2317 einem

522 2297 775 2357 Schlaganfall
799 2300 962 2360 erlegen.

426 2372 515 2432 Ganz
541 2374 675 2434 sachlich,
696 2377 740 2437 als
773 2378 849 2438 wäre
876 2381 907 2441 es
939 2383 990 2443 uns
1023 2383 1073 2443 kein
1113 2384 1215 2444 Dolch¬

371 2417 425 2477 stich
459 2422 558 2482 mitten
592 2423 641 2483 ins
670 2427 764 2487 Herz,
786 2428 858 2488 steht
886 2428 913 2488 es
948 2431 997 2491 da,
1019 2433 1074 2493 mit
1097 2433 1201 2493 blauen

367 2467 475 2527 kleinen
511 2470 691 2530 Buchstaben
733 2475 784 2535 auf
821 2476 872 2536 das
909 2478 1001 2538 weiße
1038 2479 1120 2539 Band
1162 2478 1208 2538 des

371 2519 582 2579 Ferndruckers
619 2522 794 2582 geschrieben
831 2523 845 2583 —
903 2527 1021 2587 Arthur
1052 2527 1212 2587 Schnitzler

370 2564 428 2624 lebt
455 2568 534 2628 nicht
561 2570 656 2630 mehr.
693 2572 762 2632 Das
794 2573 831 2633 ist
852 2574 905 2634 für
932 2574 974 2634 die
1001 2577 1218 2637 Ungezählten,

362 2613 411 2673 die
446 2616 533 2676 diesen
573 2619 681 2679 großen
721 2619 774 2679 und
814 2621 907 2681 feinen
942 2622 1055 2682 Dichter
1090 2625 1217 2685 liebten,

371 2661 437 2721 weil
464 2662 500 2722 sie
531 2664 623 2724 seinem
671 2664 753 2724 Werk
784 2669 908 2729 Genuß,
935 2671 1115 2731 Nachdenken
1152 2672 1208 2732 und

369 2712 526 2772 Schönheit
555 2715 747 2775 verdankten,
770 2718 843 2778 mehr
872 2719 916 2779 als
945 2721 1001 2781 nur
1030 2721 1069 2781 ein
1098 2721 1210 2781 Todes¬

368 2760 431 2820 fall,
458 2762 547 2822 wert,
574 2764 616 2824 ein
654 2765 727 2825 paar
765 2766 955 2826 Augenblicke
987 2769 1209 2829 nachzusinnen,

363 2807 416 2867 das
438 2809 486 2869 ist,
503 2807 546 2867 als
573 2809 600 2869 ob
627 2810 665 2870 ein
698 2810 789 2870 lieber
811 2812 924 2872 Freund
952 2816 1102 2876 verschied,
1119 2819 1210 2879 einer,

363 2852 389 2912 an
428 2856 514 2916 dessen
547 2858 628 2918 Ende
656 2861 720 2921 man
753 2861 878 2921 nimmer
905 2861 1013 2921 dachte.

414 2909 529 2969 Arthur
565 2913 740 2973 Schnitzler!
791 2915 932 2975 Hundert
963 2918 1189 2978 Erinnerungen

356 2957 451 3017 steigen
486 2957 556 3017 auf,
577 2957 809 3017 Erinnerungen
839 2960 869 3020 an
900 2960 1025 3020 kostbare
1056 2963 1191 3023 Stunden

350 2995 377 3055 im
438 2998 583 3058 Theater,
625 3001 854 3061 Erinnerungen
911 3002 943 3062 an
1014 3007 1200 3067 durchlesene

355 3042 475 3102 Nächte.
516 3042 667 3102 Gestalten
703 3046 793 3106 stehen
829 3046 894 3106 auf,
920 3047 975 3107 uns
1011 3048 1036 3108 so
1066 3048 1122 3108 gut
1153 3049 1202 3109 be¬

352 3082 442 3142 kannt
467 3084 519 3144 wie
543 3086 739 3146 Verwandte.
759 3088 906 3148 Männer,
926 3088 968 3148 die
993 3090 1074 3150 durch
1103 3091 1193 3151 dieses

352 3126 431 3186 Leben
464 3128 586 3188 gingen,
605 3130 651 3190 als
675 3131 806 3191 Kompaß
835 3132 890 3192 nur
914 3135 961 3195 ihr
980 3136 1092 3196 eigenes
1120 3139 1195 3199 Herz

347 3171 524 3231 befragend;
549 3172 617 3232 süße
647 3175 769 3235 Mädel,
789 3178 843 3238 gut
893 3178 946 3238 und
1001 3180 1196 3240 leichtsinnig,

347 3215 385 3275 die
419 3216 534 3276 lachend
563 3215 591 3275 in
626 3216 687 3276 ihre
736 3218 885 3278 Tragödie
933 3225 1192 3285 hineintaumeln;

346 3255 493 3315 Menschen
528 3258 581 3318 aus
616 3258 660 3318 der
680 3258 758 3318 Welt
784 3260 832 3320 des
857 3264 1083 3324 Kaffeehauses,
1103 3267 1191 3327 Men¬

344 3303 411 3363 schen
443 3301 497 3361 aus
526 3303 575 3363 dem
612 3304 907 3364 vorüberzitternden
935 3308 1030 3368 Glanz
1053 3311 1103 3371 des
1130 3311 1193 3371 All¬

345 3342 425 3402 tags,
445 3343 495 3403 den
531 3345 576 3405 jäh
607 3347 652 3407 ein
688 3348 859 3408 Blitzstrahl
885 3350 930 3410 des
961 3354 1111 3414 Schicksals
1147 3353 1187 3413 er¬

1501 3367 1625 3427 Arthur
1647 3371 1842 3431 Schnitzler.

341 3386 425 3446 hellt;
455 3387 578 3447 Aerzte,
609 3391 836 3451 Schauspieler,
876 3395 1039 3455 Offiziere,
1085 3401 1192 3461 Klein¬

340 3431 469 3491 bürger;
488 3431 521 3491 du
560 3433 612 3493 und
646 3434 698 3494 ich.
737 3437 804 3497 Das
833 3439 952 3499 riesige,
991 3443 1192 3503 lebensvolle,

1249 3458 1356 3518 Adams
1393 3455 1449 3515 und
1481 3459 1557 3519 seine
1584 3461 1666 3521 Frau
1697 3463 1815 3523 Cäcilie
1847 3468 1872 3528 im
1919 3470 2094 3530 „Zwischen¬

340 3473 534 3533 lebensweise
562 3474 642 3534 Werk
670 3479 788 3539 Arthur
816 3482 988 3542 Schnitzlers
1015 3488 1188 3548 umschließt

1246 3500 1335 3560 spiel"
1360 3500 1414 3560 das
1439 3500 1498 3560 lose
1518 3503 1602 3563 Band
1632 3505 1711 3565 ihrer
1736 3506 1810 3566 Ehe,
1830 3510 1899 3570 ohne
1924 3512 1963 3572 ein
1998 3512 2091 3572 lautes

341 3518 405 3578 eine
435 3520 542 3580 ganze,
568 3521 631 3581 eine
661 3524 857 3584 wunderbare
887 3527 980 3587 Welt.

1245 3542 1345 3602 Wort,
1376 3543 1451 3603 ohne
1493 3545 1704 3605 gegenseitigen
1741 3551 1907 3611 Vorwurf;
1943 3554 2089 3614 Friedrich

397 3569 437 3629 Da
472 3570 559 3630 stehen
594 3571 646 3631 sie,
670 3574 751 3634 gehen
786 3578 873 3638 durch
903 3578 948 3638 ihr
973 3580 1111 3640 Geschick,
1135 3583 1186 3643 alle

1246 3583 1409 3643 Hofreiter,
1438 3585 1486 3645 der
1525 3589 1783 3649 Lebenskünstler,
1813 3594 1861 3654 der
1899 3595 1971 3655 „das
2010 3597 2091 3657 weite

340 3613 384 3673 die
415 3613 536 3673 Frauen
587 3614 642 3674 und
683 3618 819 3678 Männer
865 3620 955 3680 seiner
986 3625 1192 3685 Schauspiele,

1243 3625 1341 3685 Land"
1376 3626 1429 3686 (die
1464 3628 1567 3688 Seele)
1592 3631 1744 3691 erforscht,
1769 3637 1945 3697 verschmäht
1970 3637 1999 3697 es
2034 3640 2083 3700 aus

340 3654 430 3714 seiner
460 3655 598 3715 Romane
632 3658 684 3718 und
719 3661 881 3721 Novellen,
906 3663 958 3723 alle
992 3666 1030 3726 ein
1069 3670 1178 3730 bißchen

1243 3667 1435 3727 Sauberkeit,
1455 3670 1504 3730 der
1529 3671 1647 3731 Polizei
1672 3676 1726 3736 und
1756 3678 1844 3738 seiner
1874 3681 1987 3741 sicheren
2017 3682 2090 3742 Ver¬

339 3699 610 3759 lebensuntüchtig,
631 3703 767 3763 sensibel,
783 3703 807 3763 in
838 3706 883 3766 die
908 3708 1080 3768 Vorurteile
1105 3710 1185 3770 ihrer

1242 3712 1393 3772 urteilung
1429 3715 1453 3775 zu
1489 3715 1645 3775 entfliehen
1676 3721 1746 3781 ...

339 3742 467 3802 Umwelt
489 3745 695 3805 eingeknüpft.
732 3745 809 3805 Aber
836 3748 892 3808 heiß
924 3751 949 3811 in
981 3751 1063 3811 dieses
1095 3754 1177 3814 Leben

1306 3755 1468 3815 Menschen,
1494 3757 1641 3817 Menschen
1666 3763 1740 3823 ...
1761 3763 1903 3823 Allesamt
1933 3767 1987 3827 mit
2012 3769 2085 3829 einer

339 3785 482 3845 verliel,
504 3786 556 3846 das
589 3784 604 3844 —
657 3785 742 3845 selbst
774 3789 853 3849 wenn
891 3790 917 3850 es
950 3794 986 3854 sie
1018 3795 1177 3855 zerdrücken

1243 3798 1463 3858 empfindlichen
1498 3801 1593 3861 Haut,
1618 3802 1694 3862 einer
1723 3806 1838 3866 dünnen
1873 3810 1978 3870 Schale
2007 3810 2088 3870 ihrer

338 3827 411 3887 wird
441 3828 455 3888 —
508 3830 626 3890 weicher
657 3833 760 3893 zufaßt
791 3835 834 3895 als
864 3835 916 3895 bei
946 3839 990 3899 den
1028 3840 1175 3900 Menschen

1245 3843 1399 3903 reizsamen
1433 3845 1537 3905 Seele.
1582 3849 1742 3909 Schnitzler
1770 3852 1825 3912 hat
1853 3853 1891 3913 sie
1925 3853 1946 3913 in
1986 3856 2073 3916 seinen

2175 1856 2304 1916 Dramen
2338 1861 2482 1921 geformt,
2506 1863 2535 1923 in
2569 1866 2660 1926 diesen
2694 1871 2881 1931 anscheinend
2915 1876 3020 1936 hauch¬

2176 1900 2311 1960 leichten,
2331 1907 2577 1967 hingeplauschten
2603 1912 2733 1972 Szenen,
2743 1914 2783 1974 die
2804 1916 2858 1976 doch
2889 1918 2909 1978 so
2939 1921 3014 1981 voll¬

2175 1945 2289 2005 geladen
2323 1946 2375 2006 mit
2400 1947 2485 2007 echtem
2524 1954 2696 2014 Empfinden
2730 1956 2782 2016 und
2817 1960 2931 2020 wahrer
2955 1962 3017 2022 Da¬

2175 1986 2327 2046 seinsnähe
2372 1988 2431 2048 sind
2481 1991 2535 2051 wie
2580 1994 2633 2054 das
2678 1997 2767 2057 Leben
2816 2001 2914 2061 selbst.
2949 2005 3013 2065 Der

2176 2029 2316 2089 Schöpfer
2357 2031 2447 2091 dieser
2488 2036 2584 2096 vielen
2619 2040 2765 2100 Gestalten
2811 2045 2891 2105 hatte
2932 2049 3012 2109 zarte

2179 2073 2274 2133 Hände
2299 2073 2308 2133 —
2357 2074 2385 2134 er
2415 2076 2472 2136 war
2501 2080 2573 2140 Arzt
2598 2082 2650 2142 und
2680 2085 2770 2145 heilte
2795 2088 2895 2148 täglich
2925 2092 3016 2152 Wun¬

2175 2113 2219 2173 den
2258 2118 2312 2178 und
2347 2120 2514 2180 Schrunden
2549 2123 2558 2183 —
2613 2126 2672 2186 und
2706 2130 2760 2190 mit
2785 2133 2878 2193 diesen
2913 2136 3006 2196 zarten

2178 2160 2288 2220 Händen
2331 2164 2441 2224 formte
2480 2166 2508 2226 er
2547 2167 2623 2227 seine
2662 2172 2810 2232 Menschen
2853 2176 2910 2236 und
2954 2178 3006 2238 gab

2175 2201 2254 2261 ihnen
2290 2203 2335 2263 den
2371 2206 2415 2266 ihm
2456 2209 2546 2269 selber
2577 2210 2687 2270 eigenen
2718 2216 2838 2276 Wiener
2864 2221 3004 2281 Frohsinn

2169 2243 2226 2303 mit
2250 2246 2303 2306 auf
2322 2248 2370 2308 den
2404 2251 2595 2311 Lebensweg.
2634 2256 2691 2316 Als
2715 2258 2801 2318 echter
2826 2261 2940 2321 Dichter
2970 2263 3012 2323 er¬

2175 2288 2255 2348 höhte
2276 2289 2305 2349 er
2331 2291 2401 2351 seine
2427 2295 2517 2355 Wesen
2548 2298 2603 2358 und
2629 2298 2674 2358 ihr
2695 2303 2846 2363 Schicksal,
2861 2306 2916 2366 und
2947 2309 3007 2369 noch

2170 2330 2193 2390 in
2227 2332 2274 2392 den
2308 2335 2456 2395 heikelsten
2490 2342 2681 2402 Situationen
2715 2343 2729 2403 —
2777 2348 2853 2408 seine
2882 2351 3006 2411 Dialog¬

2169 2373 2244 2433 reihe
2274 2379 2421 2439 „Reigen"
2452 2383 2512 2443 gilt
2532 2383 2577 2443 als
2609 2386 2856 2446 Musterbeispiel
2877 2394 2891 2454 —
2937 2396 3007 2456 zau¬

2168 2419 2244 2479 berte
2274 2419 2302 2479 er
2327 2423 2446 2483 Anmut
2471 2427 2528 2487 und
2557 2429 2729 2489 Heiterkeit.

2228 2461 2292 2521 Sein
2323 2464 2409 2524 erster
2435 2468 2540 2528 großer
2566 2471 2677 2531 Roman
2708 2475 2742 2535 ist
2769 2476 2843 2536 „Der
2869 2479 2935 2539 Weg
2960 2481 3005 2541 ins

2169 2506 2287 2566 Freie",
2314 2511 2385 2571 diese
2401 2515 2551 2575 glitzernde
2572 2515 2624 2575 und
2645 2517 2759 2577 weithin
2785 2521 2909 2581 hallende
2930 2524 3007 2584 Dich¬

2169 2548 2238 2608 tung
2269 2551 2298 2611 um
2339 2553 2379 2613 ein
2410 2554 2484 2614 ganz
2510 2560 2867 2620 einfaches-Geschehnis,
2887 2569 2922 2629 um
2963 2568 3007 2628 die

2163 2592 2251 2652 Liebe
2276 2595 2320 2655 der
2350 2597 2452 2657 kleinen
2487 2603 2737 2663 Klavierlehrerin
2772 2607 2855 2667 Anna
2885 2610 3002 2670 Rosner

2163 2636 2192 2696 zu
2232 2637 2280 2697 dem
2330 2640 2432 2700 Baron
2472 2642 2569 2702 Georg
2609 2645 2638 2705 v.
2668 2649 2878 2709 Wargenthin.
2928 2652 3001 2712 Eine

2171 2679 2250 2739 lange
2286 2681 2377 2741 Reihe
2413 2684 2462 2744 von
2503 2688 2654 2748 Romanen
2690 2690 2745 2750 und
2781 2694 2917 2754 Novellen
2957 2696 3007 2756 hat

2165 2721 2321 2781 Schnitzler
2354 2727 2542 2787 geschrieben,
2570 2733 2780 2793 Köstlichkeiten
2819 2739 2872 2799 wie
2905 2740 2996 2800 „Frau

2164 2766 2253 2826 Beate
2280 2769 2333 2829 und
2365 2770 2407 2830 ihr
2429 2772 2550 2832 Sohn",
2572 2776 2640 2836 „Die
2662 2777 2741 2837 Frau
2768 2779 2815 2839 des
2842 2782 3011 2842 Richters",

2166 2810 2274 2870 „Spiel
2307 2811 2333 2871 im
2361 2816 2642 2876 Morgengrauen",
2653 2822 2809 2882 „Fräulein
2832 2823 3004 2883 Else"...

2164 2852 2256 2912 Denkt
2288 2856 2349 2916 man
2386 2858 2453 2918 aber
2485 2859 2520 2919 an
2557 2861 2726 2921 Schnitzlers
2764 2867 3006 2927 Prosaschriften,

2246 2900 2309 2960 fällt
2346 2901 2425 2961 einem
2473 2903 2562 2963 sofort
2600 2905 2652 2965 das
2690 2909 2811 2969 schmale
2843 2912 2990 2972 Bändchen

2166 2942 2329 3002 „Leutnant
2358 2944 2460 3004 Gustl"
2489 2947 2550 3007 ein,
2568 2948 2658 3008 dieses
2687 2952 2873 3012 großartige,
2891 2957 2998 3017 heitere

2160 2981 2216 3041 und
2242 2986 2546 3046 niederschmetternde
2567 2992 2793 3052 Selbstgespräch
2820 2998 2865 3058 des
2887 3001 2999 3061 armen,

2164 3028 2290 3088 dummen
2326 3030 2504 3090 Leutnants,
2528 3035 2579 3095 der
2609 3037 2654 3097 von
2689 3040 2770 3100 einem
2811 3040 2891 3100 rohen
2926 3043 3000 3103 Kerl

2163 3070 2219 3130 eine
2246 3073 2413 3133 Backpfeife
2439 3076 2554 3136 bekam.

2214 3114 2270 3174 Der
2302 3117 2376 3177 diese
2402 3121 2515 3181 Dinge,
2541 3124 2748 3184 Geschehnisse,
2767 3128 2854 3188 Taten
2886 3130 2986 3190 ersann

2159 3157 2213 3217 und
2239 3158 2304 3218 ihre
2330 3163 2526 3223 unheldischen
2557 3166 2663 3226 Helden
2714 3168 2764 3228 ins
2795 3172 2880 3232 Leben
2931 3175 3001 3235 rief,

2158 3200 2271 3260 Arthur
2298 3204 2473 3264 Schnitzler,
2494 3206 2530 3266 ist
2551 3208 2716 3268 gestorben.
2753 3213 2794 3273 In
2826 3213 2929 3273 Wien,
2950 3216 2991 3276 wo

2152 3240 2180 3300 er
2209 3243 2333 3303 geboren
2368 3248 2473 3308 wurde
2502 3249 2544 3309 (am
2589 3249 2641 3309 15.
2665 3252 2732 3312 Mai
2761 3255 2861 3315 1862),
2886 3258 2929 3318 wo
2963 3258 2991 3318 er

2153 3285 2239 3345 lebte,
2269 3288 2388 3348 dichtete
2442 3290 2499 3350 und
2539 3293 2582 3353 als
2621 3296 2880 3356 Menschenfreund
2939 3302 2987 3362 den

2156 3330 2310 3390 Leidenden
2342 3332 2419 3392 half.
2455 3334 2496 3394 Um
2538 3335 2584 3395 ihn
2615 3339 2733 3399 trauern
2765 3342 2837 3402 alle,
2858 3344 2899 3404 die
2930 3346 2971 3406 ihm

2155 3374 2200 3434 für
2229 3374 2279 3434 sein
2308 3378 2398 3438 Leben
2427 3378 2483 3438 und
2512 3380 2557 3440 für
2586 3382 2637 3442 sein
2666 3383 2750 3443 Werk
2774 3386 2897 3446 danken.

2846 3440 2892 3500 E.
2912 3440 2952 3500 E.

2208 3514 2271 3574 Wie
2298 3518 2354 3578 uns
2381 3518 2438 3578 aus
2471 3522 2547 3582 Wien
2580 3526 2726 3586 gemeldet
2772 3528 2867 3588 wird,
2906 3532 2976 3592 starb

2151 3560 2261 3620 Arthur
2289 3563 2450 3623 Schnitzler
2495 3566 2599 3626 gestern
2633 3570 2811 3630 nachmittag
2856 3575 2894 3635 um
2939 3574 2977 3634 ein

2140 3601 2253 3661 viertel
2288 3603 2375 3663 sieben
2435 3607 2508 3667 ganz
2558 3610 2744 3670 unerwartet
2794 3611 2827 3671 an
2887 3616 2965 3676 einem

2149 3646 2364 3706 Schlaganfall.
2403 3648 2440 3708 Er
2470 3650 2531 3710 war
2560 3652 2608 3712 von
2647 3654 2722 3714 einem
2761 3658 2981 3718 Nachmittags¬

2150 3688 2332 3748 spaziergang
2367 3691 2598 3751 zurückgekehrt,
2623 3694 2667 3754 der
2697 3697 2755 3757 Tod
2790 3700 2893 3760 ereilte
2923 3703 2986 3763 ihn,

2147 3730 2189 3790 als
2219 3730 2247 3790 er
2272 3733 2362 3793 grade
2387 3735 2463 3795 seine
2497 3739 2646 3799 Johnung
2675 3739 2800 3799 betreten
2834 3743 2925 3803 hatte.
2944 3742 2958 3802 —

2147 3773 2181 3833 Zu
2206 3774 2250 3834 dem
2290 3772 2333 3832 70.
2353 3777 2534 3837 Geburtstag
2565 3779 2609 3839 des
2634 3783 2766 3843 Dichters
2791 3784 2815 3844 im
2850 3789 2972 3849 nächsten

2142 3813 2220 3873 Jahr
2250 3817 2348 3877 waren
2383 3818 2436 3878 von
2476 3820 2524 3880 den
2564 3822 2681 3882 Wiener
2716 3827 2858 3887 Thealern
2897 3829 2975 3889 Fest¬

2141 3861 2362 3921 aufführungen
2391 3865 2480 3925 seiner
2509 3867 2612 3927 Stücke
2633 3871 2771 3931 geplant,
