3344 4352
310 279 888 339 Schnitzlers
957 288 1183 348 Death

1407 288 1530 348 box
1617 291 1850 351 43/19

309 738 656 798 DOBSE

742 751 1036 811 RVER

391 795 418 855 1.
431 798 556 858 österr.
565 805 716 865 behördl.
730 813 1028 873 konzessioniertes

349 838 588 898 Unternehmen
619 845 663 905 für
690 854 1075 914 Zeitungs-Ausschnitte

402 900 548 960 WIEN,
576 905 622 965 I.,
650 912 938 972 WOLLZEILE
985 921 1025 981 11

492 953 713 1013 TELEPHON
751 965 929 1025 R-23-0-43

293 1091 515 1151 Ausschnitt
543 1096 634 1156 aus:

543 1270 628 1330 „Z.
649 1267 781 1327 OKT.
801 1264 905 1324 1937

281 1312 394 1372 vom:

321 1437 360 1497 La
392 1437 502 1497 morte
524 1438 614 1498 dello
645 1440 818 1500 serittore
839 1446 1041 1506 Schnitzler

760 1500 948 1560 VIINNA,
965 1503 1002 1563 21

348 1543 388 1603 E'
409 1543 506 1603 morto
532 1544 650 1604 atasera
679 1547 732 1607 por
757 1548 891 1608 paralisi
912 1550 1034 1610 cardia¬

316 1583 366 1643 en,
387 1583 492 1643 all’età
518 1583 555 1643 di
576 1583 605 1643 70
631 1586 728 1646 anni,
745 1587 770 1647 il
791 1586 862 1646 noto
888 1589 1035 1649 serittoro

312 1622 470 1682 austriaco
498 1624 617 1684 Arturo
645 1626 842 1686 Schnitzler,
862 1627 897 1687 In
926 1631 1032 1691 questo

309 1661 418 1721 ultime
447 1661 622 1721 sottimano
651 1664 719 1724 ei
740 1665 772 1725 si
797 1667 919 1727 sentiva
956 1670 1029 1730 poco

310 1700 386 1760 beno
417 1701 447 1761 ed
477 1703 576 1763 aveva
607 1703 724 1763 vieuo
755 1706 903 1766 ritirato,
926 1709 1036 1769 conco¬

294 1739 443 1799 ondosi
460 1741 535 1801 ogni
556 1741 706 1801 riguarde
744 1744 889 1804 Stamane
915 1747 977 1807 egli
994 1747 1027 1807 ha

307 1780 390 1840 fatto
420 1780 478 1840 una
512 1780 625 1840 piecola
655 1785 877 1845 passeggiata.
899 1786 961 1846 Nel
982 1785 1036 1845 po-

306 1820 459 1880 meriggio
491 1820 545 1880 per
593 1822 781 1882 cominciava
833 1822 848 1882 a
896 1825 1033 1885 sentisi

304 1858 383 1918 male
416 1858 430 1918 o
463 1861 627 1921 malgrado
656 1864 861 1924 l'intervento
899 1867 1035 1927 medico,

303 1900 420 1960 moriva
453 1900 516 1960 allo
548 1901 602 1961 19.

483 2142 1199 2202 OBSERVER

574 2207 596 2267 1.
610 2210 730 2270 österr.
739 2210 886 2270 behördl.
900 2213 1203 2273 konzessioniertes

515 2249 756 2309 Unternehmen
789 2252 835 2312 für
863 2257 1257 2317 Zeitungs-Ausschnitte

577 2306 719 2366 WIEN,
747 2315 795 2375 I.,
822 2317 1108 2377 WOLLZEILE
1157 2319 1196 2379 11

672 2362 885 2422 TELEPHON
923 2367 1099 2427 R-23-0-43

460 2503 688 2563 Ausschnitt
713 2506 803 2566 aus:

865 2597 1058 2657 unon
1090 2581 1177 2641 lurn

957 2689 1015 2749 22
1067 2676 1196 2736 OKT.
1217 2671 1305 2731 1937

467 2726 578 2786 vom:

1090 2815 1239 2875 specchio
1262 2811 1344 2871 della
1372 2810 1521 2870 gloventù
1549 2807 1603 2867 del
1622 2804 1739 2864 pocta,
1754 2802 1826 2862 glo¬

369 2842 469 2902 Lo
504 2840 730 2900 scrittore
765 2837 1025 2897 Schnitzel

1088 2852 1186 2912 ventû
1210 2852 1260 2912 che
1284 2852 1311 2912 si
1327 2849 1429 2909 svolse
1453 2846 1476 2906 in
1504 2845 1558 2905 una
1586 2843 1703 2903 Vienna
1731 2840 1816 2900 meno

1091 2891 1304 2951 preoccupata
1342 2886 1569 2946 dell'odierna,
1599 2882 1657 2942 una
1700 2879 1821 2939 Vienna

375 2905 471 2965 morto
514 2900 819 2960 improvvisamente
861 2897 881 2957 a
924 2895 1048 2955 Vienna

1091 2929 1171 2989 nella
1200 2929 1289 2989 quale
1313 2927 1337 2987 la
1366 2927 1556 2987 borghesia,
1573 2921 1827 2981 disinteressan¬

708 2953 851 3013 Vienna,
870 2951 905 3011 21
928 2950 1035 3010 notte.

1091 2968 1167 3028 dost
1184 2968 1236 3028 det
1252 2965 1409 3025 problemt
1426 2963 1555 3023 soctall,
1568 2959 1705 3019 trovava
1729 2956 1822 3016 gusto

395 3004 457 3064 Una
486 3002 625 3062 paralisi
640 3000 786 3060 cardiaca
808 2998 849 3058 ha
872 3000 948 3060 oggl
970 2995 1067 3055 rapito
1152 3007 1319 3067 dedicarsi
1348 3003 1362 3063 a
1398 3001 1481 3061 tutto
1517 3001 1565 3061 cio
1601 2998 1657 3058 che
1692 2997 1825 3057 sapesse

340 3043 456 3103 Arturo
486 3042 669 3102 Schnitzel,
694 3039 829 3099 l'autore
859 3036 892 3096 di
917 3035 931 3095 «
951 3037 1227 3097 Anato¬drte.

343 3085 380 3145 lio
402 3084 431 3144 »,
461 3082 515 3142 del
549 3081 561 3141 «
578 3079 721 3139 Glovane
759 3076 914 3136 Medardo
935 3073 964 3133 »,
994 3073 1073 3133 della

1140 3085 1242 3145 Figlio
1271 3082 1308 3142 di
1332 3082 1369 3142 un
1402 3079 1627 3139 laringologo,
1647 3073 1834 3133 laurantost

346 3123 539 3183 «Signorina
568 3119 646 3179 Elsa
669 3117 679 3177 »
702 3117 718 3177 e
746 3117 779 3177 di
802 3114 996 3174 commedie,
1019 3114 1074 3174 ro-
1092 3121 1197 3181 anche
1225 3121 1269 3181 lui
1292 3121 1314 3181 in
1342 3121 1525 3181 medicina,
1542 3116 1570 3176 fu
1599 3114 1709 3174 spinto
1738 3111 1826 3171 verso

1100 3162 1120 3222 la
1150 3159 1342 3219 letteratura
1372 3158 1384 3218 o
1409 3156 1501 3216 l'arte
1527 3153 1585 3213 dai
1602 3153 1702 3213 molti
1719 3148 1832 3208 artisti

343 3162 456 3222 manzi
473 3162 485 3222 e
506 3159 627 3219 novelle
648 3159 704 3219 che
726 3156 782 3216 alla
807 3153 1002 3213 produzione
1023 3151 1079 3211 let-

344 3202 460 3262 teraria
498 3198 660 3258 austriaca
698 3195 884 3255 dell'ultimo
917 3192 1154 3252 esnquan¬che
1192 3195 1453 3255 frequentavano
1495 3193 1518 3253 la
1560 3192 1634 3252 casa
1677 3188 1835 3248 paterna.

344 3241 447 3301 tennso
477 3237 679 3297 confersrono
704 3234 762 3294 unu
793 3233 861 3293 cosl
876 3231 1073 3291 particolare
1098 3237 1211 3297 Aveva
1236 3236 1423 3296 cominelato
1448 3234 1472 3294 iu
1497 3230 1635 3290 carriera
1660 3228 1694 3288 di
1709 3225 1827 3285 medico

348 3279 528 3339 Impronta.
545 3276 747 3336 Lavoratore
773 3272 1009 3332 instancabile,
1018 3273 1077 3333 pur
1104 3276 1262 3336 militare,
1280 3276 1322 3336 ma
1353 3276 1378 3336 la
1404 3270 1649 3330 pubblicazione
1675 3267 1751 3327 della
1778 3264 1837 3324 ro¬

344 3318 469 3378 avendo
502 3317 660 3377 compluto
693 3314 772 3374 nello
805 3311 911 3371 scorso
945 3312 1075 3372 magglo
1103 3313 1182 3373 vella
1205 3315 1214 3375 «
1233 3314 1261 3374 Il
1276 3312 1489 3372 sottotenente
1513 3307 1653 3367 Gustavo
1672 3306 1685 3366 »
1704 3306 1727 3366 le
1746 3304 1834 3364 apin¬

348 3359 378 3419 69
410 3356 493 3416 anni
516 3355 528 3415 e
555 3353 617 3413 pur
644 3352 701 3412 non
732 3350 864 3410 essendo
896 3347 1028 3407 riuscito
1060 3349 1072 3409 a
1104 3351 1134 3411 se
1161 3353 1218 3413 nel
1237 3352 1315 3412 1000
1342 3350 1355 3410 a
1387 3348 1523 3408 svestire
1550 3344 1753 3404 l'uniforme.
1776 3341 1837 3401 Nel

349 3395 535 3455 consolarsi
554 3392 635 3452 della
664 3389 787 3449 perdita
817 3388 854 3448 di
874 3388 931 3448 una
965 3386 1074 3446 diletta
1103 3391 1279 3451 frattempo
1308 3389 1332 3449 la
1361 3389 1413 3449 nua
1442 3386 1527 3446 fama
1556 3386 1604 3446 era
1633 3383 1718 3443 stata
1747 3382 1828 3442 fatta

347 3436 505 3496 Agliuola,
528 3431 769 3491 tragscamente
796 3428 896 3488 morta
928 3425 942 3485 a
974 3426 1159 3486 Vene-dal
1178 3428 1301 3488 grande
1324 3427 1473 3487 successo
1501 3423 1664 3483 riportato
1692 3421 1723 3481 al
1747 3420 1828 3480 Burg

344 3478 388 3538 zia
410 3473 547 3533 qualche
570 3470 650 3530 anno
672 3467 836 3527 addietro,
850 3464 1022 3524 Schnitzel
1036 3464 1071 3524 ha
1103 3469 1245 3529 Theater
1285 3465 1320 3525 di
1343 3464 1405 3524 una
1436 3463 1618 3523 commedia
1658 3459 1715 3519 che
1760 3458 1835 3518 Max

351 3512 540 3572 continuato
564 3509 622 3569 fno
645 3506 812 3566 all'ultimo
835 3504 943 3564 glorno
970 3503 979 3563 a
1002 3503 1078 3563 dare
1106 3508 1286 3568 Reinhardt
1305 3504 1341 3564 ha
1368 3503 1544 3563 riesumato
1567 3500 1621 3560 nel
1640 3497 1838 3557 dopo-guei¬

350 3551 453 3611 nuovo
479 3548 646 3608 materiale
672 3547 684 3607 a
715 3547 834 3607 editori
852 3544 864 3604 e
890 3543 903 3603 a
929 3542 1139 3602 direttortira
1174 3545 1224 3605 plù
1260 3544 1315 3604 che
1345 3541 1426 3601 altre
1461 3541 1516 3601 per
1547 3536 1602 3596 far
1633 3535 1774 3595 rivivere
1808 3532 1834 3592 lo

1101 3584 1286 3644 scomparso
1318 3580 1432 3640 mondo
1464 3577 1650 3637 austriaco.
1674 3574 1839 3634 Talvolta,

352 3589 387 3649 di
405 3589 535 3649 teatro.

397 3636 421 3696 Il
443 3635 525 3695 Burx
555 3633 691 3693 Theater
712 3631 791 3691 nello
817 3629 924 3689 scorso
949 3626 1078 3686 inverno
1103 3623 1198 3683 come
1224 3622 1248 3682 in
1282 3621 1294 3681 «
1315 3619 1410 3679 Ridda
1431 3619 1460 3679 »,
1482 3615 1651 3675 Schnitzel
1677 3613 1834 3673 degenero

356 3676 448 3736 aveva
477 3675 585 3735 mesto
610 3673 634 3733 in
663 3671 755 3731 scena
784 3670 807 3730 il
828 3668 840 3728 «
857 3667 1006 3727 Sentlero
1030 3665 1086 3725 del
1104 3663 1135 3723 in
1160 3660 1196 3720 un
1225 3658 1370 3718 realismo
1395 3658 1451 3718 che
1475 3656 1519 3716 gli
1536 3653 1633 3713 attirô
1657 3652 1685 3712 il
1702 3651 1834 3711 blaaime

357 3715 460 3775 vivalo
481 3714 510 3774 »,
531 3712 638 3772 lavoro
672 3710 726 3770 che
755 3709 850 3769 risale
880 3706 916 3766 al
942 3706 1041 3766 1925,
1062 3704 1087 3764 il
1108 3700 1145 3760 di
1166 3698 1324 3758 amblenti
1345 3697 1382 3757 di
1399 3695 1527 3755 destra.
1548 3692 1647 3752 Negli
1668 3691 1747 3751 anni
1768 3689 1838 3749 ma¬

356 3753 444 3813 quale
468 3750 589 3810 mostra
618 3747 783 3807 Schnitzel
799 3744 928 3804 turbato
953 3743 989 3803 da
1013 3740 1089 3800 pro-
1107 3738 1183 3798 turl
1203 3735 1283 3795 volle
1312 3732 1493 3792 descrivere
1522 3731 1748 3791 l'invecchiare
1776 3728 1844 3788 del-

357 3792 453 3852 blemi
470 3792 676 3852 pstcologici,
692 3786 911 3846 preoccupato
936 3780 1227 3840 dall'am-l'uomo
1252 3774 1332 3834 nella
1357 3771 1628 3831 tragicommedia
1657 3771 1668 3831 «
1685 3770 1725 3830 La
1754 3765 1838 3825 terra

356 3831 480 3891 bizione
505 3830 534 3890 di
551 3828 741 3888 esprimersi
762 3825 782 3885 in
812 3823 870 3883 una
895 3822 1002 3882 lingua
1028 3819 1085 3879 pu-
1107 3816 1206 3876 vasta
1227 3816 1239 3876 »
1264 3814 1293 3874 e,
1314 3813 1339 3873 in
1372 3813 1492 3873 ricordo
1522 3811 1600 3871 della
1629 3810 1683 3870 sua
1712 3806 1840 3866 profes¬

356 3870 484 3930 rissima
512 3869 556 3929 ma
585 3864 717 3924 fredda,
734 3863 745 3923 e
770 3861 882 3921 quindi
899 3861 1015 3921 molto,
1036 3860 1079 3920 ma
1109 3858 1201 3918 stone
1221 3856 1253 3916 di
1270 3855 1406 3915 medico,
1422 3855 1434 3915 «
1451 3855 1478 3915 Il
1495 3850 1680 3910 professore
1700 3847 1840 3907 Berhar¬

361 3910 454 3970 molto
485 3907 612 3967 lontano
639 3903 672 3963 da
703 3902 805 3962 quello
835 3901 903 3961 stile
929 3898 1082 3958 apigliato
1113 3896 1146 3956 di
1160 3896 1172 3956 »
1202 3896 1227 3956 il
1249 3894 1360 3954 quale,
1382 3892 1514 3952 recitato
1548 3890 1603 3950 ne'
1629 3890 1727 3950 1912,
1749 3885 1834 3945 diede

357 3947 413 4007 che
436 3945 630 4005 caretteris»
674 3941 696 4001 la
723 3940 771 4000 sua
798 3938 890 3998 opera
917 3936 1093 3996 giovanile,
1112 3935 1239 3995 origine
1266 3931 1278 3991 a
1305 3931 1407 3991 nuove
1434 3929 1632 3989 polemiche.
1650 3926 1707 3986 Fra
1738 3926 1764 3986 le
1786 3926 1843 3986 sue

1114 3974 1157 4034 plù
1201 3971 1422 4031 Interessanti
1458 3968 1579 4028 novelle
1624 3965 1840 4025 ricorderemo

357 3986 560 4046 impregnata
593 3982 621 4042 di
642 3980 817 4040 umorismo
846 3978 858 4038 e
883 3977 915 4037 di
936 3974 1094 4034 efficacin.

1122 4013 1125 4073 «
1141 4010 1342 4070 L'auussino
1365 4008 1376 4068 »
1403 4008 1437 4068 e,
1456 4007 1505 4067 fra
1536 4009 1547 4069 1
1574 4004 1725 4064 romanal
1749 4003 1843 4063 cono¬

361 4027 400 4087 Di
421 4023 623 4083 quest'opera
652 4021 680 4081 si
696 4019 753 4079 può
778 4016 846 4076 dire
866 4013 923 4073 che
948 4013 1016 4073 essa
1040 4011 1076 4071 de

357 4063 427 4123 riva
454 4061 532 4121 tutta
559 4058 797 4118 dall'ambiente
819 4055 968 4115 viennese
991 4054 1017 4114 in
1039 4053 1096 4113 cui
1114 4049 1219 4109 scluti
1241 4049 1342 4109 anche
1374 4046 1399 4106 in
1435 4046 1549 4106 Italia,
1572 4047 1584 4107 «
1603 4046 1633 4106 Il
1660 4043 1778 4103 ritorno
1813 4040 1848 4100 di

357 4100 529 4160 Schnitzel
548 4097 630 4157 visse
654 4097 663 4157 e
688 4097 744 4157 che
764 4097 778 4157 è
802 4093 1037 4153 precisamente
1061 4091 1089 4151 lo
1114 4088 1286 4148 Casanova

2165 472 2973 532 DOBSERVER“

2251 530 2277 590 I.
2291 532 2411 592 österr.
2420 534 2572 594 behördl.
2586 538 2884 598 konzessioniertes

2201 571 2440 631 Unternehmen
2472 574 2518 634 für
2541 577 2932 637 Zeitungs-Ausschnitte

2255 631 2409 691 WIEN,
2437 634 2484 694 I.,
2512 637 2795 697 WOLLZEILE

2353 682 2566 742 TELEPHION
2605 688 2775 748 R-23-0-43

2150 822 2376 882 Ausschnitt
2400 826 2493 886 aus:

2145 1046 2259 1106 vom:

2420 1087 2511 1147 92.
2526 1073 2657 1133 OKT.
2672 1058 2777 1118 1931

2117 1183 2165 1243 La
2195 1184 2321 1244 morte
2363 1180 2401 1240 di
2431 1180 2567 1240 Arturo
2608 1176 2832 1236 Schvitzler

2349 1237 2487 1297 Vienna,
2511 1236 2539 1296 21
2561 1234 2700 1294 ottobre,
2716 1231 2817 1291 nôtte.

2145 1286 2223 1346 Nella
2249 1287 2301 1347 sun
2328 1284 2509 1344 abitaztone
2532 1282 2544 1342 à
2571 1279 2670 1339 morto
2692 1279 2770 1339 oggi
2788 1276 2848 1336 im¬

2110 1324 2372 1384 provvisamente
2401 1324 2425 1384 il
2446 1321 2644 1381 romanziere
2669 1318 2680 1378 e
2709 1316 2846 1376 comme¬

2110 1362 2256 1422 diografo
2278 1361 2437 1421 austriaco
2464 1359 2571 1419 Arturo
2593 1356 2786 1416 Schnitzler.
2800 1353 2838 1413 Da

2106 1401 2167 1461 due
2200 1401 2294 1461 anni,
2323 1401 2355 1461 da
2393 1398 2520 1458 quando
2553 1395 2618 1455 clod
2651 1395 2712 1455 una
2746 1392 2844 1452 grave

2112 1439 2258 1499 sclagura
2292 1437 2380 1497 turbò
2410 1437 2422 1497 1
2448 1437 2523 1497 suol
2544 1434 2653 1494 affetti
2675 1431 2850 1491 familiarl,

2111 1476 2134 1536 lo
2166 1476 2217 1536 sue
2249 1476 2438 1536 condizioni
2462 1476 2496 1536 di
2520 1473 2622 1533 salute
2651 1473 2709 1533 non
2741 1470 2839 1530 eranc

2110 1515 2235 1575 buone.
2252 1515 2344 1575 Negli
2365 1512 2474 1572 ultimi
2495 1512 2595 1572 templ
2617 1512 2641 1572 le
2667 1509 2843 1569 sofferenze

2115 1550 2369 1610 aumentarono,
2381 1550 2570 1610 mutandosi
2585 1548 2608 1608 in
2635 1547 2691 1607 uno
2715 1547 2790 1607 stato
2813 1545 2847 1605 di

2111 1592 2253 1652 porenne
2284 1589 2457 1649 angoscia.
2481 1586 2543 1646 Pur
2572 1586 2666 1646 senza
2697 1583 2792 1643 avere
2820 1583 2847 1643 li

2112 1628 2372 1688 presentimento
2397 1625 2477 1685 della
2506 1622 2661 1682 prossima
2691 1622 2771 1682 fine,
2788 1622 2854 1682 egli

2116 1666 2144 1726 si
2164 1666 2290 1726 sentiva
2315 1664 2526 1724 minacciato.
2547 1661 2575 1721 Il
2596 1658 2648 1718 suo
2673 1658 2766 1718 cuore
2795 1658 2839 1718 era

2111 1704 2248 1764 malato.
2275 1704 2329 1764 Clò
2360 1703 2417 1763 non
2454 1703 2582 1763 impedi
2605 1699 2667 1759 allo
2699 1697 2845 1757 scrittore

2106 1744 2350 1804 settuagenarlo
2381 1741 2416 1801 di
2443 1739 2607 1799 dedicarsi
2629 1736 2841 1796 ugualmente

2110 1779 2137 1839 al
2164 1780 2274 1840 lavoro
2306 1779 2319 1839 o
2350 1777 2385 1837 di
2408 1778 2617 1838 frequentare
2649 1777 2675 1837 la
2707 1774 2844 1834 socletà.

2106 1819 2170 1879 leri
2192 1819 2261 1879 sera
2291 1816 2454 1876 assistette
2481 1816 2493 1876 a
2524 1816 2584 1876 una
2615 1813 2842 1873 rappresenta¬

2104 1857 2197 1917 zlone
2219 1857 2250 1917 al
2268 1855 2378 1915 Teatro
2401 1855 2475 1915 della
2502 1853 2683 1913 Commedia
2706 1852 2718 1912 e
2737 1852 2842 1912 rinca¬

2101 1897 2204 1957 sando
2235 1894 2351 1954 accusò
2381 1894 2416 1954 un
2450 1894 2532 1954 certo
2563 1893 2761 1953 malessere.,
2774 1889 2842 1949 Sta¬

2104 1934 2215 1994 mane,
2241 1933 2430 1993 sentendesi
2456 1933 2589 1993 meglio,
2611 1931 2679 1991 fece
2705 1931 2735 1991 la
2765 1930 2842 1990 con¬

2104 1974 2190 2034 sueta
2225 1973 2449 2033 passeggiata,
2471 1971 2518 2031 ma
2548 1971 2630 2031 dopo
2661 1968 2846 2028 coluzione,

2104 2010 2229 2070 mentre
2255 2011 2384 2071 leggeva
2415 2007 2471 2067 nel
2488 2008 2544 2068 suo
2570 2007 2695 2067 studto,
2717 2007 2730 2067 à
2756 2007 2838 2067 stato

2100 2049 2218 2109 colpito
2250 2049 2286 2109 da
2323 2049 2358 2109 un
2395 2047 2517 2107 attacco
2554 2046 2763 2106 apoplettico.
2790 2046 2826 2106 La

2100 2088 2151 2148 sua
2186 2086 2382 2146 segretaria,
2408 2085 2564 2145 entrando
2595 2085 2677 2145 nella
2712 2085 2842 2145 stanza,

2101 2124 2126 2184 lo
2165 2124 2204 2184 ha
2238 2124 2363 2184 trovato
2398 2124 2517 2184 riverso
2552 2124 2634 2184 sulla
2669 2121 2831 2181 scrivania

2101 2163 2191 2223 privo
2217 2162 2251 2222 di
2269 2165 2371 2225 sensi.
2384 2162 2582 2222 Nonostante
2604 2162 2629 2222 le
2651 2162 2762 2222 pronte
2784 2162 2835 2222 cu¬

2101 2204 2148 2264 re,
2170 2201 2291 2261 stasera
2317 2201 2377 2261 alle
2404 2201 2429 2261 19
2456 2201 2468 2261 è
2490 2201 2632 2261 spirato.

2130 2243 2189 2303 Era
2217 2240 2289 2300 nato
2317 2241 2339 2301 1l
2358 2241 2389 2301 15
2413 2242 2540 2302 maggio
2563 2240 2645 2300 1862.
2659 2240 2827 2300 Seguendo

2100 2279 2126 2339 lo
2157 2279 2246 2339 orme
2282 2279 2334 2339 del
2362 2279 2482 2339 padre,
2504 2276 2686 2336 Giovanni,
2709 2277 2833 2337 celebre

2099 2318 2315 2378 laringoiatra
2346 2316 2358 2376 o
2384 2315 2565 2375 professore
2592 2315 2833 2375 all'Università

2097 2353 2135 2413 di
2157 2354 2299 2414 Vienta,
2321 2353 2433 2413 Arturo
2463 2353 2644 2413 Schnitzler
2670 2353 2700 2413 sl
2722 2353 2829 2413 dedico

2097 2394 2134 2454 da
2159 2392 2297 2452 glovane
2327 2392 2389 2452 alla
2415 2392 2569 2452 medicina
2595 2392 2624 2452 e,
2641 2391 2779 2451 ottenuta
2804 2392 2829 2452 la

2099 2431 2228 2491 laurea,
2245 2431 2274 2491 fu
2300 2431 2358 2491 per
2379 2431 2513 2491 qualche
2539 2431 2639 2491 tempo
2664 2431 2835 2491 assistente

2099 2471 2180 2531 nella
2215 2470 2331 2530 clinica
2370 2470 2519 2530 paterna.
2550 2470 2623 2530 Egli
2649 2472 2829 2532 intraprese

2095 2511 2170 2571 poi,
2192 2510 2201 2570 a
2233 2510 2329 2570 scopq
2361 2509 2396 2569 di
2419 2509 2542 2569 studto,
2565 2509 2680 2569 viaggt
2703 2509 2729 2569 in
2760 2509 2835 2569 Ger¬

2097 2547 2204 2607 manla
2226 2547 2239 2607 e
2261 2547 2282 2607 in
2308 2547 2518 2607 Inghilterra,
2532 2547 2756 2607 occupandosi
2769 2548 2837 2608 par¬

2097 2586 2325 2646 ticolarmente
2351 2589 2388 2649 di
2409 2589 2533 2649 ipnosi.
2555 2587 2605 2647 Ma
2634 2586 2733 2646 aveva
2763 2589 2833 2649 cosi

2091 2625 2236 2685 spiccate
2254 2625 2408 2685 tondenze
2430 2625 2589 2685 letterarle
2620 2625 2670 2685 che
2692 2626 2743 2686 ben
2770 2627 2838 2687 pre¬

2093 2664 2138 2724 sto
2164 2664 2192 2724 si
2210 2665 2314 2725 decise
2340 2667 2372 2727 ad
2398 2667 2632 2727 abbandonare
2654 2667 2678 2727 la
2704 2667 2825 2727 scienza

2097 2704 2151 2764 per
2176 2703 2289 2763 l'arte.

2122 2741 2299 2801 Collaboro
2327 2742 2495 2802 dapprima
2523 2743 2577 2803 con
2610 2744 2714 2804 poesle
2742 2744 2755 2804 e
2778 2744 2837 2804 1.o¬

2095 2778 2177 2838 velle
2195 2780 2256 2840 alla
2282 2780 2390 2840 rivista
2415 2780 2444 2840 Il
2461 2781 2511 2841 bel
2528 2783 2673 2843 Danublo
2694 2783 2823 2843 azcurro

2090 2819 2107 2879 e
2133 2819 2279 2879 pubblico
2306 2819 2365 2879 uno
2392 2819 2517 2879 studio.
2534 2822 2560 2882 Il
2577 2822 2706 2882 tenente
2729 2822 2831 2882 Gustl,

2090 2858 2152 2918 che
2186 2858 2232 2918 gll
2261 2858 2395 2918 procuro
2429 2861 2525 2921 aspre
2555 2860 2689 2920 critiche
2722 2861 2735 2921 e
2769 2861 2827 2921 unu

2095 2894 2236 2954 violenta
2264 2897 2467 2957 campagna.
2488 2900 2516 2960 In
2548 2900 2625 2960 quel
2645 2900 2747 2960 tempo
2775 2900 2823 2960 era

2090 2933 2231 2993 umclale
2257 2935 2398 2995 medico.
2415 2935 2427 2995 I
2448 2935 2523 2995 suoi
2540 2935 2710 2995 avversari
2727 2938 2831 2998 otten¬

2090 2972 2166 3032 nero
2191 2971 2214 3031 la
2239 2971 2477 3031 convocazione
2498 2974 2566 3034 d'un
2591 2977 2679 3037 gluri
2696 2977 2824 3037 d'onore

2091 3012 2149 3072 che
2178 3010 2282 3070 deciso
2312 3012 2324 3072 a
2354 3013 2408 3073 suo
2437 3013 2583 3073 sfavore.
2605 3016 2762 3076 L'attività
2796 3015 2829 3075 di

2090 3049 2279 3109 Schnitzler
2306 3051 2357 3111 fu,
2379 3050 2434 3110 net
2461 3052 2559 3112 primi
2586 3052 2680 3112 lustri
2706 3054 2762 3114 del
2784 3050 2835 3110 se¬

2086 3088 2180 3148 colo,
2203 3088 2301 3148 molto
2332 3088 2478 3148 intensa.
2500 3091 2529 3151 Il
2551 3091 2697 3151 successo
2728 3094 2827 3154 avuto

2090 3126 2127 3186 da
2157 3127 2293 3187 Anatol,
2315 3129 2560 3189 rappresentato
2598 3129 2656 3189 nel
2682 3131 2756 3191 1893,
2790 3133 2818 3193 10

2091 3165 2206 3225 spronò
2237 3165 2249 3225 a
2285 3165 2434 3225 lavorare
2466 3168 2521 3228 per
2547 3168 2572 3228 il
2599 3168 2719 3228 teatro.
2741 3170 2826 3230 L'in¬

2091 3204 2212 3264 fluenza
2233 3204 2313 3264 della
2338 3204 2442 3264 scuola
2464 3207 2686 3267 naturalistica
2712 3210 2736 3270 lo
2758 3209 2828 3269 por¬

2091 3240 2098 3300 t
2139 3243 2273 3303 tuttavia
2302 3243 2310 3303 a
2339 3243 2473 3303 trattare
2493 3246 2574 3306 temi
2591 3246 2754 3306 scabrosi,
2770 3249 2822 3309 che

2090 3282 2148 3342 non
2182 3282 2310 3342 sempra
2340 3282 2452 3342 ebbero
2482 3284 2506 3344 il
2532 3285 2639 3345 favore
2669 3285 2723 3345 del
2748 3288 2806 3348 pub

2090 3318 2190 3378 blico.
2216 3321 2353 3381 Reigen,
2379 3321 2433 3381 per
2463 3322 2622 3382 esemplo,
2647 3323 2747 3383 uscito
2781 3324 2826 3384 in¬

2084 3357 2179 3417 torno
2209 3357 2246 3417 al
2272 3356 2350 3416 1900,
2376 3359 2409 3419 ha
2443 3362 2597 3422 sollevato
2631 3362 2722 3422 aspre
2756 3364 2810 3424 pro

2086 3395 2165 3455 teste
2191 3395 2203 3455 o
2229 3398 2409 3458 polemiche
2434 3398 2556 3458 perfino
2581 3401 2606 3461 in
2636 3401 2828 3461 Germania,

2086 3435 2165 3495 dove
2194 3434 2274 3494 pure
2303 3437 2332 3497 si
2358 3437 2408 3497 era
2438 3437 2584 3497 abituati
2609 3439 2667 3499 alle
2697 3442 2818 3502 licenze

2086 3475 2120 3535 di
2146 3473 2343 3533 Wedekind.
2374 3476 2511 3536 Reigen,
2533 3478 2545 3538 o
2580 3479 2666 3539 Ballo
2696 3479 2722 3539 in
2756 3480 2820 3540 cer¬

2086 3513 2174 3573 chio,
2195 3512 2223 3572 fu
2256 3512 2503 3572 rappresentato
2535 3516 2588 3576 con
2620 3518 2770 3578 successo
2799 3518 2810 3578 a

2086 3550 2231 3610 Berlino,
2244 3550 2290 3610 ma
2315 3553 2323 3613 a
2348 3553 2477 3613 Monaco
2498 3555 2631 3615 terminò
2653 3559 2731 3619 sotto
2753 3560 2810 3620 una

2086 3589 2215 3649 ploggla
2246 3589 2280 3649 di
2302 3589 2384 3649 ueva
2415 3592 2539 3652 marce.

2117 3628 2410 3688 Dell'abbondante
2440 3631 2637 3691 produzione
2661 3635 2810 3695 d'Arturo

2077 3667 2280 3727 Schnitzler,
2302 3667 2315 3727 1
2341 3667 2449 3727 lavori
2476 3670 2528 3730 plù
2563 3673 2631 3733 noti
2658 3673 2753 3733 sono,
2775 3674 2822 3734 ol¬

2086 3706 2128 3766 tre
2150 3706 2248 3766 quelli
2266 3706 2372 3766 citati,
2386 3709 2539 3769 Liebelet,
2553 3711 2578 3771 Il
2596 3709 2723 3769 Kakadà
2750 3711 2818 3771 ver¬

2086 3741 2141 3801 de.
2162 3741 2221 3801 Ore
2250 3741 2286 3801 di
2311 3743 2394 3803 vita,
2415 3744 2442 3804 Il
2468 3746 2623 3806 cammino
2657 3749 2816 3809 solitario,

2082 3777 2294 3837 burattint,
2311 3783 2336 3843 Il
2353 3783 2490 3843 gtovane
2516 3786 2687 3846 Medardo,
2700 3789 2728 3849 Il
2750 3789 2820 3849 pro-

2080 3818 2180 3878 fessor
2215 3819 2416 3879 Bernhardl,
2446 3822 2479 3882 La
2518 3825 2694 3885 commedia
2733 3828 2812 3888 delle

2080 3855 2205 3915 parole.
2218 3855 2339 3915 Serisse
2366 3858 2517 3918 parecchi
2534 3862 2686 3922 romanzi
2703 3866 2711 3926 e
2734 3867 2815 3927 libri

2080 3894 2108 3954 di
2128 3894 2270 3954 novelle,
2287 3896 2331 3956 fra
2360 3895 2412 3955 cui
2429 3897 2457 3957 Il
2474 3900 2595 3960 ritorno
2620 3902 2652 3962 di
2673 3903 2815 3963 Casano-

2077 3932 2111 3992 va
2138 3933 2202 3993 (del
2224 3935 2301 3995 1918)
2319 3935 2331 3995 e
2358 3935 2448 3995 Ctoco
2474 3935 2530 3995 nel
2547 3938 2750 3998 crepuscolo.
2767 3944 2801 4004 La

2080 3974 2178 4034 morte
2205 3974 2230 4034 lo
2260 3974 2294 4034 ba
2320 3974 2436 4034 colpiio
2462 3975 2586 4035 mentre
2608 3980 2698 4040 stava
2724 3980 2814 4040 lavo¬

2075 4010 2181 4070 rando
2213 4012 2225 4072 a
2261 4013 2319 4073 una
2355 4013 2461 4073 dova
2492 4016 2638 4076 edizione
2670 4022 2727 4082 del
2750 4024 2807 4084 suo

2077 4049 2232 4109 romanzo
2259 4052 2393 4112 Appello
2420 4053 2500 4113 della
2527 4055 2612 4115 vita.
