3436 4320
261 277 389 337 12.
450 288 1035 348 Schnitzler's
1106 291 1333 351 Death

1557 297 1682 357 box
1754 303 1950 363 42/7

880 1075 1245 1135 OBSI

1290 1074 1605 1134 RVER

979 1130 1005 1190 I.
1019 1130 1138 1190 österr.
1148 1130 1299 1190 behördl.
1309 1130 1611 1190 konzessioniertes

921 1172 1157 1232 Unternehmen
1187 1172 1238 1232 für
1267 1172 1656 1232 Zeitungs-Ausschnitte

979 1229 1131 1289 WIEN,
1159 1231 1207 1291 I.,
1228 1231 1518 1291 WOLLZEILE
1560 1231 1608 1291 11

1080 1282 1293 1342 TELEPHON
1331 1284 1507 1344 R-23-0-43

876 1425 1107 1485 Ausschnitt
1128 1455 1361 1515 AuSuSGEE
1393 1458 1695 1518 PEBGSENSLAT

1211 1594 1312 1654 72.
1333 1582 1465 1642 OKT.
1487 1571 1578 1631 1937

865 1628 882 1688 -

869 1778 1064 1838 Der
1132 1778 1490 1838 Dichter
1558 1778 1900 1838 Arthur
1968 1780 2474 1840 Schnitzler

1769 1874 1815 1934 ler
1839 1877 1939 1937 sofort
1971 1879 1994 1939 zu
2034 1876 2126 1936 Bett.
2158 1879 2204 1939 Er
2229 1881 2376 1941 erlangte
2400 1882 2454 1942 bis
2486 1884 2508 1944 zu
2548 1882 2648 1942 seinem

1019 1896 1106 1956 Die
1139 1897 1544 1957 Todesnachricht.

1774 1917 1855 1977 Tode
1889 1915 1941 1975 das
1979 1916 2175 1976 Bewußtsein
2214 1918 2290 1978 nicht
2319 1918 2447 1978 wieder.
2515 1920 2562 1980 Es
2596 1920 2663 1980 war

896 1952 965 2012 wb.
998 1951 1135 2011 Wien,
1168 1952 1221 2012 21.
1258 1952 1407 2012 Oktober.
1466 1954 1726 2014 (Drahtbericht.)

1772 1955 1839 2015 eine
1873 1957 2253 2017 Gehirnblutung
2297 1959 2503 2019 eingetreten,
2532 1960 2561 2020 so
2605 1960 2657 2020 daß

820 1993 995 2053 Arthur
1026 1990 1257 2050 Schnitzler
1284 1990 1318 2050 ist
1344 1993 1429 2053 heute
1460 1993 1641 2053 nachmittag
1671 1992 1706 2052 um

1774 1993 1803 2053 er
1833 1993 1877 2053 sich
1907 1993 1975 2053 auch
2005 1993 2083 2053 nicht
2108 1996 2191 2056 einen
2226 1996 2406 2056 Augenblick
2437 1999 2529 2059 seines
2564 1997 2657 2057 nahen

1771 2031 1874 2091 Todes
1924 2031 2056 2091 bewußt
2101 2034 2258 2094 geworden
2313 2034 2361 2094 ist.
2421 2035 2465 2095 Um
2515 2035 2553 2095 6¼
2603 2034 2666 2094 Uhr

823 2033 861 2093 6¼
906 2034 972 2094 Uhr
995 2034 1115 2094 einem
1160 2034 1508 2094 Schlanganfall
1531 2036 1724 2096 erlegen.

1768 2070 1881 2130 abends
1926 2070 1990 2130 trat
2020 2073 2266 2133 Atemlähmung
2296 2075 2360 2135 ein,
2395 2074 2453 2134 und
2489 2076 2572 2136 sanft
2597 2076 2665 2136 um¬

897 2106 1019 2166 Arthur
1042 2108 1209 2168 Schnitzler
1233 2109 1338 2169 wurde
1361 2110 1393 2170 am
1434 2109 1483 2169 15.
1506 2109 1573 2169 Mai
1596 2108 1668 2168 1862
1691 2108 1718 2168 in

1777 2112 1855 2172 faßte
1882 2106 1929 2166 ihn
1966 2109 2013 2169 der
2045 2111 2123 2171 Tod.

828 2148 911 2208 Wien
951 2150 1000 2210 als
1035 2146 1122 2206 Sohn
1162 2150 1211 2210 des
1251 2150 1633 2210 Universitätsprofessors
1668 2148 1731 2208 Dr.

1848 2151 1893 2211 An
1928 2149 2023 2209 seinem
2069 2150 2273 2210 Sterbelager
2324 2151 2442 2211 weilten
2483 2152 2533 2212 sein
2568 2151 2669 2211 sofort

821 2187 950 2247 Johann
999 2189 1186 2249 Schnitzler,
1220 2190 1306 2250 eines
1350 2190 1557 2250 bedeutenden
1605 2190 1725 2250 Laryn¬

1774 2187 2045 2247 herbeigerufener
2070 2189 2194 2249 Bruder
2218 2190 2332 2250 Hofrat
2357 2193 2414 2253 und
2443 2193 2667 2253 Universitäts¬

822 2228 973 2288 gologen,
994 2228 1141 2288 geboren.
1182 2225 1227 2285 Er
1253 2227 1394 2287 studierte
1425 2228 1592 2288 gleichfalls
1624 2225 1729 2285 Medi¬

1777 2225 1921 2285 professor
1957 2225 2019 2285 Dr.
2051 2225 2215 2285 Julius
2252 2228 2484 2288 Schnitzler
2521 2231 2577 2291 und
2619 2230 2665 2290 die

1774 2264 1901 2324 übrigen
1946 2266 1975 2326 in
2015 2261 2102 2321 Wien
2142 2267 2308 2327 weilenden
2353 2267 2563 2327 Angehörigen
2608 2269 2657 2329 des

819 2267 863 2327 zin
898 2267 957 2327 und
987 2266 1051 2326 war
1077 2264 1121 2324 bis
1151 2266 1219 2326 1893
1250 2267 1393 2327 Assistent
1418 2267 1512 2327 seines
1542 2266 1655 2326 Vaters
1685 2266 1715 2326 an

1776 2303 1929 2363 Dichters.
1987 2304 2063 2364 Noch
2107 2304 2139 2364 am
2183 2306 2288 2366 Abend
2332 2306 2437 2366 wurde
2480 2309 2566 2369 durch
2610 2308 2662 2368 den

826 2306 875 2366 der
905 2306 1032 2366 Wiener
1057 2306 1259 2366 allgemeinen
1294 2306 1481 2366 Poliklinik.
1515 2306 1638 2366 Später
1668 2306 1726 2366 trat

1774 2343 1942 2403 Amtsarzt
1971 2342 2013 2402 die
2043 2342 2249 2402 Leichenschau
2289 2345 2548 2405 vorgenommen.
2592 2347 2673 2407 Vor¬

821 2345 849 2405 er
883 2346 912 2406 in
936 2346 1215 2406 militärärztlichen
1239 2348 1354 2408 Dienst,
1384 2348 1436 2408 den
1461 2347 1484 2407 er
1504 2345 1571 2405 aber
1591 2348 1653 2408 nach
1677 2345 1720 2405 der

1775 2383 1870 2443 läufig
1900 2381 1956 2441 sind
1987 2382 2062 2442 keine
2088 2384 2340 2444 Bestimmungen
2371 2384 2441 2444 über
2467 2384 2511 2444 die
2533 2385 2668 2445 Leichen¬

828 2384 1024 2444 Publikation
1074 2384 1172 2444 seines
1216 2384 1398 2444 „Leutnant
1423 2384 1526 2444 Gustl“
1571 2384 1718 2444 aufgeben

1778 2421 1846 2481 feier
1878 2420 2025 2480 getroffen
2062 2422 2204 2482 worden.

819 2422 942 2482 mußte.
983 2421 1170 2481 Schnitzlers
1200 2423 1407 2483 literarisches
1443 2422 1581 2482 Schaffen
1621 2423 1724 2483 wurde

2263 2423 2337 2483 Man
2371 2422 2441 2482 will
2493 2423 2671 2483 abwarten,

1772 2459 1819 2519 bis
1849 2458 1901 2518 sein
1931 2459 1954 2519 in
1984 2460 2094 2520 Berlin
2123 2460 2262 2520 lebender
2287 2461 2397 2521 Sohn,
2417 2461 2464 2521 der
2489 2461 2585 2521 sofort
2609 2460 2662 2520 von

815 2460 899 2520 durch
934 2461 1033 2521 seinen
1073 2461 1232 2521 ärztlichen
1272 2459 1376 2519 Beruf
1406 2461 1510 2521 ebenso
1546 2461 1723 2521 beeinflußt

823 2498 882 2558 wie
907 2500 995 2560 durch
1025 2500 1068 2560 die
1098 2500 1304 2560 Atmosphäre
1329 2500 1378 2560 der
1408 2500 1599 2560 Geistigkeit,
1619 2502 1663 2562 die
1693 2498 1717 2558 in

1777 2498 1826 2558 dem
1877 2497 2008 2557 Ableben
2048 2499 2144 2559 seines
2179 2500 2295 2560 Vaters
2330 2503 2521 2563 verständigt
2552 2503 2672 2563 wurde,

825 2538 922 2598 seinem
969 2539 1159 2599 Vaterhause
1183 2539 1345 2599 herrschte,
1365 2539 1406 2599 wo
1439 2540 1527 2600 unter
1555 2540 1601 2600 der
1630 2539 1713 2599 guten

1771 2539 1800 2599 in
1830 2539 1912 2599 Wien
1942 2539 2094 2599 eintrifft.

823 2580 1020 2640 Gesellschaft
1045 2578 1094 2638 der
1120 2578 1188 2638 80er
1213 2578 1272 2638 und
1303 2578 1371 2638 90er
1396 2578 1499 2638 Jahre
1525 2581 1568 2641 die
1599 2578 1722 2638 Größen

824 2617 876 2677 des
905 2619 1135 2679 Burgtheaters
1164 2619 1221 2679 aus
1255 2617 1312 2677 und
1347 2617 1389 2677 ein
1423 2618 1552 2678 gingen.
1591 2618 1634 2678 Zu
1668 2617 1715 2677 den

819 2658 1026 2718 bekanntesten
1060 2657 1156 2717 seiner
1186 2655 1422 2715 Bühnenwerke
1452 2658 1577 2718 gehören
1612 2655 1727 2715 Ana¬

1241 2694 1467 2754 Freiwild

1537 2694 1724 2754 Reigen.

958 2694 1190 2754 Liebelei,

821 2696 910 2756 tol,

823 2733 995 2793 Schnitzler
1019 2736 1148 2796 zeichnet
1167 2735 1191 2795 in
1220 2734 1311 2794 ihnen
1340 2734 1445 2794 ebenso
1474 2733 1531 2793 wie
1555 2733 1579 2793 in
1613 2734 1708 2794 seinem

819 2775 957 2835 einzigen
987 2775 1095 2835 großen
1130 2773 1248 2833 Roman
1273 2775 1356 2835 Der
1382 2775 1470 2835 Weg
1495 2773 1564 2833 ins
1594 2772 1721 2832 Freie

819 2814 879 2874 und
917 2811 944 2871 in
987 2814 1071 2874 einer
1109 2814 1217 2874 großen
1259 2814 1343 2874 Zahl
1377 2813 1432 2873 von
1475 2811 1620 2871 Novellen
1663 2813 1718 2873 und

823 2852 1004 2912 Noveletten
1037 2852 1093 2912 das
1126 2852 1251 2912 Wiener
1285 2852 1377 2912 Leben
1415 2850 1447 2910 um
1495 2852 1541 2912 die
1574 2850 1644 2910 Zeit
1672 2849 1723 2909 der

821 2893 1175 2953 Jahrhundertwende.
1243 2888 1338 2948 Weich
1396 2891 1458 2951 und
1517 2891 1617 2951 leicht,
1670 2890 1727 2950 mit

823 2930 1014 2990 glänzendem
1063 2929 1134 2989 Stil
1168 2930 1226 2990 und
1265 2930 1389 2990 scharfer
1423 2930 1643 2990 Beobachtung
1678 2925 1730 2985 be¬

823 2972 953 3032 handelt
981 2969 1009 3029 er
1037 2969 1069 3029 am
1117 2969 1233 3029 liebsten
1271 2969 1317 3029 die
1345 2969 1518 3029 Probleme
1541 2969 1630 3029 jener
1658 2968 1723 3028 ver¬

823 3009 981 3069 gangenen
1023 3008 1171 3068 sorglosen
1219 3010 1279 3070 und
1316 3008 1586 3068 unbekümmerten
1633 3008 1730 3068 Welt,

819 3046 862 3106 ein
905 3047 967 3107 echt
1002 3048 1251 3108 österreichischer
1290 3046 1429 3106 Dichter.
1477 3045 1578 3105 Ueber
1617 3046 1717 3106 seinen

816 3086 918 3146 letzten
975 3088 1175 3148 erzählenden
1236 3085 1358 3145 Werken
1419 3087 1489 3147 aber
1541 3085 1620 3145 liegt
1672 3085 1722 3145 der

814 3127 958 3187 Schatten
1007 3127 1099 3187 einer
1138 3126 1234 3186 neuen
1288 3121 1389 3181 Welt,
1428 3126 1475 3186 die
1520 3124 1722 3184 grüblerische

819 3166 958 3226 erotische
997 3166 1214 3226 Psychologie,
1248 3165 1296 3225 die
1335 3163 1392 3223 von
1436 3163 1522 3223 Wien
1567 3165 1624 3225 aus
1668 3163 1715 3223 den

825 3205 998 3265 Siegeszug
1032 3205 1204 3265 angetreten
1243 3203 1310 3263 hat.
1354 3205 1426 3265 Das
1460 3202 1522 3262 gilt
1551 3201 1714 3261 besonders

824 3247 870 3307 für
896 3247 942 3307 die
969 3247 1170 3307 meisterhafte
1197 3244 1326 3304 Novelle
1347 3244 1517 3304 „Fräulein
1549 3242 1652 3302 Else“.

996 3342 1087 3402 Die
1120 3342 1259 3402 letzten
1298 3342 1553 3402 Stunden.

900 3394 966 3454 Wie
995 3396 1081 3456 unser
1110 3396 1234 3456 Wiener
1264 3399 1421 3459 Vertreter
1470 3399 1608 3459 drahtet,
1656 3399 1703 3459 kam

819 3438 871 3498 der
900 3440 962 3500 Tod
991 3438 1110 3498 Arthur
1135 3438 1321 3498 Schnitzlers
1350 3438 1440 3498 selbst
1465 3438 1555 3498 seiner
1585 3438 1708 3498 nächsten

1456 3476 1556 3536 Wohl
1621 3473 1720 3533 klagte

818 3476 1005 3536 Umgebung
1060 3475 1397 3535 überraschend.

823 3518 985 3578 Schnitzler
1013 3515 1040 3575 in
1072 3515 1122 3575 den
1154 3515 1249 3575 letzten
1282 3515 1358 3575 zwei
1381 3515 1499 3575 Jahren
1554 3512 1631 3572 über
1658 3511 1721 3571 ver¬

817 3554 967 3614 schiedene
998 3554 1232 3614 Beschwerden,
1276 3554 1351 3614 aber
1378 3551 1408 3611 er
1435 3551 1501 3611 war
1528 3554 1607 3614 nicht
1634 3553 1695 3613 kran

818 3596 844 3656 im
893 3594 1087 3654 eigentlichen
1127 3593 1228 3653 Sinne
1265 3593 1321 3653 und
1362 3593 1463 3653 mußte
1499 3590 1564 3650 auch
1605 3592 1631 3652 in
1667 3590 1715 3650 der

818 3631 916 3691 letzten
950 3635 1019 3695 Zeit
1043 3630 1090 3690 nie
1118 3632 1169 3692 das
1203 3627 1277 3687 Bett
1301 3632 1412 3692 hüten.
1450 3632 1530 3692 Auch
1558 3630 1665 3690 mußte
1694 3629 1717 3689 ei

818 3670 864 3730 sich
897 3673 1041 3733 keinerlei
1070 3670 1265 3730 Enthaltung
1322 3670 1345 3730 in
1383 3670 1475 3730 bezug
1527 3667 1587 3727 auf
1639 3667 1718 3727 seine

1371 3709 1472 3769 Heute
1538 3709 1713 3769 vormittag

818 3710 1037 3770 Lebensweise
1105 3710 1306 3770 auferlegen.

819 3751 991 3811 unternahm
1053 3750 1221 3810 Schnitzler
1264 3748 1334 3808 noch
1381 3748 1465 3808 einen
1503 3746 1723 3806 Spazier¬

816 3790 953 3850 gang,
993 3790 1071 3850 von
1101 3787 1169 3847 dem
1208 3790 1252 3850 er
1277 3787 1404 3847 gegen
1434 3786 1497 3846 elf
1517 3784 1600 3844 Uhr
1630 3787 1713 3847 nach

816 3825 958 3885 Hause
989 3826 1310 3886 zurückkehrte.
1351 3826 1396 3886 Um
1448 3826 1503 3886 11¼
1549 3823 1615 3883 Uhr
1652 3825 1717 3885 fand

814 3862 866 3922 ihn
905 3865 986 3925 seine
1015 3865 1216 3925 Sekretärin,
1265 3865 1312 3925 die
1346 3865 1398 3925 zur
1428 3865 1542 3925 Arbeit
1596 3863 1624 3923 in
1658 3865 1710 3925 sein

818 3901 1082 3961 Arbeitszimmer
1114 3903 1294 3963 eingetreten
1330 3903 1414 3963 war,
1459 3901 1714 3961 bewußtlos

785 3944 861 4004 „am
916 3941 1061 4001 Boden
1102 3941 1265 4001 liegen.
1316 3942 1392 4002 Man
1434 3942 1551 4002 brachte
1588 3942 1719 4002 Schnitz¬
