3344 4384
107 426 222 486 12.
281 426 777 486 Schnitzler
846 425 883 485 s
943 416 1184 476 Death

345 887 1056 947 OBSERVER

427 945 453 1005 I.
471 948 590 1008 österr.
604 948 754 1008 behördl.
772 948 1054 1008 konzessioniertes

400 990 626 1050 Unternehmen
653 988 697 1048 für
724 987 1088 1047 Zeitungs-Ausschnitte

445 1048 590 1108 WIEN,
612 1052 660 1112 I.,
682 1050 966 1110 WOLLZEILE
1008 1053 1049 1113 11

528 1100 743 1160 TELEPHON
781 1100 954 1160 R-23-0-43

328 1244 557 1304 Ausschnitt
580 1256 725 1316 auxs
748 1275 788 1335 Me
810 1279 914 1339 laea

329 1468 439 1528 vom:

580 1515 672 1575 22.
694 1515 827 1575 OKT.
849 1514 941 1574 7.37

476 1775 666 1835 Artur
716 1775 1080 1835 Schnitzler.

407 1853 476 1913 Die
506 1853 762 1913 Trauerfahne
793 1853 833 1913 am
886 1853 1160 1913 Burgtheater.

277 1922 326 1982 Am
371 1923 586 1983 Burgtleater
615 1922 725 1982 wurde
754 1922 841 1982 heute
864 1922 1019 1982 anläßlich
1047 1922 1096 1982 des
1124 1922 1229 1982 Todes
1258 1922 1362 1982 Artur

183 1975 375 2035 Schnitzlers
403 1975 447 2035 die
475 1975 701 2035 Trauerfahne
723 1975 850 2035 gehißt.
867 1975 988 2035 Bisher
1016 1977 1137 2037 geschah
1165 1975 1352 2035 dergleichen

180 2032 250 2092 bloß
283 2032 352 2092 beim
396 2032 536 2092 Ableben
569 2032 655 2092 eines
688 2032 882 2092 Mitgliedes
920 2030 973 2090 des
1017 2032 1276 2092 Burgtheaters.
1309 2029 1357 2089 Es

182 2085 214 2145 ist
242 2083 295 2143 das
328 2085 490 2145 erstemal,
512 2086 566 2146 daß
599 2085 674 2145 diese
702 2085 820 2145 Bühne
859 2086 913 2146 des
940 2086 1048 2146 Todes
1086 2086 1172 2146 eines
1211 2086 1356 2146 Dichters

180 2137 268 2197 durch
300 2140 435 2200 Hissung
472 2140 560 2200 einer
592 2137 821 2197 Trauerfahne
853 2137 999 2197 gedenkt.

273 2191 336 2251 Die
368 2193 600 2253 Verfügungen
638 2192 716 2252 über
748 2191 806 2251 das
838 2191 1027 2251 Begräbnis
1060 2193 1254 2253 Schnitzlers
1292 2192 1349 2252 sind

175 2244 249 2304 noch
281 2246 365 2306 nicht
392 2247 571 2307 getroffen.
614 2245 692 2305 Erst
719 2246 787 2306 nach
820 2247 872 2307 dem
920 2247 1099 2307 Eintreffen
1137 2247 1189 2307 de.
1216 2247 1352 2307 Sohnes

178 2301 391 2361 Schnitzlers.
409 2304 556 2364 Heinrich
587 2301 782 2361 Schnitzler,
800 2303 852 2363 der
883 2304 977 2364 heute
1001 2304 1113 2364 mittag
1149 2303 1208 2363 aus
1238 2301 1349 2361 Berlin

179 2354 205 2414 in
243 2354 329 2414 Wien
368 2355 551 2415 ankommt,
573 2357 653 2417 wird
687 2355 756 2415 man
795 2357 945 2417 hierüber
978 2358 1178 2418 bestimmen.
1206 2357 1351 2417 Heinrich

181 2405 351 2465 Schnitzler
374 2408 451 2468 wird
479 2409 545 2469 auch
574 2407 672 2467 seines
695 2408 805 2468 Vaters
833 2411 1043 2471 literarischen
1066 2411 1198 2471 Nachlaß
1232 2410 1359 2470 sichern.

264 2462 338 2522 Wie
381 2465 560 2525 verlautet,
583 2468 640 2528 soll
662 2468 709 2528 sich
742 2468 763 2528 im
806 2468 943 2528 Nachlaß
976 2471 1017 2531 ein
1050 2471 1352 2531 Romanfragment

170 2517 233 2577 und
266 2517 314 2577 ein
346 2519 404 2579 sast
431 2519 595 2579 beendetes
623 2522 856 2582 Bühnenwerk
883 2522 1048 2582 befinden.

622 2897 702 2957 Zun
731 2889 829 2949 Ralin

374 2962 540 3022 er
572 2954 784 3014 ensange
832 2943 953 3003 Sales
985 2941 1029 3001 uan
1062 2937 1106 2997 de

298 3013 431 3073 andere
489 3003 636 3063 Novellen
698 2995 750 3055 von
813 2991 927 3051 Artbur
970 2983 1141 3043 Schnitzler

338 3056 451 3116 Turin,
480 3050 621 3110 Slavia),
655 3038 779 3098 „Feme"
820 3034 876 3094 von
916 3030 1007 3090 Vicki
1041 3027 1154 3087 Baum,

331 3101 405 3161 „Das
446 3095 538 3155 grüne
579 3087 720 3147 Gesicht“
756 3081 813 3141 von
853 3077 968 3137 Guslav
1009 3068 1150 3128 Meyrink

330 3145 425 3205 (beide
464 3139 516 3199 bei
550 3132 736 3192 Bemporad,
765 3125 928 3185 Florenz),
957 3118 1057 3178 „Emil
1091 3113 1143 3173 und

324 3190 373 3250 die
406 3182 582 3242 Detektive“
619 3176 673 3236 von
710 3171 791 3231 Erich
828 3167 954 3227 Kästner
987 3158 1158 3218 (Mailand,

327 3231 521 3291 Bompiani),
567 3221 703 3281 „Bruder
749 3215 803 3275 und
853 3208 1039 3268 Schwester“
1093 3200 1147 3260 von

327 3274 486 3334 Leonhard
530 3268 624 3328 Frank
667 3259 841 3319 (Mailand,
870 3253 1044 3313 Palladis),
1069 3245 1167 3305 „Ver¬

336 3319 466 3379 wirrung
494 3314 543 3374 der
566 3309 720 3369 Gefühle"
743 3303 793 3363 von
816 3300 915 3360 Stefan
943 3295 1042 3355 Zweig
1070 3290 1164 3350 (Mai¬

333 3364 425 3424 land,
451 3358 639 3418 Corbaccio)
665 3351 719 3411 und
757 3349 807 3409 der
837 3344 891 3404 mit
921 3341 970 3401 dem
1013 3337 1168 3397 Büchner¬

339 3412 413 3472 preis
464 3400 710 3460 ausgezeichnete
760 3387 1048 3447 „Antäus"-Roman
1103 3379 1157 3439 von

336 3454 430 3514 Anton
468 3448 595 3508 Betzner
629 3442 770 3502 (Genua,
789 3437 855 3497 Ed.
875 3433 1001 3493 Delfo).

855 3641 951 3701 22.
973 3626 1099 3686 NOV.
1129 3612 1227 3672 1937

406 3731 518 3791 vom:

832 3775 907 3835 Dr.
931 3777 983 3837 W.
1007 3777 1067 3837 K.,
1083 3779 1196 3839 Wien.
1220 3779 1257 3839 lis
1281 3779 1326 3839 ist
1350 3779 1372 3839 in
1403 3779 1455 3839 der

175 3812 232 3872 rut
260 3818 417 3878 tragisch,
439 3815 496 3875 daß
534 3816 660 3876 Arthur
687 3818 882 3878 Schnitzler,
904 3818 961 3878 der
994 3820 1083 3880 nicht
1110 3821 1210 3881 selten
1247 3821 1299 3881 der
1332 3821 1463 3881 morali¬

167 3860 258 3920 schen
285 3860 549 3920 Zuchtlosigkelt
568 3862 800 3922 dichterisches
824 3863 882 3923 Lob
915 3864 1069 3924 gesungen
1097 3865 1169 3925 hat,
1188 3863 1238 3923 wie
1266 3866 1288 3926 in
1316 3866 1452 3926 hiesigen

176 3905 334 3965 jüdischen
374 3905 501 3965 Kreisen
541 3906 665 3966 erzählt
700 3906 792 3966 wird,
819 3907 872 3967 aus
907 3907 990 3967 Gram
1040 3907 1119 3967 über
1150 3909 1207 3969 den
1247 3910 1312 3970 Tod
1352 3910 1453 3970 seiner

176 3949 311 4009 Tochter
334 3949 505 4009 gestorben
538 3949 591 4009 ist,
610 3949 659 4009 die
687 3949 741 4009 vor
768 3952 886 4012 einiger
913 3952 985 4012 Zeit
1008 3952 1202 4012 Selbstmord
1235 3955 1365 4015 beging,
1389 3955 1460 4015 weil

171 3991 209 4051 sie
244 3992 299 4052 von
338 3995 419 4055 ihrem
471 3994 586 4054 Mann,
613 3994 703 4054 einem
746 3995 964 4055 italienischen
1003 3997 1153 4057 Offizier,
1179 3997 1256 4057 kurz
1287 3999 1363 4059 nach
1398 3998 1458 4058 der

168 4036 282 4096 Heirat
314 4040 370 4100 mit
397 4042 485 4102 einer
516 4042 908 4102 Geschlechtskrankheit
935 4042 1128 4102 angesteckt
1159 4044 1286 4104 worden
1322 4042 1401 4102 war.

1398 404 1526 464 box
1607 406 1791 466 44/4

1853 1846 2561 1906 DOBSERVER

1941 1909 1965 1969 I.
1980 1907 2099 1967 österr.
2109 1907 2257 1967 behördl.
2273 1901 2565 1961 konzessioniertes

1895 1947 2130 2007 Unternehmen
2161 1945 2209 2005 für
2229 1943 2618 2003 Zeitungs-Ausschnitte

1948 2005 2097 2065 WIEN,
2127 2007 2169 2067 I.,
2199 2005 2485 2065 WOLLZEILE
2528 2005 2570 2065 11

2046 2058 2257 2118 TELEPHON
2296 2056 2469 2116 R-23-9-43

1848 2202 2069 2262 Ausschnitt
2094 2199 2179 2259 aus:
2212 2193 2525 2253 Abendblatt

1876 2310 2071 2370 Grazer
2114 2309 2407 2369 Tagespost

1858 2429 1960 2489 vom:
2049 2421 2396 2481 23.Okt.1931

1903 2593 1968 2653 Die
1998 2592 2138 2652 Trauer
2168 2590 2204 2650 um
2253 2589 2393 2649 Arkhur
2422 2585 2619 2645 schnitzler.

1881 2653 1974 2713 K.-B.
2009 2653 2130 2713 Wien,
2172 2649 2218 2709 22.
2239 2647 2380 2707 Oktobor.
2421 2644 2482 2704 Die
2523 2640 2698 2700 Soeloke

1818 2706 1887 2766 des
1918 2703 2099 2763 auteurs
2135 2701 2174 2761 et
2190 2695 2507 2755 compositeurs
2543 2688 2708 2748 drama¬

1818 2753 1966 2813 ticues
1998 2752 2040 2812 de
2072 2749 2230 2809 Franee
2263 2745 2316 2805 hat
2343 2743 2427 2803 heute
2459 2740 2549 2800 abend
2581 2740 2618 2800 an
2655 2737 2702 2797 den

1830 2803 1979 2863 Syndikus
2011 2800 2061 2860 der
2093 2797 2330 2857 Genossenschaft
2356 2791 2557 2851 dramatischer
2588 2788 2711 2848 Schrift¬

1825 2853 1914 2913 steller
1945 2849 2001 2909 und
2026 2845 2233 2905 Komponisten
2263 2844 2304 2904 ein
2334 2839 2535 2899 Nadiogramm
2571 2837 2717 2897 gesendet,

1830 2903 1856 2963 in
1894 2901 2010 2961 welchem
2058 2896 2105 2956 die
2132 2895 2317 2955 Gesellschaft
2350 2892 2403 2952 zum
2446 2886 2625 2946 Hinscheiden
2668 2883 2715 2943 des

1830 2952 1935 3012 großen
1962 2946 2189 3006 österreichischen
2216 2942 2343 3002 Dichters
2365 2939 2475 2999 Arthur
2497 2937 2713 2997 Schnizlet

1834 3004 1878 3064 ihr
1906 3000 2099 3060 diesgefühltes
2127 2994 2238 3054 Beileid
2266 2996 2316 3056 zum
2350 2991 2499 3051 Ausdruck
2516 2988 2631 3048 bringt.
