3436 4384
191 396 315 456 12.
373 395 864 455 Schnitzler
932 397 960 457 s
1029 389 1258 449 Death

330 782 1041 842 OBSERVER

416 840 442 900 I.
456 840 571 900 österr.
585 840 731 900 behördl.
745 838 1047 898 konzessioniertes

370 882 605 942 Unternehmen
633 879 682 939 für
710 879 1091 939 Zeltungs-Ausschnitte

425 942 575 1002 WIEN,
603 942 650 1002 I.,
672 942 960 1002 WOLLZEILE
1008 939 1048 999 11

524 993 737 1053 TELEPHON
775 993 945 1053 R-23-0-43

326 1147 807 1207 Ausschnitteikszeitung,
828 1172 907 1232 Wien

326 1360 436 1420 vom:

616 1397 700 1457 31.
721 1404 843 1464 OKT.
863 1405 967 1465 1931

434 1454 574 1514 *Artur
602 1459 787 1519 Schnitzler.
831 1457 873 1517 An
913 1456 955 1516 die
983 1454 1200 1514 Angehörigen

341 1500 445 1560 Artur
469 1501 736 1561 Schnitzlers-ist
765 1501 835 1561 eine
871 1500 963 1560 große
993 1498 1120 1558 Anzahl
1144 1497 1196 1557 von

342 1545 734 1605 Beileidskundgebungen
772 1544 828 1604 von
859 1542 1045 1602 Behorden,
1066 1540 1205 1600 Körper¬

346 1587 491 1647 schaften,
512 1587 677 1647 Freunden
713 1586 773 1646 und
804 1587 980 1647 Verehrern
1011 1584 1211 1644 eingelangt.

346 1632 691 1692 Unterrichtsminister
733 1630 801 1690 Dr.
822 1630 1038 1690 Czermak
1075 1627 1131 1687 hat
1163 1626 1199 1686 an

345 1675 396 1735 den
453 1674 546 1734 Sohn
608 1674 659 1734 des
711 1674 938 1734 Verblichenen
1001 1669 1207 1729 geschrieben:

349 1718 528 1778 „Anläßlich
561 1716 607 1776 des
635 1715 655 1775 so
682 1716 915 1776 unerwarteten
947 1715 1005 1775 und
1032 1713 1200 1773 plötzlichen

349 1760 564 1820 Hinscheidens
587 1760 689 1820 Ihres
717 1760 814 1820 Herrn
842 1757 960 1817 Vaters
982 1757 1057 1817 bitte
1074 1757 1112 1817 ich
1139 1758 1214 1818 Sie,

345 1803 401 1863 der
427 1805 655 1865 aufrichtigsten
686 1802 918 1862 Anteilnahme
960 1801 1017 1861 und
1048 1801 1100 1861 des
1131 1799 1208 1859 herz¬

344 1847 460 1907 lichsten
503 1847 646 1907 Beileids
694 1846 746 1906 der
794 1844 1053 1904 österreichischen
1096 1842 1212 1902 Kunst¬

345 1892 546 1952 verwaltung
594 1889 764 1949 versichert
802 1892 828 1952 zu
876 1890 955 1950 sein.
998 1886 1072 1946 Mit
1105 1886 1210 1946 Artur

345 1934 519 1994 Schnitzler
556 1933 614 1993 hat
652 1932 841 1992 Oesterreich
889 1931 973 1991 einen
1021 1931 1121 1991 seiner
1164 1928 1211 1988 be¬

340 1978 536 2038 deutendsten
598 1975 660 2035 und
712 1975 1012 2035 repräsentativsten
1069 1974 1213 2034 Dichter,

349 2022 551 2082 Dramatiker
577 2020 637 2080 und
668 2020 896 2080 Schriftsteller
922 2017 1084 2077 verloren,
1105 2017 1155 2077 der
1181 2015 1211 2075 es

345 2065 374 2125 in
410 2064 682 2124 hervorragendem
728 2064 829 2124 Maße
860 2062 1036 2122 verstanden
1077 2062 1142 2122 hat,
1167 2059 1212 2119 die

349 2110 472 2170 geistige
500 2107 623 2167 Kultur
651 2106 758 2166 unsrer
787 2106 932 2166 Heimat,
954 2107 1013 2167 wie
1040 2106 1072 2166 sie
1100 2104 1148 2164 sich
1181 2104 1207 2164 in

350 2152 449 2212 seiner
483 2151 716 2211 künstlerischen
756 2151 950 2211 Auffassung
995 2149 1139 2209 spiegelt,
1184 2143 1211 2203 in

354 2193 581 2253 meisterhafter
608 2193 708 2253 Weise
735 2193 761 2253 zu
798 2193 941 2253 schildern
978 2193 1036 2253 und
1069 2190 1121 2250 den
1153 2187 1216 2247 Ge¬

348 2238 478 2298 bildeten
509 2238 584 2298 aller
610 2238 771 2298 Nationen
802 2237 832 2297 zu
863 2235 1064 2295 vermitteln.
1105 2232 1215 2292 Dieser

348 2282 539 2342 bedeutende
571 2282 719 2342 Künstler
751 2280 815 2340 und
847 2280 969 2340 Mensch
1006 2277 1080 2337 wird
1118 2277 1213 2337 gewiß

353 2325 401 2385 für
451 2325 515 2385 alle
560 2325 695 2385 Zeiten,
739 2325 787 2385 die
837 2325 891 2385 sich
941 2321 989 2381 die
1038 2322 1212 2382 Schatzung

351 2368 536 2428 kultureller
573 2368 678 2428 Werte
719 2369 748 2429 zu
790 2367 956 2427 bewahren
1002 2364 1127 2424 wissen,
1158 2363 1218 2423 un¬

353 2414 523 2474 vergeßlich
560 2411 699 2471 bleiben.
751 2411 824 2471 Mit
855 2409 906 2469 dem
954 2408 1119 2468 Ausdruck
1150 2405 1222 2465 vor¬

356 2457 526 2517 züglichster
560 2456 770 2516 Hochachtung
804 2453 875 2513 Dr.
898 2451 942 2511 E.
964 2453 1141 2513 Czermak."

351 2500 610 2560 Burgermeister
638 2498 684 2558 der
711 2498 812 2558 Stadt
839 2496 923 2556 Wien
956 2495 1076 2555 Seitz
1093 2493 1225 2553 schrieb:

359 2546 441 2606 „Die
467 2543 570 2603 Stadt
592 2543 679 2603 Wien
716 2542 834 2602 nimmt
860 2538 917 2598 teil
938 2539 974 2599 an
1005 2539 1114 2599 Ihrem
1161 2537 1217 2597 und

355 2589 457 2649 Ihrer
480 2587 619 2647 Familie
636 2585 803 2645 Schmerz,
820 2585 873 2645 und
901 2583 965 2643 auch
987 2583 1025 2643 ich
1047 2579 1214 2639 persönlich

355 2632 509 2692 empfinde
547 2629 605 2689 tief
643 2629 706 2689 mit
739 2627 877 2687 Ihnen.
921 2624 968 2684 An
1022 2623 1075 2683 der
1113 2623 1224 2683 Bahre

364 2674 458 2734 Ihres
491 2671 638 2731 Bruders
681 2671 813 2731 trauert
850 2669 924 2729 aber
961 2668 1045 2728 nicht
1083 2668 1145 2728 nur
1178 2666 1219 2726 die

357 2716 487 2776 Heimat
513 2716 558 2776 des
589 2716 704 2776 großen
735 2713 902 2773 Menschen
938 2711 993 2771 und
1024 2710 1074 2770 des
1105 2710 1215 2770 großen

355 2762 520 2822 Dichters,
568 2761 696 2821 sondern
734 2759 811 2819 ganz
837 2755 1049 2815 Deutschland
1087 2755 1148 2815 und
1180 2753 1226 2813 die

358 2803 568 2863 Menschheit,
590 2803 633 2863 die
655 2802 687 2862 er
715 2801 865 2861 beschenkt
888 2800 957 2860 hat.
990 2799 1055 2859 Die
1082 2797 1168 2857 Welt
1191 2797 1222 2857 ist

357 2847 396 2907 um
446 2847 529 2907 einen
564 2845 760 2905 strahlenden
796 2843 884 2903 Geist
909 2841 1017 2901 ärmer
1047 2841 1233 2901 geworden,

357 2889 410 2949 der
432 2890 484 2950 ins
506 2889 590 2949 Land
618 2888 671 2948 der
692 2886 953 2946 Unsterblichkeit
969 2884 1117 2944 einzieht.
1155 2883 1229 2943 Wir

363 2934 569 2994 Zeitgenossen
627 2931 751 2991 werden
804 2931 881 2991 aber
928 2928 1015 2988 nicht
1058 2928 1124 2988 nur
1172 2925 1223 2985 des

363 2978 503 3038 Dichters
534 2976 597 3036 mit
623 2976 810 3036 Verehrung
847 2973 909 3033 und
941 2971 1154 3031 Dankbarkeit
1181 2969 1232 3029 ge¬

356 3021 488 3081 denken,
533 3019 660 3079 sondern
705 3018 778 3078 auch
818 3017 872 3077 des
912 3015 995 3075 edlen
1039 3015 1098 3075 und
1138 3015 1225 3075 hoch¬

366 3065 520 3125 gesinnten
552 3062 737 3122 Menschen,
759 3061 810 3121 der
837 3060 929 3120 unter
956 3059 1012 3119 uns
1043 3059 1146 3119 gelebt
1168 3056 1234 3116 hat.

363 3109 432 3169 Mit
464 3108 512 3168 dem
555 3106 714 3166 Ausdruck
747 3104 986 3164 vorzüglichster
1013 3101 1231 3161 Hochachtung

368 3152 463 3212 Seitz.
501 3152 628 3212 Ferner
655 3149 867 3209 kondolierten
905 3146 952 3206 der
985 3146 1154 3206 Präsident
1181 3146 1228 3206 des

1066 3188 1231 3248 General¬

363 3197 518 3257 deutschen
582 3194 789 3254 Reichstages
852 3191 1013 3251 Loebe,

1054 3230 1231 3290 Präsidial-

363 3241 534 3301 intendant
605 3236 973 3296 Schneiderhan,

366 3283 491 3343 sekretär
517 3283 567 3343 des
593 3278 1033 3338 Unterrichtsministeriums
1064 3274 1235 3334 Sektions¬

364 3328 415 3388 rat
462 3327 529 3387 Dr.
571 3325 664 3385 Kurt
712 3322 1111 3382 Thomasberger,

371 3370 476 3430 Rektor
508 3370 558 3430 der
584 3367 751 3427 Akademie
777 3367 827 3427 der
858 3364 1020 3424 bildenden
1056 3364 1172 3424 Künste
1203 3361 1228 3421 in

370 3412 454 3472 Wien
494 3415 659 3475 Professor
699 3412 1005 3472 Holzmeister
1045 3409 1113 3469 und
1153 3406 1231 3466 viele

367 3456 486 3516 andre.

741 3577 1090 3637 Bóralulsdo

406 3609 508 3669 Lap:

657 3698 759 3758 okt.
778 3707 871 3767 31.

411 3728 663 3788 Megieitt.

444 4030 556 4090 Alene
579 4030 707 4090 pelengs
736 4022 791 4082 aen
849 4018 887 4078 eg
910 4014 1084 4074 levondane

429 4081 551 4141 talállak
584 4072 756 4132 häitzler
790 4066 884 4126 Artur
930 4062 1123 4122 hagyatéká-

427 4130 506 4190 ban.
544 4128 561 4188 A
605 4119 887 4179 elvonásosok
926 4114 1005 4174 most
1030 4111 1115 4171 sorra

429 4179 532 4239 szinre
562 4172 724 4232 kerülnek.

1488 378 1615 438 box
1683 378 1870 438 44/4

1910 797 2624 857 OBSERVER

2001 846 2027 906 I.
2040 846 2156 906 österr.
2169 852 2316 912 behördl.
2329 856 2626 916 konzessioniertes

1952 886 2186 946 Unternehmen
2218 891 2267 951 für
2289 897 2675 957 Zeitungs-Ausschnitte

2002 945 2149 1005 WIEN,
2177 952 2224 1012 I.,
2251 955 2541 1015 WOLLZEILE
2588 963 2628 1023 11

2105 1001 2317 1061 TELEPHON
2348 1008 2524 1068 R-23-0-43

1897 1137 2117 1197 Ausschnitt
2140 1142 2233 1202 aus:

2109 1191 2234 1251 AEDEE
2265 1206 2419 1266 WIESEE
2460 1232 2664 1292 TAOEIAEE

2285 1295 2337 1355 1.
2365 1309 2497 1369 NOV.
2516 1318 2612 1378 1937

1900 1360 2003 1420 vom:

1774 1429 1893 1489 (Artur
1936 1445 2339 1505 SchnitzlanAnläßlich
2382 1459 2435 1519 des
2478 1471 2700 1531 Hinscheidens
2743 1476 2851 1536 Artur

1676 1476 1943 1536 Schnitzlers
1981 1487 2042 1547 sind
2079 1492 2140 1552 uns
2172 1495 2228 1555 von
2265 1501 2342 1561 allen
2379 1508 2491 1568 Seiten
2528 1515 2553 1575 so
2585 1518 2755 1578 zahlreiche
2787 1525 2848 1585 und

1674 1521 1819 1581 herzliche
1844 1538 2293 1598 Teilnahmskundgebungen
2323 1556 2549 1616 zugegangen,
2570 1566 2620 1626 daß
2655 1570 2711 1630 wir
2736 1572 2851 1632 außer¬

1670 1569 1775 1629 stande
1807 1574 1892 1634 sind,
1913 1579 1997 1639 jedem
2045 1589 2203 1649 einzelnen
2241 1599 2351 1659 unsern
2394 1611 2610 1671 tiefgefühlten
2647 1617 2742 1677 Dank
2775 1621 2853 1681 aus¬

1667 1620 1872 1680 zusprechen.
1910 1627 1983 1687 Wir
2015 1634 2109 1694 bitten
2141 1640 2235 1700 daher
2268 1645 2320 1705 auf
2347 1650 2441 1710 diesem
2484 1658 2578 1718 Wege
2605 1663 2667 1723 alle
2689 1667 2773 1727 jene,
2800 1671 2841 1731 die

1669 1662 1694 1722 in
1726 1668 1818 1728 diesen
1849 1674 1952 1734 Tagen
1984 1680 2077 1740 unser
2103 1688 2283 1748 gedachten,
2304 1695 2345 1755 die
2366 1701 2593 1761 Versicherung
2624 1714 2733 1774 unsres
2759 1718 2846 1778 herz¬

1667 1712 1754 1772 lichen
1790 1721 1913 1781 Dankes
1945 1734 2299 1794 entgegenzunehmen.
2320 1747 2474 1807 Familien
2505 1758 2746 1818 Schnitzler
2778 1766 2834 1826 und

1661 1764 1809 1824 Hajek.
1836 1769 1851 1829 —
1903 1774 1974 1834 Dem
2027 1783 2191 1843 Andenken
2238 1790 2335 1850 seines
2372 1802 2686 1862 Ehrenpräsidenten
2728 1813 2835 1873 Artu¬

1656 1812 1892 1872 Schnitzler
1925 1821 1982 1881 hat
2009 1826 2056 1886 der
2088 1833 2287 1893 Penklub
2314 1840 2366 1900 500
2399 1845 2409 1905 S
2451 1851 2640 1911 gewidmet,
2662 1859 2704 1919 die
2731 1861 2814 1921 einem

1656 1858 1831 1918 erkrankten
1883 1870 2109 1930 Schriftsteller
2156 1883 2357 1943 zugewendet
2399 1894 2523 1954 werden
2569 1904 2683 1964 sollen.
2724 1909 2832 1969 Dieser

1650 1903 1769 1963 Betrag
1800 1910 1875 1970 kann
1911 1914 1971 1974 nur
1997 1919 2031 1979 an
2062 1926 2253 1986 Mitglieder
2284 1934 2424 1994 vergeben
2459 1946 2600 2006 werden.
2621 1951 2696 2011 Seit
2716 1959 2831 2019 länger

1652 1948 1699 2008 als
1731 1956 1937 2016 Jahresfrist
1970 1966 2075 2026 wurde
2112 1973 2181 2033 auch
2218 1977 2265 2037 ein
2303 1995 2826 2055 Unterstützungsfonds

1644 1997 1806 2057 errichtet,
1828 2005 1871 2065 um
1915 2014 2115 2074 bedürftigen
2154 2026 2364 2086 Mitgliedern
2403 2035 2473 2095 nach
2506 2044 2717 2104 Möglichkeit
2744 2050 2825 2110 rasch

1644 2046 1722 2106 Hilfe
1751 2048 1779 2108 zu
1814 2056 1938 2116 leisten.
1961 2061 2035 2121 Der
2070 2068 2171 2128 Name
2205 2073 2262 2133 des
2297 2085 2529 2145 Unterstützten
2558 2093 2660 2153 bleibt
2677 2102 2818 2162 streng

1638 2095 1830 2155 geheim.

1824 2590 2534 2650 OBSERVER

1919 2653 1941 2713 I.
1956 2650 2078 2710 österr.
2088 2647 2238 2707 behördl.
2252 2639 2548 2699 konzessioniertes

1874 2692 2109 2752 Unternehmen
2138 2687 2185 2747 für
2210 2680 2594 2740 Zeitungs-Ausschnitte

1927 2755 2075 2815 WIEN,
2103 2751 2149 2811 I.,
2177 2744 2453 2804 WOLLZEILE
2501 2740 2548 2800 11

2028 2801 2239 2861 TELEPHON
2278 2794 2446 2854 R-23-0-43

1826 2950 2050 3010 Ausschnitt
2081 2943 2168 3003 aus:

2131 3087 2211 3147 -1.
2230 3093 2354 3153 NOV.
2382 3086 2479 3146 1991

2024 3212 2161 3272 Arthur
2196 3204 2382 3264 Schnitzler

1671 3290 1746 3350 war
1781 3288 1808 3348 in
1843 3285 2000 3345 gewissem
2049 3279 2164 3339 Sinne
2193 3272 2350 3332 wirklich
2385 3268 2466 3328 „der
2495 3260 2727 3320 repräsenta¬

1667 3339 1733 3399 tive
1762 3337 1901 3397 Dichter
1930 3332 2081 3392 unserer
2104 3325 2232 3385 Seit“;
2260 3320 2344 3380 denn
2373 3317 2411 3377 er
2434 3316 2495 3376 hat
2518 3312 2613 3372 durch
2647 3307 2736 3367 seine

1681 3388 1823 3448 frivolen
1876 3379 2266 3439 „Anatol“-Einakter
2303 3368 2376 3428 eine
2419 3364 2529 3424 ganze
2567 3358 2729 3418 Genera¬

1675 3438 1746 3498 tion
1791 3431 2056 3491 leichtsinniger
2095 3420 2343 3480 Lebemänner
2382 3415 2449 3475 und
2494 3408 2730 3468 jugendlicher

1673 3483 1871 3543 Wüstlinge
1905 3478 2194 3538 herangezogen,
2229 3470 2268 3530 er
2297 3467 2358 3527 hat
2388 3463 2484 3523 durch
2518 3460 2609 3520 seine
2643 3454 2739 3514 „Lie¬

1679 3534 1791 3594 belei“
1820 3531 1933 3591 seinen
1962 3525 2222 3585 Rassegenossen
2257 3518 2319 3578 erst
2342 3516 2398 3576 den
2433 3510 2596 3570 richtigen
2631 3504 2732 3564 Gusto

1679 3584 1742 3644 auf
1771 3582 1834 3642 das
1869 3579 1972 3639 „süße
1996 3574 2140 3634 Wiener
2169 3568 2313 3628 Mädel“
2348 3561 2589 3621 beigebracht,
2613 3555 2647 3615 er
2677 3552 2739 3612 hat

1682 3633 1777 3693 durch
1806 3630 1918 3690 seinen
1953 3624 2157 3684 „Leutnant
2180 3618 2298 3678 Gustl“
2327 3613 2395 3673 und
2424 3609 2485 3669 sein
2520 3603 2734 3663 „Freiwild“

1682 3681 1742 3741 das
1775 3677 2046 3737 österreichische
2080 3667 2379 3727 Öffizierskorps
2419 3660 2473 3720 als
2513 3654 2629 3714 Erster
2662 3648 2745 3708 ver¬

1685 3728 1794 3788 höhnt
1823 3725 1893 3785 und
1928 3722 2147 3782 beschimpft,
2183 3715 2223 3775 er
2259 3712 2316 3772 hat
2345 3708 2443 3768 durch
2479 3704 2594 3764 seinen
2635 3699 2744 3759 „Pro¬

1688 3779 1786 3839 fessor
1815 3773 2045 3833 Bernhardi“
2080 3770 2131 3830 die
2161 3763 2368 3823 katholische
2403 3756 2523 3816 Kirche
2553 3746 2742 3806 bekämpft

1686 3828 1750 3888 und
1794 3825 1891 3885 durch
1941 3820 2054 3880 seinen
2103 3811 2358 3871 berü—hmten
2413 3805 2591 3865 „Reigen“
2641 3795 2738 3855 einen

1686 3875 1815 3935 Gipfel
1844 3869 2033 3929 moderner
2061 3862 2359 3922 Pornographien
2398 3851 2565 3911 erreicht.

1762 3922 1832 3982 Vor
1874 3919 1932 3979 dem
1980 3914 2222 3974 Richterstuhl
2258 3907 2310 3967 der
2346 3901 2517 3961 jüdischen
2559 3896 2670 3956 Presse
2706 3893 2746 3953 ist

1691 3971 1875 4031 Schnitzler
1904 3965 2048 4025 deshalb
2083 3961 2134 4021 der
2164 3958 2290 4018 größte
2313 3949 2578 4009 österreichische
2607 3939 2745 3999 Dichter

1691 4020 1747 4080 der
1787 4018 1899 4078 letzten
1939 4015 1978 4075 50
2018 4011 2136 4071 Jahre
2171 4005 2345 4065 gewesen.
2374 4000 2446 4060 Vor
2481 3996 2542 4056 dem
2594 3990 2740 4050 höchsten

1695 4068 1830 4128 Richter
1876 4063 1960 4123 wird
2006 4060 2068 4120 das
2113 4054 2237 4114 Urteil
2271 4050 2452 4110 darüber,
2486 4043 2559 4103 was
2605 4039 2638 4099 er
2684 4036 2751 4096 mit

1699 4119 1806 4179 seinem
1855 4113 1992 4173 Talent
2017 4108 2239 4168 angefangen
2276 4103 2353 4163 hat,
2378 4099 2473 4159 wohl
2498 4095 2588 4155 ganz
2612 4089 2744 4149 anders

1698 4167 1924 4227 ausgefallen
1967 4159 2058 4219 sein!
