<?xml version="1.0" encoding="UTF-8" standalone="yes"?>
<PcGts xmlns="http://schema.primaresearch.org/PAGE/gts/pagecontent/2013-07-15" xmlns:xsi="http://www.w3.org/2001/XMLSchema-instance" xsi:schemaLocation="http://schema.primaresearch.org/PAGE/gts/pagecontent/2013-07-15 http://schema.primaresearch.org/PAGE/gts/pagecontent/2013-07-15/pagecontent.xsd">
    <Metadata>
        <Creator>prov=READ-COOP:name=PyLaia@TranskribusPlatform:version=2.12.1:model_id=39995:lm=none:date=09_04_2024_22:52</Creator>
        <Created>2019-10-07T20:40:12.408+02:00</Created>
        <LastChange>2024-04-09T22:52:10.655+02:00</LastChange>
        <TranskribusMetadata docId="224459" pageId="9583705" pageNr="665" tsid="157631044" status="IN_PROGRESS" userId="64420" imgUrl="https://files.transkribus.eu/Get?id=NVNJOETYDWLGOHITIOWXWKHG&amp;fileType=view" xmlUrl="https://files.transkribus.eu/Get?id=URNZEIRYWXPTUJQHNNKFKMPQ" imageId="6209416"/>
    </Metadata>
    <Page imageFilename="224459_0665.jpeg" imageWidth="3392" imageHeight="4352">
        <ReadingOrder>
            <OrderedGroup id="ro_1712938205218" caption="Regions reading order">
                <RegionRefIndexed index="0" regionRef="tr_1"/>
                <RegionRefIndexed index="1" regionRef="tr_2"/>
                <RegionRefIndexed index="2" regionRef="tr_3"/>
                <RegionRefIndexed index="3" regionRef="tr_4"/>
            </OrderedGroup>
        </ReadingOrder>
        <TextRegion orientation="0.0" id="tr_1" custom="readingOrder {index:0;}">
            <Coords points="176,258 176,411 289,411 289,258"/>
            <TextLine id="tr_1_tl_1" custom="readingOrder {index:0;}">
                <Coords points="171,366 184,369 208,365 225,374 234,368 247,370 255,377 286,377 286,326 260,313 252,315 235,301 215,303 209,308 200,304 195,307 187,299 172,303"/>
                <Baseline points="176,361 204,358 232,358 260,358 289,358"/>
                <Word id="tr_1_tl_1_w1" custom="readingOrder {index:0;}">
                    <Coords points="168,318 168,378 286,378 286,318"/>
                    <TextEquiv>
                        <Unicode>12.</Unicode>
                    </TextEquiv>
                </Word>
                <TextEquiv>
                    <Unicode>12.</Unicode>
                </TextEquiv>
            </TextLine>
            <TextEquiv>
                <Unicode></Unicode>
            </TextEquiv>
        </TextRegion>
        <TextRegion orientation="0.0" id="tr_2" custom="readingOrder {index:1;}">
            <Coords points="346,323 346,4254 1274,4254 1274,323"/>
            <TextLine id="tr_2_tl_1" custom="readingOrder {index:0;}">
                <Coords points="954,375 1271,373 1272,305 1240,287 1199,300 1186,289 1159,304 1052,282 1032,286 986,331 954,332"/>
                <Baseline points="960,355 981,348 1008,346 1034,346 1061,346 1087,346 1114,346 1141,346 1167,346 1194,346 1220,346 1247,345 1274,343"/>
                <Word id="tr_2_tl_1_w1" custom="readingOrder {index:0;}">
                    <Coords points="972,306 972,366 1231,366 1231,306"/>
                    <TextEquiv>
                        <Unicode>Death</Unicode>
                    </TextEquiv>
                </Word>
                <TextEquiv>
                    <Unicode>Death</Unicode>
                </TextEquiv>
            </TextLine>
            <TextLine id="tr_2_tl_2" custom="readingOrder {index:1;}">
                <Coords points="361,381 605,386 630,373 672,388 822,372 822,311 725,290 685,305 598,288 531,305 476,296 441,316 361,295"/>
                <Baseline points="367,355 392,353 417,355 443,355 468,355 493,355 519,355 544,355 569,355 595,355 620,355 645,355 671,353 696,352 721,352 747,352 772,352 797,353 823,355"/>
                <Word id="tr_2_tl_2_w1" custom="readingOrder {index:0;}">
                    <Coords points="370,315 370,375 782,375 782,315"/>
                    <TextEquiv>
                        <Unicode>Schnitzle</Unicode>
                    </TextEquiv>
                </Word>
                <TextEquiv>
                    <Unicode>Schnitzle</Unicode>
                </TextEquiv>
            </TextLine>
            <TextLine id="tr_2_tl_3" custom="readingOrder {index:2;}">
                <Coords points="388,787 1238,749 1240,697 1166,676 944,696 817,666 391,709"/>
                <Baseline points="394,770 436,769 478,768 521,769 563,770 605,768 648,766 690,760 732,752 775,748 817,752 859,752 902,752 944,751 986,746 1029,746 1071,743 1113,743 1156,743 1198,741 1241,743"/>
                <Word id="tr_2_tl_3_w1" custom="readingOrder {index:0;}">
                    <Coords points="402,709 402,769 1126,769 1126,709"/>
                    <TextEquiv>
                        <Unicode>DOBSERVER</Unicode>
                    </TextEquiv>
                </Word>
                <TextEquiv>
                    <Unicode>DOBSERVER</Unicode>
                </TextEquiv>
            </TextLine>
            <TextLine id="tr_2_tl_4" custom="readingOrder {index:3;}">
                <Coords points="494,836 1128,810 1129,780 1068,766 496,791"/>
                <Baseline points="501,826 532,826 564,825 595,823 627,823 658,822 690,820 721,820 753,818 784,817 816,817 847,815 879,813 910,811 942,811 973,810 1005,808 1036,808 1068,804 1099,802 1131,802"/>
                <Word id="tr_2_tl_4_w1" custom="readingOrder {index:0;}">
                    <Coords points="492,786 492,846 514,846 514,786"/>
                    <TextEquiv>
                        <Unicode>I.</Unicode>
                    </TextEquiv>
                </Word>
                <Word id="tr_2_tl_4_w2" custom="readingOrder {index:1;}">
                    <Coords points="528,783 528,843 649,843 649,783"/>
                    <TextEquiv>
                        <Unicode>österr.</Unicode>
                    </TextEquiv>
                </Word>
                <Word id="tr_2_tl_4_w3" custom="readingOrder {index:2;}">
                    <Coords points="658,779 658,839 810,839 810,779"/>
                    <TextEquiv>
                        <Unicode>behördl.</Unicode>
                    </TextEquiv>
                </Word>
                <Word id="tr_2_tl_4_w4" custom="readingOrder {index:3;}">
                    <Coords points="820,770 820,830 1124,830 1124,770"/>
                    <TextEquiv>
                        <Unicode>konzessioniertes</Unicode>
                    </TextEquiv>
                </Word>
                <TextEquiv>
                    <Unicode>I. österr. behördl. konzessioniertes</Unicode>
                </TextEquiv>
            </TextLine>
            <TextLine id="tr_2_tl_5" custom="readingOrder {index:4;}">
                <Coords points="443,889 1181,864 1183,816 1150,808 568,844 446,819"/>
                <Baseline points="450,871 486,870 523,868 560,868 597,868 633,864 670,862 707,861 744,859 780,856 817,856 854,854 891,853 927,852 964,850 1001,850 1038,848 1074,845 1111,844 1148,844 1185,844"/>
                <Word id="tr_2_tl_5_w1" custom="readingOrder {index:0;}">
                    <Coords points="446,828 446,888 681,888 681,828"/>
                    <TextEquiv>
                        <Unicode>Unternehmen</Unicode>
                    </TextEquiv>
                </Word>
                <Word id="tr_2_tl_5_w2" custom="readingOrder {index:1;}">
                    <Coords points="713,819 713,879 761,879 761,819"/>
                    <TextEquiv>
                        <Unicode>für</Unicode>
                    </TextEquiv>
                </Word>
                <Word id="tr_2_tl_5_w3" custom="readingOrder {index:2;}">
                    <Coords points="788,810 788,870 1174,870 1174,810"/>
                    <TextEquiv>
                        <Unicode>Zeitungs-Ausschnitte</Unicode>
                    </TextEquiv>
                </Word>
                <TextEquiv>
                    <Unicode>Unternehmen für Zeitungs-Ausschnitte</Unicode>
                </TextEquiv>
            </TextLine>
            <TextLine id="tr_2_tl_6" custom="readingOrder {index:5;}">
                <Coords points="505,942 1066,918 1067,865 993,855 869,882 828,863 738,885 507,883"/>
                <Baseline points="510,931 537,927 565,923 593,922 621,922 649,924 677,924 705,922 733,920 761,919 789,917 816,916 844,916 872,916 900,915 928,913 956,913 984,913 1012,913 1040,911 1068,907"/>
                <Word id="tr_2_tl_6_w1" custom="readingOrder {index:0;}">
                    <Coords points="508,882 508,942 650,942 650,882"/>
                    <TextEquiv>
                        <Unicode>WIEN,</Unicode>
                    </TextEquiv>
                </Word>
                <Word id="tr_2_tl_6_w2" custom="readingOrder {index:1;}">
                    <Coords points="679,882 679,942 726,942 726,882"/>
                    <TextEquiv>
                        <Unicode>I.,</Unicode>
                    </TextEquiv>
                </Word>
                <Word id="tr_2_tl_6_w3" custom="readingOrder {index:2;}">
                    <Coords points="755,875 755,935 1041,935 1041,875"/>
                    <TextEquiv>
                        <Unicode>WOLLZEILE</Unicode>
                    </TextEquiv>
                </Word>
                <TextEquiv>
                    <Unicode>WIEN, I., WOLLZEILE</Unicode>
                </TextEquiv>
            </TextLine>
            <TextLine id="tr_2_tl_7" custom="readingOrder {index:6;}">
                <Coords points="596,980 670,993 982,969 1023,982 1043,979 1045,926 597,946"/>
                <Baseline points="602,976 628,976 654,976 680,976 706,975 732,973 759,971 785,970 811,970 837,970 863,970 889,969 916,967 942,965 968,963 994,962 1020,960 1047,958"/>
                <Word id="tr_2_tl_7_w1" custom="readingOrder {index:0;}">
                    <Coords points="601,934 601,994 819,994 819,934"/>
                    <TextEquiv>
                        <Unicode>TELEPHON</Unicode>
                    </TextEquiv>
                </Word>
                <Word id="tr_2_tl_7_w2" custom="readingOrder {index:1;}">
                    <Coords points="851,925 851,985 1027,985 1027,925"/>
                    <TextEquiv>
                        <Unicode>R-23-0-43</Unicode>
                    </TextEquiv>
                </Word>
                <TextEquiv>
                    <Unicode>TELEPHON R-23-0-43</Unicode>
                </TextEquiv>
            </TextLine>
            <TextLine id="tr_2_tl_8" custom="readingOrder {index:7;}">
                <Coords points="405,1146 447,1151 473,1131 495,1143 638,1121 753,1124 754,1085 679,1072 655,1085 620,1067 586,1085 526,1072 490,1095 407,1079"/>
                <Baseline points="411,1125 437,1125 463,1125 490,1125 516,1123 543,1121 569,1119 596,1118 622,1116 649,1116 675,1116 702,1116 728,1115 755,1113"/>
                <Word id="tr_2_tl_8_w1" custom="readingOrder {index:0;}">
                    <Coords points="410,1082 410,1142 629,1142 629,1082"/>
                    <TextEquiv>
                        <Unicode>Ausschnitt</Unicode>
                    </TextEquiv>
                </Word>
                <Word id="tr_2_tl_8_w2" custom="readingOrder {index:1;}">
                    <Coords points="656,1076 656,1136 741,1136 741,1076"/>
                    <TextEquiv>
                        <Unicode>aus:</Unicode>
                    </TextEquiv>
                </Word>
                <TextEquiv>
                    <Unicode>Ausschnitt aus:</Unicode>
                </TextEquiv>
            </TextLine>
            <TextLine id="tr_2_tl_9" custom="readingOrder {index:8;}">
                <Coords points="867,1166 904,1162 914,1171 952,1160 1004,1178 1062,1154 1092,1159 1099,1093 1075,1083 1056,1080 1038,1092 1018,1078 940,1103 926,1089 876,1093"/>
                <Baseline points="874,1158 902,1156 930,1154 958,1152 986,1149 1014,1145 1042,1141 1070,1138 1098,1134"/>
                <Word id="tr_2_tl_9_w1" custom="readingOrder {index:0;}">
                    <Coords points="876,1114 876,1174 981,1174 981,1114"/>
                    <TextEquiv>
                        <Unicode>ohe,</Unicode>
                    </TextEquiv>
                </Word>
                <Word id="tr_2_tl_9_w2" custom="readingOrder {index:1;}">
                    <Coords points="992,1102 992,1162 1068,1162 1068,1102"/>
                    <TextEquiv>
                        <Unicode>Wlen</Unicode>
                    </TextEquiv>
                </Word>
                <TextEquiv>
                    <Unicode>ohe, Wlen</Unicode>
                </TextEquiv>
            </TextLine>
            <TextLine id="tr_2_tl_10" custom="readingOrder {index:9;}">
                <Coords points="705,1192 725,1196 757,1189 770,1197 783,1192 792,1195 805,1110 778,1107 755,1116 746,1115 741,1120 729,1115 716,1118"/>
                <Baseline points="713,1179 741,1175 770,1171 799,1167"/>
                <Word id="tr_2_tl_10_w1" custom="readingOrder {index:0;}">
                    <Coords points="712,1132 712,1192 804,1192 804,1132"/>
                    <TextEquiv>
                        <Unicode>Radi</Unicode>
                    </TextEquiv>
                </Word>
                <TextEquiv>
                    <Unicode>Radi</Unicode>
                </TextEquiv>
            </TextLine>
            <TextLine id="tr_2_tl_11" custom="readingOrder {index:10;}">
                <Coords points="633,1338 1018,1321 1028,1230 1013,1226 841,1236 815,1256 720,1237 643,1249"/>
                <Baseline points="641,1322 666,1322 692,1320 718,1318 743,1315 769,1313 795,1313 820,1311 846,1307 872,1305 897,1303 923,1296 949,1290 974,1287 1000,1284 1026,1280"/>
                <Word id="tr_2_tl_11_w1" custom="readingOrder {index:0;}">
                    <Coords points="657,1279 657,1339 747,1339 747,1279"/>
                    <TextEquiv>
                        <Unicode>31.</Unicode>
                    </TextEquiv>
                </Word>
                <Word id="tr_2_tl_11_w2" custom="readingOrder {index:1;}">
                    <Coords points="760,1269 760,1329 897,1329 897,1269"/>
                    <TextEquiv>
                        <Unicode>OKT.</Unicode>
                    </TextEquiv>
                </Word>
                <Word id="tr_2_tl_11_w3" custom="readingOrder {index:2;}">
                    <Coords points="910,1248 910,1308 1012,1308 1012,1248"/>
                    <TextEquiv>
                        <Unicode>1937</Unicode>
                    </TextEquiv>
                </Word>
                <TextEquiv>
                    <Unicode>31. OKT. 1937</Unicode>
                </TextEquiv>
            </TextLine>
            <TextLine id="tr_2_tl_12" custom="readingOrder {index:11;}">
                <Coords points="584,1381 679,1390 753,1370 813,1383 897,1366 932,1373 933,1326 918,1320 883,1341 845,1343 738,1327 662,1347 586,1330"/>
                <Baseline points="591,1367 617,1370 643,1370 670,1370 696,1368 722,1366 749,1364 775,1364 802,1364 828,1362 854,1361 881,1361 907,1360 934,1358"/>
                <Word id="tr_2_tl_12_w1" custom="readingOrder {index:0;}">
                    <Coords points="583,1329 583,1389 647,1389 647,1329"/>
                    <TextEquiv>
                        <Unicode>Das</Unicode>
                    </TextEquiv>
                </Word>
                <Word id="tr_2_tl_12_w2" custom="readingOrder {index:1;}">
                    <Coords points="675,1324 675,1384 919,1384 919,1324"/>
                    <TextEquiv>
                        <Unicode>Funkkabarett</Unicode>
                    </TextEquiv>
                </Word>
                <TextEquiv>
                    <Unicode>Das Funkkabarett</Unicode>
                </TextEquiv>
            </TextLine>
            <TextLine id="tr_2_tl_13" custom="readingOrder {index:12;}">
                <Coords points="339,1435 1177,1413 1178,1382 1114,1360 341,1395"/>
                <Baseline points="346,1414 387,1416 429,1414 470,1413 512,1411 554,1411 595,1408 637,1408 679,1408 720,1406 762,1403 804,1402 845,1400 887,1399 929,1399 970,1398 1012,1396 1054,1395 1095,1393 1137,1393 1179,1393"/>
                <Word id="tr_2_tl_13_w1" custom="readingOrder {index:0;}">
                    <Coords points="340,1375 340,1435 411,1435 411,1375"/>
                    <TextEquiv>
                        <Unicode>wird</Unicode>
                    </TextEquiv>
                </Word>
                <Word id="tr_2_tl_13_w2" custom="readingOrder {index:1;}">
                    <Coords points="435,1371 435,1431 607,1431 607,1371"/>
                    <TextEquiv>
                        <Unicode>nächstens</Unicode>
                    </TextEquiv>
                </Word>
                <Word id="tr_2_tl_13_w3" custom="readingOrder {index:2;}">
                    <Coords points="632,1368 632,1428 663,1428 663,1368"/>
                    <TextEquiv>
                        <Unicode>an</Unicode>
                    </TextEquiv>
                </Word>
                <Word id="tr_2_tl_13_w4" custom="readingOrder {index:3;}">
                    <Coords points="687,1363 687,1423 820,1423 820,1363"/>
                    <TextEquiv>
                        <Unicode>anderer</Unicode>
                    </TextEquiv>
                </Word>
                <Word id="tr_2_tl_13_w5" custom="readingOrder {index:4;}">
                    <Coords points="845,1359 845,1419 935,1419 935,1359"/>
                    <TextEquiv>
                        <Unicode>Stelle</Unicode>
                    </TextEquiv>
                </Word>
                <Word id="tr_2_tl_13_w6" custom="readingOrder {index:5;}">
                    <Coords points="959,1354 959,1414 1171,1414 1171,1354"/>
                    <TextEquiv>
                        <Unicode>besprochen.</Unicode>
                    </TextEquiv>
                </Word>
                <TextEquiv>
                    <Unicode>wird nächstens an anderer Stelle besprochen.</Unicode>
                </TextEquiv>
            </TextLine>
            <TextLine id="tr_2_tl_14" custom="readingOrder {index:13;}">
                <Coords points="393,1467 465,1485 1135,1448 1136,1413 1077,1404 524,1437 395,1421"/>
                <Baseline points="399,1459 435,1459 472,1459 509,1456 546,1456 583,1454 620,1452 657,1450 694,1450 731,1450 768,1448 804,1447 841,1446 878,1444 915,1444 952,1441 989,1441 1026,1441 1063,1440 1100,1438 1137,1438"/>
                <Word id="tr_2_tl_14_w1" custom="readingOrder {index:0;}">
                    <Coords points="398,1419 398,1479 452,1479 452,1419"/>
                    <TextEquiv>
                        <Unicode>Dis</Unicode>
                    </TextEquiv>
                </Word>
                <Word id="tr_2_tl_14_w2" custom="readingOrder {index:1;}">
                    <Coords points="483,1413 483,1473 685,1473 685,1413"/>
                    <TextEquiv>
                        <Unicode>Trauerfeien</Unicode>
                    </TextEquiv>
                </Word>
                <Word id="tr_2_tl_14_w3" custom="readingOrder {index:2;}">
                    <Coords points="711,1409 711,1469 760,1469 760,1409"/>
                    <TextEquiv>
                        <Unicode>für</Unicode>
                    </TextEquiv>
                </Word>
                <Word id="tr_2_tl_14_w4" custom="readingOrder {index:3;}">
                    <Coords points="787,1405 787,1465 907,1465 907,1405"/>
                    <TextEquiv>
                        <Unicode>Arthur</Unicode>
                    </TextEquiv>
                </Word>
                <Word id="tr_2_tl_14_w5" custom="readingOrder {index:4;}">
                    <Coords points="933,1401 933,1461 1109,1461 1109,1401"/>
                    <TextEquiv>
                        <Unicode>Schnitzier</Unicode>
                    </TextEquiv>
                </Word>
                <TextEquiv>
                    <Unicode>Dis Trauerfeien für Arthur Schnitzier</Unicode>
                </TextEquiv>
            </TextLine>
            <TextLine id="tr_2_tl_15" custom="readingOrder {index:14;}">
                <Coords points="349,1513 1177,1486 1178,1451 1125,1443 464,1485 351,1450"/>
                <Baseline points="355,1501 396,1499 437,1497 478,1495 519,1495 561,1494 602,1492 643,1492 684,1489 725,1489 767,1487 808,1486 849,1484 890,1481 931,1480 973,1480 1014,1479 1055,1477 1096,1477 1137,1477 1179,1477"/>
                <Word id="tr_2_tl_15_w1" custom="readingOrder {index:0;}">
                    <Coords points="347,1459 347,1519 419,1519 419,1459"/>
                    <TextEquiv>
                        <Unicode>nahm</Unicode>
                    </TextEquiv>
                </Word>
                <Word id="tr_2_tl_15_w2" custom="readingOrder {index:1;}">
                    <Coords points="467,1455 467,1515 552,1515 552,1455"/>
                    <TextEquiv>
                        <Unicode>einen</Unicode>
                    </TextEquiv>
                </Word>
                <Word id="tr_2_tl_15_w3" custom="readingOrder {index:2;}">
                    <Coords points="583,1452 583,1512 655,1512 655,1452"/>
                    <TextEquiv>
                        <Unicode>sehr</Unicode>
                    </TextEquiv>
                </Word>
                <Word id="tr_2_tl_15_w4" custom="readingOrder {index:3;}">
                    <Coords points="686,1447 686,1507 844,1507 844,1447"/>
                    <TextEquiv>
                        <Unicode>würdigen</Unicode>
                    </TextEquiv>
                </Word>
                <Word id="tr_2_tl_15_w5" custom="readingOrder {index:4;}">
                    <Coords points="879,1440 879,1500 1024,1500 1024,1440"/>
                    <TextEquiv>
                        <Unicode>Verlauf.</Unicode>
                    </TextEquiv>
                </Word>
                <Word id="tr_2_tl_15_w6" custom="readingOrder {index:5;}">
                    <Coords points="1046,1437 1046,1497 1071,1497 1071,1437"/>
                    <TextEquiv>
                        <Unicode>In</Unicode>
                    </TextEquiv>
                </Word>
                <Word id="tr_2_tl_15_w7" custom="readingOrder {index:6;}">
                    <Coords points="1106,1437 1106,1497 1157,1497 1157,1437"/>
                    <TextEquiv>
                        <Unicode>den</Unicode>
                    </TextEquiv>
                </Word>
                <TextEquiv>
                    <Unicode>nahm einen sehr würdigen Verlauf. In den</Unicode>
                </TextEquiv>
            </TextLine>
            <TextLine id="tr_2_tl_16" custom="readingOrder {index:15;}">
                <Coords points="349,1544 1057,1536 1177,1519 1178,1487 350,1509"/>
                <Baseline points="355,1540 396,1538 437,1537 478,1536 519,1534 561,1533 602,1531 643,1531 684,1528 725,1528 767,1528 808,1526 849,1525 890,1523 931,1521 973,1519 1014,1518 1055,1516 1096,1516 1137,1513 1179,1510"/>
                <Word id="tr_2_tl_16_w1" custom="readingOrder {index:0;}">
                    <Coords points="347,1497 347,1557 475,1557 475,1497"/>
                    <TextEquiv>
                        <Unicode>weichen</Unicode>
                    </TextEquiv>
                </Word>
                <Word id="tr_2_tl_16_w2" custom="readingOrder {index:1;}">
                    <Coords points="512,1493 512,1553 584,1553 584,1493"/>
                    <TextEquiv>
                        <Unicode>Flor</Unicode>
                    </TextEquiv>
                </Word>
                <Word id="tr_2_tl_16_w3" custom="readingOrder {index:2;}">
                    <Coords points="613,1490 613,1550 694,1550 694,1490"/>
                    <TextEquiv>
                        <Unicode>edler</Unicode>
                    </TextEquiv>
                </Word>
                <Word id="tr_2_tl_16_w4" custom="readingOrder {index:3;}">
                    <Coords points="726,1487 726,1547 827,1547 827,1487"/>
                    <TextEquiv>
                        <Unicode>Musik</Unicode>
                    </TextEquiv>
                </Word>
                <Word id="tr_2_tl_16_w5" custom="readingOrder {index:4;}">
                    <Coords points="856,1480 856,1540 1013,1540 1013,1480"/>
                    <TextEquiv>
                        <Unicode>gebettet,</Unicode>
                    </TextEquiv>
                </Word>
                <Word id="tr_2_tl_16_w6" custom="readingOrder {index:5;}">
                    <Coords points="1054,1475 1054,1535 1162,1535 1162,1475"/>
                    <TextEquiv>
                        <Unicode>wirkte</Unicode>
                    </TextEquiv>
                </Word>
                <TextEquiv>
                    <Unicode>weichen Flor edler Musik gebettet, wirkte</Unicode>
                </TextEquiv>
            </TextLine>
            <TextLine id="tr_2_tl_17" custom="readingOrder {index:16;}">
                <Coords points="346,1601 1177,1564 1164,1520 348,1555"/>
                <Baseline points="352,1579 393,1579 434,1578 476,1576 517,1575 558,1573 600,1573 641,1570 682,1573 724,1568 765,1567 806,1565 848,1566 889,1565 930,1563 972,1560 1013,1558 1054,1558 1096,1558 1137,1555 1179,1552"/>
                <Word id="tr_2_tl_17_w1" custom="readingOrder {index:0;}">
                    <Coords points="344,1539 344,1599 387,1599 387,1539"/>
                    <TextEquiv>
                        <Unicode>die</Unicode>
                    </TextEquiv>
                </Word>
                <Word id="tr_2_tl_17_w2" custom="readingOrder {index:1;}">
                    <Coords points="412,1535 412,1595 606,1595 606,1535"/>
                    <TextEquiv>
                        <Unicode>Trauerrede</Unicode>
                    </TextEquiv>
                </Word>
                <Word id="tr_2_tl_17_w3" custom="readingOrder {index:2;}">
                    <Coords points="626,1531 626,1591 755,1591 755,1531"/>
                    <TextEquiv>
                        <Unicode>doppelt</Unicode>
                    </TextEquiv>
                </Word>
                <Word id="tr_2_tl_17_w4" custom="readingOrder {index:3;}">
                    <Coords points="776,1525 776,1585 848,1585 848,1525"/>
                    <TextEquiv>
                        <Unicode>tief.</Unicode>
                    </TextEquiv>
                </Word>
                <Word id="tr_2_tl_17_w5" custom="readingOrder {index:4;}">
                    <Coords points="860,1519 860,1579 1102,1579 1102,1519"/>
                    <TextEquiv>
                        <Unicode>„Paracelsus",</Unicode>
                    </TextEquiv>
                </Word>
                <Word id="tr_2_tl_17_w6" custom="readingOrder {index:5;}">
                    <Coords points="1115,1514 1115,1574 1167,1574 1167,1514"/>
                    <TextEquiv>
                        <Unicode>mit</Unicode>
                    </TextEquiv>
                </Word>
                <TextEquiv>
                    <Unicode>die Trauerrede doppelt tief. „Paracelsus", mit</Unicode>
                </TextEquiv>
            </TextLine>
            <TextLine id="tr_2_tl_18" custom="readingOrder {index:17;}">
                <Coords points="349,1628 1184,1597 1164,1561 350,1600"/>
                <Baseline points="355,1620 396,1617 438,1616 479,1614 521,1614 563,1611 604,1611 646,1608 687,1608 729,1606 771,1605 812,1603 854,1602 895,1602 937,1601 979,1599 1020,1598 1062,1596 1103,1596 1145,1593 1187,1593"/>
                <Word id="tr_2_tl_18_w1" custom="readingOrder {index:0;}">
                    <Coords points="346,1576 346,1636 499,1636 499,1576"/>
                    <TextEquiv>
                        <Unicode>erlesener</Unicode>
                    </TextEquiv>
                </Word>
                <Word id="tr_2_tl_18_w2" custom="readingOrder {index:1;}">
                    <Coords points="550,1566 550,1626 868,1626 868,1566"/>
                    <TextEquiv>
                        <Unicode>Burgtheaterkunst</Unicode>
                    </TextEquiv>
                </Word>
                <Word id="tr_2_tl_18_w3" custom="readingOrder {index:2;}">
                    <Coords points="911,1558 911,1618 1064,1618 1064,1558"/>
                    <TextEquiv>
                        <Unicode>gespielt,</Unicode>
                    </TextEquiv>
                </Word>
                <Word id="tr_2_tl_18_w4" custom="readingOrder {index:3;}">
                    <Coords points="1108,1553 1108,1613 1162,1613 1162,1553"/>
                    <TextEquiv>
                        <Unicode>gab</Unicode>
                    </TextEquiv>
                </Word>
                <TextEquiv>
                    <Unicode>erlesener Burgtheaterkunst gespielt, gab</Unicode>
                </TextEquiv>
            </TextLine>
            <TextLine id="tr_2_tl_19" custom="readingOrder {index:18;}">
                <Coords points="349,1666 979,1666 1160,1653 1185,1611 350,1629"/>
                <Baseline points="355,1659 396,1658 438,1656 479,1655 521,1653 563,1653 604,1650 646,1650 687,1648 729,1647 771,1645 812,1642 854,1641 895,1641 937,1640 979,1638 1020,1638 1062,1637 1103,1635 1145,1632 1187,1635"/>
                <Word id="tr_2_tl_19_w1" custom="readingOrder {index:0;}">
                    <Coords points="347,1618 347,1678 407,1678 407,1618"/>
                    <TextEquiv>
                        <Unicode>eine</Unicode>
                    </TextEquiv>
                </Word>
                <Word id="tr_2_tl_19_w2" custom="readingOrder {index:1;}">
                    <Coords points="440,1614 440,1674 521,1674 521,1614"/>
                    <TextEquiv>
                        <Unicode>feine</Unicode>
                    </TextEquiv>
                </Word>
                <Word id="tr_2_tl_19_w3" custom="readingOrder {index:2;}">
                    <Coords points="550,1609 550,1669 778,1669 778,1609"/>
                    <TextEquiv>
                        <Unicode>unmittelbare</Unicode>
                    </TextEquiv>
                </Word>
                <Word id="tr_2_tl_19_w4" custom="readingOrder {index:3;}">
                    <Coords points="807,1600 807,1660 1015,1660 1015,1600"/>
                    <TextEquiv>
                        <Unicode>Perspektive</Unicode>
                    </TextEquiv>
                </Word>
                <Word id="tr_2_tl_19_w5" custom="readingOrder {index:4;}">
                    <Coords points="1044,1596 1044,1656 1100,1656 1100,1596"/>
                    <TextEquiv>
                        <Unicode>auf</Unicode>
                    </TextEquiv>
                </Word>
                <Word id="tr_2_tl_19_w6" custom="readingOrder {index:5;}">
                    <Coords points="1125,1592 1125,1652 1173,1652 1173,1592"/>
                    <TextEquiv>
                        <Unicode>die</Unicode>
                    </TextEquiv>
                </Word>
                <TextEquiv>
                    <Unicode>eine feine unmittelbare Perspektive auf die</Unicode>
                </TextEquiv>
            </TextLine>
            <TextLine id="tr_2_tl_20" custom="readingOrder {index:19;}">
                <Coords points="348,1713 767,1706 886,1688 887,1661 349,1667"/>
                <Baseline points="355,1698 381,1696 408,1695 435,1695 461,1695 488,1695 515,1695 541,1694 568,1693 595,1691 622,1689 648,1689 675,1689 702,1689 728,1688 755,1686 782,1684 808,1683 835,1683 862,1683 889,1683"/>
                <Word id="tr_2_tl_20_w1" custom="readingOrder {index:0;}">
                    <Coords points="349,1655 349,1715 455,1715 455,1655"/>
                    <TextEquiv>
                        <Unicode>Kunst</Unicode>
                    </TextEquiv>
                </Word>
                <Word id="tr_2_tl_20_w2" custom="readingOrder {index:1;}">
                    <Coords points="478,1655 478,1715 531,1715 531,1655"/>
                    <TextEquiv>
                        <Unicode>des</Unicode>
                    </TextEquiv>
                </Word>
                <Word id="tr_2_tl_20_w3" custom="readingOrder {index:2;}">
                    <Coords points="558,1648 558,1708 877,1708 877,1648"/>
                    <TextEquiv>
                        <Unicode>Heimgegangenen.</Unicode>
                    </TextEquiv>
                </Word>
                <TextEquiv>
                    <Unicode>Kunst des Heimgegangenen.</Unicode>
                </TextEquiv>
            </TextLine>
            <TextLine id="tr_2_tl_21" custom="readingOrder {index:20;}">
                <Coords points="383,1750 983,1744 1184,1724 1185,1685 384,1706"/>
                <Baseline points="388,1737 430,1737 472,1734 514,1734 556,1731 598,1731 640,1729 682,1728 724,1726 766,1725 808,1723 850,1722 892,1721 934,1719 976,1718 1018,1716 1060,1716 1102,1716 1144,1713 1187,1713"/>
                <Word id="tr_2_tl_21_w1" custom="readingOrder {index:0;}">
                    <Coords points="385,1697 385,1757 447,1757 447,1697"/>
                    <TextEquiv>
                        <Unicode>Das</Unicode>
                    </TextEquiv>
                </Word>
                <Word id="tr_2_tl_21_w2" custom="readingOrder {index:1;}">
                    <Coords points="473,1691 473,1751 668,1751 668,1691"/>
                    <TextEquiv>
                        <Unicode>literarische</Unicode>
                    </TextEquiv>
                </Word>
                <Word id="tr_2_tl_21_w3" custom="readingOrder {index:2;}">
                    <Coords points="698,1683 698,1743 881,1743 881,1683"/>
                    <TextEquiv>
                        <Unicode>Mikrophon</Unicode>
                    </TextEquiv>
                </Word>
                <Word id="tr_2_tl_21_w4" custom="readingOrder {index:3;}">
                    <Coords points="915,1677 915,1737 1043,1737 1043,1677"/>
                    <TextEquiv>
                        <Unicode>brachte</Unicode>
                    </TextEquiv>
                </Word>
                <Word id="tr_2_tl_21_w5" custom="readingOrder {index:4;}">
                    <Coords points="1073,1674 1073,1734 1168,1734 1168,1674"/>
                    <TextEquiv>
                        <Unicode>gleich</Unicode>
                    </TextEquiv>
                </Word>
                <TextEquiv>
                    <Unicode>Das literarische Mikrophon brachte gleich</Unicode>
                </TextEquiv>
            </TextLine>
            <TextLine id="tr_2_tl_22" custom="readingOrder {index:21;}">
                <Coords points="355,1788 1184,1773 1185,1724 1141,1716 356,1753"/>
                <Baseline points="361,1779 402,1776 443,1776 484,1775 526,1773 567,1773 608,1773 650,1770 691,1770 732,1768 774,1765 815,1762 856,1761 897,1759 939,1757 980,1756 1021,1757 1063,1755 1104,1755 1145,1752 1187,1752"/>
                <Word id="tr_2_tl_22_w1" custom="readingOrder {index:0;}">
                    <Coords points="349,1737 349,1797 425,1797 425,1737"/>
                    <TextEquiv>
                        <Unicode>zwel</Unicode>
                    </TextEquiv>
                </Word>
                <Word id="tr_2_tl_22_w2" custom="readingOrder {index:1;}">
                    <Coords points="466,1733 466,1793 665,1793 665,1733"/>
                    <TextEquiv>
                        <Unicode>Lustspiele.</Unicode>
                    </TextEquiv>
                </Word>
                <Word id="tr_2_tl_22_w3" custom="readingOrder {index:2;}">
                    <Coords points="702,1727 702,1787 766,1787 766,1727"/>
                    <TextEquiv>
                        <Unicode>Das</Unicode>
                    </TextEquiv>
                </Word>
                <Word id="tr_2_tl_22_w4" custom="readingOrder {index:3;}">
                    <Coords points="816,1720 816,1780 897,1780 897,1720"/>
                    <TextEquiv>
                        <Unicode>erste</Unicode>
                    </TextEquiv>
                </Word>
                <Word id="tr_2_tl_22_w5" custom="readingOrder {index:4;}">
                    <Coords points="930,1717 930,1777 941,1777 941,1717"/>
                    <TextEquiv>
                        <Unicode>—</Unicode>
                    </TextEquiv>
                </Word>
                <Word id="tr_2_tl_22_w6" custom="readingOrder {index:5;}">
                    <Coords points="991,1715 991,1775 1177,1775 1177,1715"/>
                    <TextEquiv>
                        <Unicode>unverhofft</Unicode>
                    </TextEquiv>
                </Word>
                <TextEquiv>
                    <Unicode>zwel Lustspiele. Das erste — unverhofft</Unicode>
                </TextEquiv>
            </TextLine>
            <TextLine id="tr_2_tl_23" custom="readingOrder {index:22;}">
                <Coords points="354,1831 1184,1803 1185,1771 966,1757 650,1798 356,1791"/>
                <Baseline points="361,1814 402,1814 443,1814 484,1813 526,1811 567,1811 608,1808 650,1805 691,1805 732,1805 774,1803 815,1802 856,1800 897,1799 939,1798 980,1796 1021,1795 1063,1793 1104,1793 1145,1790 1187,1787"/>
                <Word id="tr_2_tl_23_w1" custom="readingOrder {index:0;}">
                    <Coords points="351,1774 351,1834 472,1834 472,1774"/>
                    <TextEquiv>
                        <Unicode>kommt</Unicode>
                    </TextEquiv>
                </Word>
                <Word id="tr_2_tl_23_w2" custom="readingOrder {index:1;}">
                    <Coords points="520,1771 520,1831 567,1831 567,1771"/>
                    <TextEquiv>
                        <Unicode>oft</Unicode>
                    </TextEquiv>
                </Word>
                <Word id="tr_2_tl_23_w3" custom="readingOrder {index:2;}">
                    <Coords points="602,1768 602,1828 613,1828 613,1768"/>
                    <TextEquiv>
                        <Unicode>—</Unicode>
                    </TextEquiv>
                </Word>
                <Word id="tr_2_tl_23_w4" custom="readingOrder {index:3;}">
                    <Coords points="673,1765 673,1825 719,1825 719,1765"/>
                    <TextEquiv>
                        <Unicode>als</Unicode>
                    </TextEquiv>
                </Word>
                <Word id="tr_2_tl_23_w5" custom="readingOrder {index:4;}">
                    <Coords points="767,1759 767,1819 1021,1819 1021,1759"/>
                    <TextEquiv>
                        <Unicode>(ingeschobene</Unicode>
                    </TextEquiv>
                </Word>
                <Word id="tr_2_tl_23_w6" custom="readingOrder {index:5;}">
                    <Coords points="1057,1752 1057,1812 1178,1812 1178,1752"/>
                    <TextEquiv>
                        <Unicode>Ueber¬</Unicode>
                    </TextEquiv>
                </Word>
                <TextEquiv>
                    <Unicode>kommt oft — als (ingeschobene Ueber¬</Unicode>
                </TextEquiv>
            </TextLine>
            <TextLine id="tr_2_tl_24" custom="readingOrder {index:23;}">
                <Coords points="355,1862 1138,1849 1183,1843 1185,1804 356,1832"/>
                <Baseline points="361,1859 402,1856 443,1855 484,1853 526,1852 567,1850 608,1847 650,1847 691,1844 732,1844 774,1842 815,1841 856,1841 897,1839 939,1838 980,1837 1021,1835 1063,1834 1104,1832 1145,1832 1187,1832"/>
                <Word id="tr_2_tl_24_w1" custom="readingOrder {index:0;}">
                    <Coords points="349,1815 349,1875 482,1875 482,1815"/>
                    <TextEquiv>
                        <Unicode>tragung</Unicode>
                    </TextEquiv>
                </Word>
                <Word id="tr_2_tl_24_w2" custom="readingOrder {index:1;}">
                    <Coords points="512,1811 512,1871 568,1871 568,1811"/>
                    <TextEquiv>
                        <Unicode>aus</Unicode>
                    </TextEquiv>
                </Word>
                <Word id="tr_2_tl_24_w3" custom="readingOrder {index:2;}">
                    <Coords points="595,1807 595,1867 650,1867 650,1807"/>
                    <TextEquiv>
                        <Unicode>der</Unicode>
                    </TextEquiv>
                </Word>
                <Word id="tr_2_tl_24_w4" custom="readingOrder {index:3;}">
                    <Coords points="676,1802 676,1862 844,1862 844,1802"/>
                    <TextEquiv>
                        <Unicode>Komöcje.</Unicode>
                    </TextEquiv>
                </Word>
                <Word id="tr_2_tl_24_w5" custom="readingOrder {index:4;}">
                    <Coords points="884,1798 884,1858 952,1858 952,1798"/>
                    <TextEquiv>
                        <Unicode>Das</Unicode>
                    </TextEquiv>
                </Word>
                <Word id="tr_2_tl_24_w6" custom="readingOrder {index:5;}">
                    <Coords points="978,1794 978,1854 1069,1854 1069,1794"/>
                    <TextEquiv>
                        <Unicode>Stück</Unicode>
                    </TextEquiv>
                </Word>
                <Word id="tr_2_tl_24_w7" custom="readingOrder {index:6;}">
                    <Coords points="1104,1792 1104,1852 1185,1852 1185,1792"/>
                    <TextEquiv>
                        <Unicode>war,</Unicode>
                    </TextEquiv>
                </Word>
                <TextEquiv>
                    <Unicode>tragung aus der Komöcje. Das Stück war,</Unicode>
                </TextEquiv>
            </TextLine>
            <TextLine id="tr_2_tl_25" custom="readingOrder {index:24;}">
                <Coords points="358,1907 1166,1886 1182,1843 359,1872"/>
                <Baseline points="364,1895 405,1895 446,1893 487,1892 528,1892 569,1891 610,1888 651,1886 692,1886 733,1883 774,1883 815,1883 856,1881 897,1877 938,1875 979,1877 1020,1876 1061,1873 1102,1871 1143,1871 1185,1868"/>
                <Word id="tr_2_tl_25_w1" custom="readingOrder {index:0;}">
                    <Coords points="356,1854 356,1914 460,1914 460,1854"/>
                    <TextEquiv>
                        <Unicode>zumal</Unicode>
                    </TextEquiv>
                </Word>
                <Word id="tr_2_tl_25_w2" custom="readingOrder {index:1;}">
                    <Coords points="477,1852 477,1912 551,1912 551,1852"/>
                    <TextEquiv>
                        <Unicode>dank</Unicode>
                    </TextEquiv>
                </Word>
                <Word id="tr_2_tl_25_w3" custom="readingOrder {index:2;}">
                    <Coords points="581,1848 581,1908 631,1908 631,1848"/>
                    <TextEquiv>
                        <Unicode>der</Unicode>
                    </TextEquiv>
                </Word>
                <Word id="tr_2_tl_25_w4" custom="readingOrder {index:3;}">
                    <Coords points="656,1843 656,1903 857,1903 857,1843"/>
                    <TextEquiv>
                        <Unicode>Mitwirkung</Unicode>
                    </TextEquiv>
                </Word>
                <Word id="tr_2_tl_25_w5" custom="readingOrder {index:4;}">
                    <Coords points="882,1836 882,1896 932,1896 932,1836"/>
                    <TextEquiv>
                        <Unicode>vor</Unicode>
                    </TextEquiv>
                </Word>
                <Word id="tr_2_tl_25_w6" custom="readingOrder {index:5;}">
                    <Coords points="961,1836 961,1896 1065,1896 1065,1836"/>
                    <TextEquiv>
                        <Unicode>Oskar</Unicode>
                    </TextEquiv>
                </Word>
                <Word id="tr_2_tl_25_w7" custom="readingOrder {index:6;}">
                    <Coords points="1087,1831 1087,1891 1178,1891 1178,1831"/>
                    <TextEquiv>
                        <Unicode>Karl¬</Unicode>
                    </TextEquiv>
                </Word>
                <TextEquiv>
                    <Unicode>zumal dank der Mitwirkung vor Oskar Karl¬</Unicode>
                </TextEquiv>
            </TextLine>
            <TextLine id="tr_2_tl_26" custom="readingOrder {index:25;}">
                <Coords points="358,1948 1020,1941 1161,1927 1187,1888 359,1908"/>
                <Baseline points="364,1934 405,1934 446,1934 487,1933 529,1931 570,1931 611,1928 653,1925 694,1925 735,1925 777,1923 818,1922 859,1920 900,1919 942,1918 983,1916 1024,1915 1066,1913 1107,1913 1148,1910 1190,1910"/>
                <Word id="tr_2_tl_26_w1" custom="readingOrder {index:0;}">
                    <Coords points="356,1894 356,1954 428,1954 428,1894"/>
                    <TextEquiv>
                        <Unicode>wels</Unicode>
                    </TextEquiv>
                </Word>
                <Word id="tr_2_tl_26_w2" custom="readingOrder {index:1;}">
                    <Coords points="459,1893 459,1953 514,1953 514,1893"/>
                    <TextEquiv>
                        <Unicode>und</Unicode>
                    </TextEquiv>
                </Word>
                <Word id="tr_2_tl_26_w3" custom="readingOrder {index:2;}">
                    <Coords points="544,1888 544,1948 660,1948 660,1888"/>
                    <TextEquiv>
                        <Unicode>Sibylle</Unicode>
                    </TextEquiv>
                </Word>
                <Word id="tr_2_tl_26_w4" custom="readingOrder {index:3;}">
                    <Coords points="690,1883 690,1943 823,1943 823,1883"/>
                    <TextEquiv>
                        <Unicode>Binder,</Unicode>
                    </TextEquiv>
                </Word>
                <Word id="tr_2_tl_26_w5" custom="readingOrder {index:4;}">
                    <Coords points="840,1879 840,1939 955,1939 955,1879"/>
                    <TextEquiv>
                        <Unicode>hübsch</Unicode>
                    </TextEquiv>
                </Word>
                <Word id="tr_2_tl_26_w6" custom="readingOrder {index:5;}">
                    <Coords points="986,1873 986,1933 1187,1933 1187,1873"/>
                    <TextEquiv>
                        <Unicode>anzuhören.</Unicode>
                    </TextEquiv>
                </Word>
                <TextEquiv>
                    <Unicode>wels und Sibylle Binder, hübsch anzuhören.</Unicode>
                </TextEquiv>
            </TextLine>
            <TextLine id="tr_2_tl_27" custom="readingOrder {index:26;}">
                <Coords points="361,1984 1190,1954 1181,1915 363,1942"/>
                <Baseline points="367,1976 408,1975 449,1973 490,1972 532,1970 573,1970 614,1970 656,1967 697,1967 738,1965 780,1962 821,1961 862,1961 903,1959 945,1958 986,1957 1027,1954 1069,1952 1110,1952 1151,1949 1193,1949"/>
                <Word id="tr_2_tl_27_w1" custom="readingOrder {index:0;}">
                    <Coords points="359,1935 359,1995 421,1995 421,1935"/>
                    <TextEquiv>
                        <Unicode>Nur</Unicode>
                    </TextEquiv>
                </Word>
                <Word id="tr_2_tl_27_w2" custom="readingOrder {index:1;}">
                    <Coords points="450,1932 450,1992 500,1992 500,1932"/>
                    <TextEquiv>
                        <Unicode>die</Unicode>
                    </TextEquiv>
                </Word>
                <Word id="tr_2_tl_27_w3" custom="readingOrder {index:2;}">
                    <Coords points="534,1930 534,1990 666,1990 666,1930"/>
                    <TextEquiv>
                        <Unicode>Akustik</Unicode>
                    </TextEquiv>
                </Word>
                <Word id="tr_2_tl_27_w4" custom="readingOrder {index:3;}">
                    <Coords points="700,1921 700,1981 887,1981 887,1921"/>
                    <TextEquiv>
                        <Unicode>befriedigte</Unicode>
                    </TextEquiv>
                </Word>
                <Word id="tr_2_tl_27_w5" custom="readingOrder {index:4;}">
                    <Coords points="938,1917 938,1977 996,1977 996,1917"/>
                    <TextEquiv>
                        <Unicode>uns</Unicode>
                    </TextEquiv>
                </Word>
                <Word id="tr_2_tl_27_w6" custom="readingOrder {index:5;}">
                    <Coords points="1046,1911 1046,1971 1183,1971 1183,1911"/>
                    <TextEquiv>
                        <Unicode>diemal</Unicode>
                    </TextEquiv>
                </Word>
                <TextEquiv>
                    <Unicode>Nur die Akustik befriedigte uns diemal</Unicode>
                </TextEquiv>
            </TextLine>
            <TextLine id="tr_2_tl_28" custom="readingOrder {index:27;}">
                <Coords points="355,2027 1111,2013 1194,1995 1195,1954 866,1988 356,1985"/>
                <Baseline points="361,2017 402,2016 444,2013 486,2011 528,2008 569,2008 611,2008 653,2008 695,2006 736,2003 778,2002 820,2002 862,2000 903,1998 945,1996 987,1995 1029,1993 1070,1993 1112,1993 1154,1990 1196,1987"/>
                <Word id="tr_2_tl_28_w1" custom="readingOrder {index:0;}">
                    <Coords points="357,1975 357,2035 448,2035 448,1975"/>
                    <TextEquiv>
                        <Unicode>nicht</Unicode>
                    </TextEquiv>
                </Word>
                <Word id="tr_2_tl_28_w2" custom="readingOrder {index:1;}">
                    <Coords points="473,1970 473,2030 506,2030 506,1970"/>
                    <TextEquiv>
                        <Unicode>so</Unicode>
                    </TextEquiv>
                </Word>
                <Word id="tr_2_tl_28_w3" custom="readingOrder {index:2;}">
                    <Coords points="535,1968 535,2028 647,2028 647,1968"/>
                    <TextEquiv>
                        <Unicode>restlos</Unicode>
                    </TextEquiv>
                </Word>
                <Word id="tr_2_tl_28_w4" custom="readingOrder {index:3;}">
                    <Coords points="677,1965 677,2025 730,2025 730,1965"/>
                    <TextEquiv>
                        <Unicode>wie</Unicode>
                    </TextEquiv>
                </Word>
                <Word id="tr_2_tl_28_w5" custom="readingOrder {index:4;}">
                    <Coords points="764,1962 764,2022 867,2022 867,1962"/>
                    <TextEquiv>
                        <Unicode>sonst,</Unicode>
                    </TextEquiv>
                </Word>
                <Word id="tr_2_tl_28_w6" custom="readingOrder {index:5;}">
                    <Coords points="893,1955 893,2015 1021,2015 1021,1955"/>
                    <TextEquiv>
                        <Unicode>obwohl</Unicode>
                    </TextEquiv>
                </Word>
                <Word id="tr_2_tl_28_w7" custom="readingOrder {index:6;}">
                    <Coords points="1046,1953 1046,2013 1108,2013 1108,1953"/>
                    <TextEquiv>
                        <Unicode>sich</Unicode>
                    </TextEquiv>
                </Word>
                <Word id="tr_2_tl_28_w8" custom="readingOrder {index:7;}">
                    <Coords points="1138,1950 1138,2010 1162,2010 1162,1950"/>
                    <TextEquiv>
                        <Unicode>im</Unicode>
                    </TextEquiv>
                </Word>
                <TextEquiv>
                    <Unicode>nicht so restlos wie sonst, obwohl sich im</Unicode>
                </TextEquiv>
            </TextLine>
            <TextLine id="tr_2_tl_29" custom="readingOrder {index:28;}">
                <Coords points="361,2070 1194,2036 1177,1997 363,2025"/>
                <Baseline points="367,2062 408,2055 449,2053 491,2052 532,2050 574,2050 615,2050 657,2047 698,2044 740,2044 781,2042 822,2039 864,2038 905,2038 947,2037 988,2035 1030,2034 1071,2032 1113,2032 1154,2029 1196,2032"/>
                <Word id="tr_2_tl_29_w1" custom="readingOrder {index:0;}">
                    <Coords points="358,2014 358,2074 468,2074 468,2014"/>
                    <TextEquiv>
                        <Unicode>großen</Unicode>
                    </TextEquiv>
                </Word>
                <Word id="tr_2_tl_29_w2" custom="readingOrder {index:1;}">
                    <Coords points="504,2010 504,2070 562,2070 562,2010"/>
                    <TextEquiv>
                        <Unicode>und</Unicode>
                    </TextEquiv>
                </Word>
                <Word id="tr_2_tl_29_w3" custom="readingOrder {index:2;}">
                    <Coords points="594,2007 594,2067 712,2067 712,2007"/>
                    <TextEquiv>
                        <Unicode>ganzen</Unicode>
                    </TextEquiv>
                </Word>
                <Word id="tr_2_tl_29_w4" custom="readingOrder {index:3;}">
                    <Coords points="748,2000 748,2060 850,2060 850,2000"/>
                    <TextEquiv>
                        <Unicode>dieses</Unicode>
                    </TextEquiv>
                </Word>
                <Word id="tr_2_tl_29_w5" custom="readingOrder {index:4;}">
                    <Coords points="882,1994 882,2054 1097,2054 1097,1994"/>
                    <TextEquiv>
                        <Unicode>Theaterchen</Unicode>
                    </TextEquiv>
                </Word>
                <Word id="tr_2_tl_29_w6" custom="readingOrder {index:5;}">
                    <Coords points="1153,1989 1153,2049 1176,2049 1176,1989"/>
                    <TextEquiv>
                        <Unicode>in</Unicode>
                    </TextEquiv>
                </Word>
                <TextEquiv>
                    <Unicode>großen und ganzen dieses Theaterchen in</Unicode>
                </TextEquiv>
            </TextLine>
            <TextLine id="tr_2_tl_30" custom="readingOrder {index:29;}">
                <Coords points="361,2104 1189,2075 1191,2039 1150,2032 363,2070"/>
                <Baseline points="367,2098 408,2094 449,2092 490,2091 532,2089 573,2089 614,2089 656,2086 697,2083 738,2083 780,2081 821,2080 862,2078 903,2077 945,2077 986,2076 1027,2074 1069,2073 1110,2071 1151,2071 1193,2068"/>
                <Word id="tr_2_tl_30_w1" custom="readingOrder {index:0;}">
                    <Coords points="359,2053 359,2113 458,2113 458,2053"/>
                    <TextEquiv>
                        <Unicode>diesem</Unicode>
                    </TextEquiv>
                </Word>
                <Word id="tr_2_tl_30_w2" custom="readingOrder {index:1;}">
                    <Coords points="505,2049 505,2109 626,2109 626,2049"/>
                    <TextEquiv>
                        <Unicode>Punkte</Unicode>
                    </TextEquiv>
                </Word>
                <Word id="tr_2_tl_30_w3" custom="readingOrder {index:2;}">
                    <Coords points="660,2043 660,2103 772,2103 772,2043"/>
                    <TextEquiv>
                        <Unicode>wieder</Unicode>
                    </TextEquiv>
                </Word>
                <Word id="tr_2_tl_30_w4" custom="readingOrder {index:3;}">
                    <Coords points="803,2039 803,2099 873,2099 873,2039"/>
                    <TextEquiv>
                        <Unicode>sehr</Unicode>
                    </TextEquiv>
                </Word>
                <Word id="tr_2_tl_30_w5" custom="readingOrder {index:4;}">
                    <Coords points="899,2037 899,2097 974,2097 974,2037"/>
                    <TextEquiv>
                        <Unicode>brav</Unicode>
                    </TextEquiv>
                </Word>
                <Word id="tr_2_tl_30_w6" custom="readingOrder {index:5;}">
                    <Coords points="1003,2033 1003,2093 1095,2093 1095,2033"/>
                    <TextEquiv>
                        <Unicode>hielt.</Unicode>
                    </TextEquiv>
                </Word>
                <Word id="tr_2_tl_30_w7" custom="readingOrder {index:6;}">
                    <Coords points="1133,2030 1133,2090 1191,2090 1191,2030"/>
                    <TextEquiv>
                        <Unicode>Dr.</Unicode>
                    </TextEquiv>
                </Word>
                <TextEquiv>
                    <Unicode>diesem Punkte wieder sehr brav hielt. Dr.</Unicode>
                </TextEquiv>
            </TextLine>
            <TextLine id="tr_2_tl_31" custom="readingOrder {index:30;}">
                <Coords points="361,2153 1196,2115 1197,2084 1119,2074 363,2104"/>
                <Baseline points="367,2137 408,2134 450,2133 491,2131 533,2131 575,2131 616,2128 658,2128 699,2126 741,2123 783,2122 824,2120 866,2119 907,2119 949,2118 991,2115 1032,2113 1074,2112 1115,2110 1157,2107 1199,2107"/>
                <Word id="tr_2_tl_31_w1" custom="readingOrder {index:0;}">
                    <Coords points="359,2093 359,2153 536,2153 536,2093"/>
                    <TextEquiv>
                        <Unicode>Nüchterns</Unicode>
                    </TextEquiv>
                </Word>
                <Word id="tr_2_tl_31_w2" custom="readingOrder {index:1;}">
                    <Coords points="565,2087 565,2147 759,2147 759,2087"/>
                    <TextEquiv>
                        <Unicode>Conference</Unicode>
                    </TextEquiv>
                </Word>
                <Word id="tr_2_tl_31_w3" custom="readingOrder {index:2;}">
                    <Coords points="789,2080 789,2140 853,2140 853,2080"/>
                    <TextEquiv>
                        <Unicode>war</Unicode>
                    </TextEquiv>
                </Word>
                <Word id="tr_2_tl_31_w4" custom="readingOrder {index:3;}">
                    <Coords points="878,2078 878,2138 950,2138 950,2078"/>
                    <TextEquiv>
                        <Unicode>sehr</Unicode>
                    </TextEquiv>
                </Word>
                <Word id="tr_2_tl_31_w5" custom="readingOrder {index:4;}">
                    <Coords points="975,2071 975,2131 1185,2131 1185,2071"/>
                    <TextEquiv>
                        <Unicode>liebenswür¬</Unicode>
                    </TextEquiv>
                </Word>
                <TextEquiv>
                    <Unicode>Nüchterns Conference war sehr liebenswür¬</Unicode>
                </TextEquiv>
            </TextLine>
            <TextLine id="tr_2_tl_32" custom="readingOrder {index:31;}">
                <Coords points="365,2183 1167,2161 1195,2125 365,2157"/>
                <Baseline points="370,2176 411,2176 452,2175 493,2173 535,2172 576,2170 617,2167 659,2167 700,2164 741,2164 783,2162 824,2161 865,2159 906,2158 948,2157 989,2155 1030,2154 1072,2152 1113,2152 1154,2149 1196,2143"/>
                <Word id="tr_2_tl_32_w1" custom="readingOrder {index:0;}">
                    <Coords points="363,2136 363,2196 410,2196 410,2136"/>
                    <TextEquiv>
                        <Unicode>dig</Unicode>
                    </TextEquiv>
                </Word>
                <Word id="tr_2_tl_32_w2" custom="readingOrder {index:1;}">
                    <Coords points="435,2132 435,2192 588,2192 588,2132"/>
                    <TextEquiv>
                        <Unicode>gemeint,</Unicode>
                    </TextEquiv>
                </Word>
                <Word id="tr_2_tl_32_w3" custom="readingOrder {index:2;}">
                    <Coords points="604,2127 604,2187 676,2187 676,2127"/>
                    <TextEquiv>
                        <Unicode>doch</Unicode>
                    </TextEquiv>
                </Word>
                <Word id="tr_2_tl_32_w4" custom="readingOrder {index:3;}">
                    <Coords points="709,2124 709,2184 769,2184 769,2124"/>
                    <TextEquiv>
                        <Unicode>war</Unicode>
                    </TextEquiv>
                </Word>
                <Word id="tr_2_tl_32_w5" custom="readingOrder {index:4;}">
                    <Coords points="790,2121 790,2181 833,2181 833,2121"/>
                    <TextEquiv>
                        <Unicode>sie</Unicode>
                    </TextEquiv>
                </Word>
                <Word id="tr_2_tl_32_w6" custom="readingOrder {index:5;}">
                    <Coords points="854,2118 854,2178 882,2178 882,2118"/>
                    <TextEquiv>
                        <Unicode>so</Unicode>
                    </TextEquiv>
                </Word>
                <Word id="tr_2_tl_32_w7" custom="readingOrder {index:6;}">
                    <Coords points="906,2117 906,2177 978,2177 978,2117"/>
                    <TextEquiv>
                        <Unicode>leise</Unicode>
                    </TextEquiv>
                </Word>
                <Word id="tr_2_tl_32_w8" custom="readingOrder {index:7;}">
                    <Coords points="1003,2114 1003,2174 1047,2174 1047,2114"/>
                    <TextEquiv>
                        <Unicode>ins</Unicode>
                    </TextEquiv>
                </Word>
                <Word id="tr_2_tl_32_w9" custom="readingOrder {index:8;}">
                    <Coords points="1068,2110 1068,2170 1188,2170 1188,2110"/>
                    <TextEquiv>
                        <Unicode>Mikro¬</Unicode>
                    </TextEquiv>
                </Word>
                <TextEquiv>
                    <Unicode>dig gemeint, doch war sie so leise ins Mikro¬</Unicode>
                </TextEquiv>
            </TextLine>
            <TextLine id="tr_2_tl_33" custom="readingOrder {index:32;}">
                <Coords points="369,2230 1197,2190 1177,2153 989,2186 906,2160 371,2186"/>
                <Baseline points="376,2217 417,2215 458,2213 499,2211 540,2210 581,2208 622,2208 664,2205 705,2205 746,2202 787,2202 828,2200 869,2199 910,2197 952,2196 993,2195 1034,2193 1075,2192 1116,2190 1157,2187 1199,2187"/>
                <Word id="tr_2_tl_33_w1" custom="readingOrder {index:0;}">
                    <Coords points="366,2175 366,2235 440,2235 440,2175"/>
                    <TextEquiv>
                        <Unicode>phon</Unicode>
                    </TextEquiv>
                </Word>
                <Word id="tr_2_tl_33_w2" custom="readingOrder {index:1;}">
                    <Coords points="472,2171 472,2231 500,2231 500,2171"/>
                    <TextEquiv>
                        <Unicode>in</Unicode>
                    </TextEquiv>
                </Word>
                <Word id="tr_2_tl_33_w3" custom="readingOrder {index:2;}">
                    <Coords points="531,2168 531,2228 637,2228 637,2168"/>
                    <TextEquiv>
                        <Unicode>seiner</Unicode>
                    </TextEquiv>
                </Word>
                <Word id="tr_2_tl_33_w4" custom="readingOrder {index:3;}">
                    <Coords points="665,2164 665,2224 747,2224 747,2164"/>
                    <TextEquiv>
                        <Unicode>Loge</Unicode>
                    </TextEquiv>
                </Word>
                <Word id="tr_2_tl_33_w5" custom="readingOrder {index:4;}">
                    <Coords points="779,2158 779,2218 991,2218 991,2158"/>
                    <TextEquiv>
                        <Unicode>gesprochen,</Unicode>
                    </TextEquiv>
                </Word>
                <Word id="tr_2_tl_33_w6" custom="readingOrder {index:5;}">
                    <Coords points="1030,2152 1030,2212 1085,2212 1085,2152"/>
                    <TextEquiv>
                        <Unicode>daß</Unicode>
                    </TextEquiv>
                </Word>
                <Word id="tr_2_tl_33_w7" custom="readingOrder {index:6;}">
                    <Coords points="1140,2147 1140,2207 1191,2207 1191,2147"/>
                    <TextEquiv>
                        <Unicode>der</Unicode>
                    </TextEquiv>
                </Word>
                <TextEquiv>
                    <Unicode>phon in seiner Loge gesprochen, daß der</Unicode>
                </TextEquiv>
            </TextLine>
            <TextLine id="tr_2_tl_34" custom="readingOrder {index:33;}">
                <Coords points="364,2266 1194,2236 1174,2194 365,2230"/>
                <Baseline points="370,2253 411,2253 452,2253 493,2252 535,2249 576,2247 617,2247 659,2244 700,2244 741,2242 783,2241 824,2239 865,2238 906,2236 948,2235 989,2235 1030,2234 1072,2231 1113,2229 1154,2229 1196,2226"/>
                <Word id="tr_2_tl_34_w1" custom="readingOrder {index:0;}">
                    <Coords points="366,2213 366,2273 482,2273 482,2213"/>
                    <TextEquiv>
                        <Unicode>Klang,</Unicode>
                    </TextEquiv>
                </Word>
                <Word id="tr_2_tl_34_w2" custom="readingOrder {index:1;}">
                    <Coords points="499,2209 499,2269 551,2269 551,2209"/>
                    <TextEquiv>
                        <Unicode>den</Unicode>
                    </TextEquiv>
                </Word>
                <Word id="tr_2_tl_34_w3" custom="readingOrder {index:2;}">
                    <Coords points="579,2207 579,2267 623,2267 623,2207"/>
                    <TextEquiv>
                        <Unicode>dle</Unicode>
                    </TextEquiv>
                </Word>
                <Word id="tr_2_tl_34_w4" custom="readingOrder {index:3;}">
                    <Coords points="648,2204 648,2264 728,2264 728,2204"/>
                    <TextEquiv>
                        <Unicode>zwei</Unicode>
                    </TextEquiv>
                </Word>
                <Word id="tr_2_tl_34_w5" custom="readingOrder {index:4;}">
                    <Coords points="749,2195 749,2255 1091,2255 1091,2195"/>
                    <TextEquiv>
                        <Unicode>Bühnonmikrophone</Unicode>
                    </TextEquiv>
                </Word>
                <Word id="tr_2_tl_34_w6" custom="readingOrder {index:5;}">
                    <Coords points="1116,2189 1116,2249 1188,2249 1188,2189"/>
                    <TextEquiv>
                        <Unicode>auf¬</Unicode>
                    </TextEquiv>
                </Word>
                <TextEquiv>
                    <Unicode>Klang, den dle zwei Bühnonmikrophone auf¬</Unicode>
                </TextEquiv>
            </TextLine>
            <TextLine id="tr_2_tl_35" custom="readingOrder {index:34;}">
                <Coords points="370,2300 1192,2281 1194,2247 371,2268"/>
                <Baseline points="376,2295 417,2295 458,2293 499,2292 540,2291 581,2288 622,2286 663,2286 704,2283 745,2280 786,2280 827,2278 868,2277 909,2277 950,2276 991,2274 1032,2273 1073,2270 1114,2268 1155,2268 1196,2262"/>
                <Word id="tr_2_tl_35_w1" custom="readingOrder {index:0;}">
                    <Coords points="368,2254 368,2314 481,2314 481,2254"/>
                    <TextEquiv>
                        <Unicode>fingen,</Unicode>
                    </TextEquiv>
                </Word>
                <Word id="tr_2_tl_35_w2" custom="readingOrder {index:1;}">
                    <Coords points="498,2251 498,2311 538,2311 538,2251"/>
                    <TextEquiv>
                        <Unicode>sie</Unicode>
                    </TextEquiv>
                </Word>
                <Word id="tr_2_tl_35_w3" custom="readingOrder {index:2;}">
                    <Coords points="563,2246 563,2306 656,2306 656,2246"/>
                    <TextEquiv>
                        <Unicode>meist</Unicode>
                    </TextEquiv>
                </Word>
                <Word id="tr_2_tl_35_w4" custom="readingOrder {index:3;}">
                    <Coords points="677,2242 677,2302 758,2302 758,2242"/>
                    <TextEquiv>
                        <Unicode>stark</Unicode>
                    </TextEquiv>
                </Word>
                <Word id="tr_2_tl_35_w5" custom="readingOrder {index:4;}">
                    <Coords points="788,2237 788,2297 954,2297 954,2237"/>
                    <TextEquiv>
                        <Unicode>übertönte</Unicode>
                    </TextEquiv>
                </Word>
                <Word id="tr_2_tl_35_w6" custom="readingOrder {index:5;}">
                    <Coords points="983,2233 983,2293 1040,2293 1040,2233"/>
                    <TextEquiv>
                        <Unicode>und</Unicode>
                    </TextEquiv>
                </Word>
                <Word id="tr_2_tl_35_w7" custom="readingOrder {index:6;}">
                    <Coords points="1065,2229 1065,2289 1109,2289 1109,2229"/>
                    <TextEquiv>
                        <Unicode>die</Unicode>
                    </TextEquiv>
                </Word>
                <Word id="tr_2_tl_35_w8" custom="readingOrder {index:7;}">
                    <Coords points="1130,2226 1130,2286 1194,2286 1194,2226"/>
                    <TextEquiv>
                        <Unicode>Un¬</Unicode>
                    </TextEquiv>
                </Word>
                <TextEquiv>
                    <Unicode>fingen, sie meist stark übertönte und die Un¬</Unicode>
                </TextEquiv>
            </TextLine>
            <TextLine id="tr_2_tl_36" custom="readingOrder {index:35;}">
                <Coords points="364,2351 1202,2312 1203,2280 1141,2275 366,2302"/>
                <Baseline points="370,2334 411,2333 453,2331 495,2331 537,2331 578,2328 620,2325 662,2325 704,2323 745,2322 787,2320 829,2317 871,2316 912,2316 954,2315 996,2313 1038,2312 1079,2309 1121,2307 1163,2307 1205,2307"/>
                <Word id="tr_2_tl_36_w1" custom="readingOrder {index:0;}">
                    <Coords points="366,2291 366,2351 507,2351 507,2291"/>
                    <TextEquiv>
                        <Unicode>klarheit</Unicode>
                    </TextEquiv>
                </Word>
                <Word id="tr_2_tl_36_w2" custom="readingOrder {index:1;}">
                    <Coords points="552,2287 552,2347 628,2347 628,2287"/>
                    <TextEquiv>
                        <Unicode>noch</Unicode>
                    </TextEquiv>
                </Word>
                <Word id="tr_2_tl_36_w3" custom="readingOrder {index:2;}">
                    <Coords points="665,2282 665,2342 778,2342 778,2282"/>
                    <TextEquiv>
                        <Unicode>größer</Unicode>
                    </TextEquiv>
                </Word>
                <Word id="tr_2_tl_36_w4" custom="readingOrder {index:3;}">
                    <Coords points="811,2276 811,2336 932,2336 932,2276"/>
                    <TextEquiv>
                        <Unicode>wurde.</Unicode>
                    </TextEquiv>
                </Word>
                <Word id="tr_2_tl_36_w5" custom="readingOrder {index:4;}">
                    <Coords points="977,2273 977,2333 1013,2333 1013,2273"/>
                    <TextEquiv>
                        <Unicode>Es</Unicode>
                    </TextEquiv>
                </Word>
                <Word id="tr_2_tl_36_w6" custom="readingOrder {index:5;}">
                    <Coords points="1046,2269 1046,2329 1086,2329 1086,2269"/>
                    <TextEquiv>
                        <Unicode>ist</Unicode>
                    </TextEquiv>
                </Word>
                <Word id="tr_2_tl_36_w7" custom="readingOrder {index:6;}">
                    <Coords points="1115,2267 1115,2327 1187,2327 1187,2267"/>
                    <TextEquiv>
                        <Unicode>eben</Unicode>
                    </TextEquiv>
                </Word>
                <TextEquiv>
                    <Unicode>klarheit noch größer wurde. Es ist eben</Unicode>
                </TextEquiv>
            </TextLine>
            <TextLine id="tr_2_tl_37" custom="readingOrder {index:36;}">
                <Coords points="372,2389 1198,2357 1200,2313 374,2345"/>
                <Baseline points="379,2375 420,2373 461,2373 502,2372 543,2369 584,2367 625,2367 667,2364 708,2361 749,2361 790,2359 831,2356 872,2353 913,2354 955,2354 996,2351 1037,2349 1078,2349 1119,2349 1160,2346 1202,2346"/>
                <Word id="tr_2_tl_37_w1" custom="readingOrder {index:0;}">
                    <Coords points="369,2333 369,2393 486,2393 486,2333"/>
                    <TextEquiv>
                        <Unicode>heikel,</Unicode>
                    </TextEquiv>
                </Word>
                <Word id="tr_2_tl_37_w2" custom="readingOrder {index:1;}">
                    <Coords points="529,2327 529,2387 638,2387 638,2327"/>
                    <TextEquiv>
                        <Unicode>mitten</Unicode>
                    </TextEquiv>
                </Word>
                <Word id="tr_2_tl_37_w3" custom="readingOrder {index:2;}">
                    <Coords points="678,2320 678,2380 830,2380 830,2320"/>
                    <TextEquiv>
                        <Unicode>zwischen</Unicode>
                    </TextEquiv>
                </Word>
                <Word id="tr_2_tl_37_w4" custom="readingOrder {index:3;}">
                    <Coords points="865,2309 865,2369 1201,2369 1201,2309"/>
                    <TextEquiv>
                        <Unicode>Theaterbesuchern,</Unicode>
                    </TextEquiv>
                </Word>
                <TextEquiv>
                    <Unicode>heikel, mitten zwischen Theaterbesuchern,</Unicode>
                </TextEquiv>
            </TextLine>
            <TextLine id="tr_2_tl_38" custom="readingOrder {index:37;}">
                <Coords points="369,2425 1205,2396 1173,2353 371,2390"/>
                <Baseline points="376,2414 417,2413 459,2411 500,2410 542,2408 584,2408 625,2405 667,2402 708,2402 750,2400 792,2397 833,2396 875,2396 916,2395 958,2393 1000,2392 1041,2390 1083,2389 1124,2387 1166,2384 1208,2384"/>
                <Word id="tr_2_tl_38_w1" custom="readingOrder {index:0;}">
                    <Coords points="371,2373 371,2433 418,2433 418,2373"/>
                    <TextEquiv>
                        <Unicode>die</Unicode>
                    </TextEquiv>
                </Word>
                <Word id="tr_2_tl_38_w2" custom="readingOrder {index:1;}">
                    <Coords points="447,2370 447,2430 535,2430 535,2370"/>
                    <TextEquiv>
                        <Unicode>nicht</Unicode>
                    </TextEquiv>
                </Word>
                <Word id="tr_2_tl_38_w3" custom="readingOrder {index:2;}">
                    <Coords points="564,2365 564,2425 684,2425 684,2365"/>
                    <TextEquiv>
                        <Unicode>gestört</Unicode>
                    </TextEquiv>
                </Word>
                <Word id="tr_2_tl_38_w4" custom="readingOrder {index:3;}">
                    <Coords points="713,2360 713,2420 772,2420 772,2360"/>
                    <TextEquiv>
                        <Unicode>sein</Unicode>
                    </TextEquiv>
                </Word>
                <Word id="tr_2_tl_38_w5" custom="readingOrder {index:4;}">
                    <Coords points="805,2356 805,2416 929,2416 929,2356"/>
                    <TextEquiv>
                        <Unicode>wollen,</Unicode>
                    </TextEquiv>
                </Word>
                <Word id="tr_2_tl_38_w6" custom="readingOrder {index:5;}">
                    <Coords points="954,2352 954,2412 978,2412 978,2352"/>
                    <TextEquiv>
                        <Unicode>in</Unicode>
                    </TextEquiv>
                </Word>
                <Word id="tr_2_tl_38_w7" custom="readingOrder {index:6;}">
                    <Coords points="1010,2350 1010,2410 1062,2410 1062,2350"/>
                    <TextEquiv>
                        <Unicode>das</Unicode>
                    </TextEquiv>
                </Word>
                <Word id="tr_2_tl_38_w8" custom="readingOrder {index:7;}">
                    <Coords points="1091,2345 1091,2405 1191,2405 1191,2345"/>
                    <TextEquiv>
                        <Unicode>kleine</Unicode>
                    </TextEquiv>
                </Word>
                <TextEquiv>
                    <Unicode>die nicht gestört sein wollen, in das kleine</Unicode>
                </TextEquiv>
            </TextLine>
            <TextLine id="tr_2_tl_39" custom="readingOrder {index:38;}">
                <Coords points="379,2469 1202,2432 1203,2397 1150,2393 381,2427"/>
                <Baseline points="385,2453 426,2451 467,2450 508,2450 549,2449 590,2446 631,2444 672,2444 713,2441 754,2438 795,2438 836,2436 877,2435 918,2433 959,2432 1000,2431 1041,2428 1082,2426 1123,2426 1164,2426 1205,2426"/>
                <Word id="tr_2_tl_39_w1" custom="readingOrder {index:0;}">
                    <Coords points="376,2410 376,2470 616,2470 616,2410"/>
                    <TextEquiv>
                        <Unicode>Maschinenohr</Unicode>
                    </TextEquiv>
                </Word>
                <Word id="tr_2_tl_39_w2" custom="readingOrder {index:1;}">
                    <Coords points="664,2399 664,2459 790,2459 790,2399"/>
                    <TextEquiv>
                        <Unicode>flüstern</Unicode>
                    </TextEquiv>
                </Word>
                <Word id="tr_2_tl_39_w3" custom="readingOrder {index:2;}">
                    <Coords points="826,2395 826,2455 857,2455 857,2395"/>
                    <TextEquiv>
                        <Unicode>zu</Unicode>
                    </TextEquiv>
                </Word>
                <Word id="tr_2_tl_39_w4" custom="readingOrder {index:3;}">
                    <Coords points="893,2391 893,2451 1034,2451 1034,2391"/>
                    <TextEquiv>
                        <Unicode>müssen.</Unicode>
                    </TextEquiv>
                </Word>
                <Word id="tr_2_tl_39_w5" custom="readingOrder {index:4;}">
                    <Coords points="1067,2386 1067,2446 1078,2446 1078,2386"/>
                    <TextEquiv>
                        <Unicode>—</Unicode>
                    </TextEquiv>
                </Word>
                <Word id="tr_2_tl_39_w6" custom="readingOrder {index:5;}">
                    <Coords points="1137,2386 1137,2446 1196,2446 1196,2386"/>
                    <TextEquiv>
                        <Unicode>Der</Unicode>
                    </TextEquiv>
                </Word>
                <TextEquiv>
                    <Unicode>Maschinenohr flüstern zu müssen. — Der</Unicode>
                </TextEquiv>
            </TextLine>
            <TextLine id="tr_2_tl_40" custom="readingOrder {index:39;}">
                <Coords points="375,2505 1198,2479 1199,2443 1061,2430 377,2469"/>
                <Baseline points="382,2492 423,2492 464,2490 505,2489 546,2489 587,2488 628,2485 669,2483 710,2483 751,2480 792,2477 833,2475 874,2474 915,2472 956,2471 997,2470 1038,2468 1079,2468 1120,2468 1161,2465 1202,2462"/>
                <Word id="tr_2_tl_40_w1" custom="readingOrder {index:0;}">
                    <Coords points="372,2450 372,2510 528,2510 528,2450"/>
                    <TextEquiv>
                        <Unicode>Schwank</Unicode>
                    </TextEquiv>
                </Word>
                <Word id="tr_2_tl_40_w2" custom="readingOrder {index:1;}">
                    <Coords points="564,2446 564,2506 641,2506 641,2446"/>
                    <TextEquiv>
                        <Unicode>„Der</Unicode>
                    </TextEquiv>
                </Word>
                <Word id="tr_2_tl_40_w3" custom="readingOrder {index:2;}">
                    <Coords points="673,2439 673,2499 844,2499 844,2439"/>
                    <TextEquiv>
                        <Unicode>ungetreue</Unicode>
                    </TextEquiv>
                </Word>
                <Word id="tr_2_tl_40_w4" custom="readingOrder {index:3;}">
                    <Coords points="876,2430 876,2490 1051,2490 1051,2430"/>
                    <TextEquiv>
                        <Unicode>Eckehart“</Unicode>
                    </TextEquiv>
                </Word>
                <Word id="tr_2_tl_40_w5" custom="readingOrder {index:4;}">
                    <Coords points="1087,2426 1087,2486 1196,2486 1196,2426"/>
                    <TextEquiv>
                        <Unicode>unter¬</Unicode>
                    </TextEquiv>
                </Word>
                <TextEquiv>
                    <Unicode>Schwank „Der ungetreue Eckehart“ unter¬</Unicode>
                </TextEquiv>
            </TextLine>
            <TextLine id="tr_2_tl_41" custom="readingOrder {index:40;}">
                <Coords points="379,2543 1207,2519 1208,2480 1177,2472 381,2505"/>
                <Baseline points="385,2531 426,2533 467,2531 508,2530 550,2527 591,2525 632,2522 674,2522 715,2519 756,2519 798,2517 839,2514 880,2513 921,2513 963,2512 1004,2510 1045,2510 1087,2509 1128,2507 1169,2504 1211,2501"/>
                <Word id="tr_2_tl_41_w1" custom="readingOrder {index:0;}">
                    <Coords points="376,2492 376,2552 451,2552 451,2492"/>
                    <TextEquiv>
                        <Unicode>hielt</Unicode>
                    </TextEquiv>
                </Word>
                <Word id="tr_2_tl_41_w2" custom="readingOrder {index:1;}">
                    <Coords points="478,2489 478,2549 553,2549 553,2489"/>
                    <TextEquiv>
                        <Unicode>uns,</Unicode>
                    </TextEquiv>
                </Word>
                <Word id="tr_2_tl_41_w3" custom="readingOrder {index:2;}">
                    <Coords points="596,2483 596,2543 627,2543 627,2483"/>
                    <TextEquiv>
                        <Unicode>es</Unicode>
                    </TextEquiv>
                </Word>
                <Word id="tr_2_tl_41_w4" custom="readingOrder {index:3;}">
                    <Coords points="655,2481 655,2541 706,2541 706,2481"/>
                    <TextEquiv>
                        <Unicode>sei</Unicode>
                    </TextEquiv>
                </Word>
                <Word id="tr_2_tl_41_w5" custom="readingOrder {index:4;}">
                    <Coords points="734,2477 734,2537 828,2537 828,2477"/>
                    <TextEquiv>
                        <Unicode>gleich</Unicode>
                    </TextEquiv>
                </Word>
                <Word id="tr_2_tl_41_w6" custom="readingOrder {index:5;}">
                    <Coords points="863,2471 863,2531 1075,2531 1075,2471"/>
                    <TextEquiv>
                        <Unicode>festgestellt,</Unicode>
                    </TextEquiv>
                </Word>
                <Word id="tr_2_tl_41_w7" custom="readingOrder {index:6;}">
                    <Coords points="1119,2464 1119,2524 1197,2524 1197,2464"/>
                    <TextEquiv>
                        <Unicode>ganz</Unicode>
                    </TextEquiv>
                </Word>
                <TextEquiv>
                    <Unicode>hielt uns, es sei gleich festgestellt, ganz</Unicode>
                </TextEquiv>
            </TextLine>
            <TextLine id="tr_2_tl_42" custom="readingOrder {index:41;}">
                <Coords points="378,2584 1215,2560 1216,2520 1171,2511 381,2542"/>
                <Baseline points="385,2575 426,2571 468,2570 509,2569 551,2567 593,2567 634,2564 676,2561 717,2561 759,2559 801,2558 842,2556 884,2555 925,2554 967,2551 1009,2549 1050,2548 1092,2546 1133,2546 1175,2543 1217,2546"/>
                <Word id="tr_2_tl_42_w1" custom="readingOrder {index:0;}">
                    <Coords points="376,2530 376,2590 496,2590 496,2530"/>
                    <TextEquiv>
                        <Unicode>famos.</Unicode>
                    </TextEquiv>
                </Word>
                <Word id="tr_2_tl_42_w2" custom="readingOrder {index:1;}">
                    <Coords points="512,2527 512,2587 560,2587 560,2527"/>
                    <TextEquiv>
                        <Unicode>Die</Unicode>
                    </TextEquiv>
                </Word>
                <Word id="tr_2_tl_42_w3" custom="readingOrder {index:2;}">
                    <Coords points="589,2521 589,2581 753,2581 753,2521"/>
                    <TextEquiv>
                        <Unicode>Handlung</Unicode>
                    </TextEquiv>
                </Word>
                <Word id="tr_2_tl_42_w4" custom="readingOrder {index:3;}">
                    <Coords points="782,2516 782,2576 887,2576 887,2516"/>
                    <TextEquiv>
                        <Unicode>leistet</Unicode>
                    </TextEquiv>
                </Word>
                <Word id="tr_2_tl_42_w5" custom="readingOrder {index:4;}">
                    <Coords points="911,2512 911,2572 971,2572 971,2512"/>
                    <TextEquiv>
                        <Unicode>sich</Unicode>
                    </TextEquiv>
                </Word>
                <Word id="tr_2_tl_42_w6" custom="readingOrder {index:5;}">
                    <Coords points="1000,2508 1000,2568 1043,2568 1043,2508"/>
                    <TextEquiv>
                        <Unicode>die</Unicode>
                    </TextEquiv>
                </Word>
                <Word id="tr_2_tl_42_w7" custom="readingOrder {index:6;}">
                    <Coords points="1068,2506 1068,2566 1192,2566 1192,2506"/>
                    <TextEquiv>
                        <Unicode>tollsten</Unicode>
                    </TextEquiv>
                </Word>
                <TextEquiv>
                    <Unicode>famos. Die Handlung leistet sich die tollsten</Unicode>
                </TextEquiv>
            </TextLine>
            <TextLine id="tr_2_tl_43" custom="readingOrder {index:42;}">
                <Coords points="383,2621 1211,2597 1212,2558 1148,2550 384,2582"/>
                <Baseline points="388,2611 429,2611 470,2610 511,2608 553,2607 594,2605 635,2602 677,2602 718,2599 759,2599 801,2597 842,2594 883,2593 924,2591 966,2590 1007,2589 1048,2586 1090,2584 1131,2584 1172,2584 1214,2581"/>
                <Word id="tr_2_tl_43_w1" custom="readingOrder {index:0;}">
                    <Coords points="380,2567 380,2627 690,2627 690,2567"/>
                    <TextEquiv>
                        <Unicode>Unmöglichkeiten,</Unicode>
                    </TextEquiv>
                </Word>
                <Word id="tr_2_tl_43_w2" custom="readingOrder {index:1;}">
                    <Coords points="710,2559 710,2619 784,2619 784,2559"/>
                    <TextEquiv>
                        <Unicode>aber</Unicode>
                    </TextEquiv>
                </Word>
                <Word id="tr_2_tl_43_w3" custom="readingOrder {index:2;}">
                    <Coords points="809,2554 809,2614 851,2614 851,2554"/>
                    <TextEquiv>
                        <Unicode>sie</Unicode>
                    </TextEquiv>
                </Word>
                <Word id="tr_2_tl_43_w4" custom="readingOrder {index:3;}">
                    <Coords points="875,2550 875,2610 1001,2610 1001,2550"/>
                    <TextEquiv>
                        <Unicode>kämpft</Unicode>
                    </TextEquiv>
                </Word>
                <Word id="tr_2_tl_43_w5" custom="readingOrder {index:4;}">
                    <Coords points="1025,2544 1025,2604 1119,2604 1119,2544"/>
                    <TextEquiv>
                        <Unicode>gegen</Unicode>
                    </TextEquiv>
                </Word>
                <Word id="tr_2_tl_43_w6" custom="readingOrder {index:5;}">
                    <Coords points="1147,2543 1147,2603 1201,2603 1201,2543"/>
                    <TextEquiv>
                        <Unicode>das</Unicode>
                    </TextEquiv>
                </Word>
                <TextEquiv>
                    <Unicode>Unmöglichkeiten, aber sie kämpft gegen das</Unicode>
                </TextEquiv>
            </TextLine>
            <TextLine id="tr_2_tl_44" custom="readingOrder {index:43;}">
                <Coords points="385,2664 1132,2646 1207,2631 1209,2594 386,2622"/>
                <Baseline points="391,2653 432,2651 473,2648 514,2647 555,2646 596,2643 637,2641 678,2641 719,2641 760,2638 801,2635 842,2633 883,2632 924,2630 965,2629 1006,2628 1047,2626 1088,2626 1129,2626 1170,2623 1211,2620"/>
                <Word id="tr_2_tl_44_w1" custom="readingOrder {index:0;}">
                    <Coords points="382,2609 382,2669 514,2669 514,2609"/>
                    <TextEquiv>
                        <Unicode>logische</Unicode>
                    </TextEquiv>
                </Word>
                <Word id="tr_2_tl_44_w2" custom="readingOrder {index:1;}">
                    <Coords points="537,2602 537,2662 695,2662 695,2602"/>
                    <TextEquiv>
                        <Unicode>Gewissen</Unicode>
                    </TextEquiv>
                </Word>
                <Word id="tr_2_tl_44_w3" custom="readingOrder {index:2;}">
                    <Coords points="722,2598 722,2658 775,2658 775,2598"/>
                    <TextEquiv>
                        <Unicode>mit</Unicode>
                    </TextEquiv>
                </Word>
                <Word id="tr_2_tl_44_w4" custom="readingOrder {index:3;}">
                    <Coords points="798,2593 798,2653 881,2653 881,2593"/>
                    <TextEquiv>
                        <Unicode>einer</Unicode>
                    </TextEquiv>
                </Word>
                <Word id="tr_2_tl_44_w5" custom="readingOrder {index:4;}">
                    <Coords points="900,2587 900,2647 1115,2647 1115,2587"/>
                    <TextEquiv>
                        <Unicode>treffsicheren</Unicode>
                    </TextEquiv>
                </Word>
                <Word id="tr_2_tl_44_w6" custom="readingOrder {index:5;}">
                    <Coords points="1142,2582 1142,2642 1202,2642 1202,2582"/>
                    <TextEquiv>
                        <Unicode>Ar¬</Unicode>
                    </TextEquiv>
                </Word>
                <TextEquiv>
                    <Unicode>logische Gewissen mit einer treffsicheren Ar¬</Unicode>
                </TextEquiv>
            </TextLine>
            <TextLine id="tr_2_tl_45" custom="readingOrder {index:44;}">
                <Coords points="384,2700 1212,2679 1188,2627 385,2669"/>
                <Baseline points="391,2692 432,2689 473,2689 514,2688 555,2685 596,2683 637,2683 679,2680 720,2680 761,2677 802,2677 843,2675 884,2672 925,2671 967,2670 1008,2667 1049,2665 1090,2665 1131,2665 1172,2662 1214,2662"/>
                <Word id="tr_2_tl_45_w1" custom="readingOrder {index:0;}">
                    <Coords points="381,2649 381,2709 467,2709 467,2649"/>
                    <TextEquiv>
                        <Unicode>mada</Unicode>
                    </TextEquiv>
                </Word>
                <Word id="tr_2_tl_45_w2" custom="readingOrder {index:1;}">
                    <Coords points="503,2646 503,2706 554,2706 554,2646"/>
                    <TextEquiv>
                        <Unicode>von</Unicode>
                    </TextEquiv>
                </Word>
                <Word id="tr_2_tl_45_w3" custom="readingOrder {index:2;}">
                    <Coords points="593,2640 593,2700 798,2700 798,2640"/>
                    <TextEquiv>
                        <Unicode>Gelächtern.</Unicode>
                    </TextEquiv>
                </Word>
                <Word id="tr_2_tl_45_w4" custom="readingOrder {index:3;}">
                    <Coords points="841,2631 841,2691 951,2691 951,2631"/>
                    <TextEquiv>
                        <Unicode>Einige</Unicode>
                    </TextEquiv>
                </Word>
                <Word id="tr_2_tl_45_w5" custom="readingOrder {index:4;}">
                    <Coords points="987,2625 987,2685 1100,2685 1100,2625"/>
                    <TextEquiv>
                        <Unicode>Stellen</Unicode>
                    </TextEquiv>
                </Word>
                <Word id="tr_2_tl_45_w6" custom="readingOrder {index:5;}">
                    <Coords points="1136,2622 1136,2682 1198,2682 1198,2622"/>
                    <TextEquiv>
                        <Unicode>sind</Unicode>
                    </TextEquiv>
                </Word>
                <TextEquiv>
                    <Unicode>mada von Gelächtern. Einige Stellen sind</Unicode>
                </TextEquiv>
            </TextLine>
            <TextLine id="tr_2_tl_46" custom="readingOrder {index:45;}">
                <Coords points="382,2751 1212,2715 1213,2680 1169,2671 384,2700"/>
                <Baseline points="388,2731 429,2730 470,2728 511,2727 553,2725 594,2725 635,2722 677,2722 718,2722 759,2717 801,2716 842,2716 883,2712 924,2710 966,2710 1007,2709 1048,2707 1090,2706 1131,2704 1172,2704 1214,2701"/>
                <Word id="tr_2_tl_46_w1" custom="readingOrder {index:0;}">
                    <Coords points="384,2687 384,2747 565,2747 565,2687"/>
                    <TextEquiv>
                        <Unicode>hinreißend</Unicode>
                    </TextEquiv>
                </Word>
                <Word id="tr_2_tl_46_w2" custom="readingOrder {index:1;}">
                    <Coords points="602,2682 602,2742 695,2742 695,2682"/>
                    <TextEquiv>
                        <Unicode>lustig</Unicode>
                    </TextEquiv>
                </Word>
                <Word id="tr_2_tl_46_w3" custom="readingOrder {index:2;}">
                    <Coords points="732,2677 732,2737 780,2737 780,2677"/>
                    <TextEquiv>
                        <Unicode>bei</Unicode>
                    </TextEquiv>
                </Word>
                <Word id="tr_2_tl_46_w4" custom="readingOrder {index:3;}">
                    <Coords points="809,2675 809,2735 881,2735 881,2675"/>
                    <TextEquiv>
                        <Unicode>aller</Unicode>
                    </TextEquiv>
                </Word>
                <Word id="tr_2_tl_46_w5" custom="readingOrder {index:4;}">
                    <Coords points="914,2668 914,2728 1108,2728 1108,2668"/>
                    <TextEquiv>
                        <Unicode>Kuriosität.</Unicode>
                    </TextEquiv>
                </Word>
                <Word id="tr_2_tl_46_w6" custom="readingOrder {index:5;}">
                    <Coords points="1145,2663 1145,2723 1205,2723 1205,2663"/>
                    <TextEquiv>
                        <Unicode>Das</Unicode>
                    </TextEquiv>
                </Word>
                <TextEquiv>
                    <Unicode>hinreißend lustig bei aller Kuriosität. Das</Unicode>
                </TextEquiv>
            </TextLine>
            <TextLine id="tr_2_tl_47" custom="readingOrder {index:46;}">
                <Coords points="355,2798 1091,2828 1182,2816 1182,2773 354,2753"/>
                <Baseline points="361,2793 402,2793 443,2793 484,2793 525,2793 567,2793 608,2793 649,2794 690,2796 731,2796 773,2796 814,2796 855,2796 896,2796 937,2799 979,2799 1020,2799 1061,2801 1102,2802 1143,2802 1185,2802"/>
                <Word id="tr_2_tl_47_w1" custom="readingOrder {index:0;}">
                    <Coords points="356,2753 356,2813 460,2813 460,2753"/>
                    <TextEquiv>
                        <Unicode>kosten</Unicode>
                    </TextEquiv>
                </Word>
                <Word id="tr_2_tl_47_w2" custom="readingOrder {index:1;}">
                    <Coords points="490,2753 490,2813 554,2813 554,2753"/>
                    <TextEquiv>
                        <Unicode>bei,</Unicode>
                    </TextEquiv>
                </Word>
                <Word id="tr_2_tl_47_w3" custom="readingOrder {index:2;}">
                    <Coords points="570,2753 570,2813 602,2813 602,2753"/>
                    <TextEquiv>
                        <Unicode>um</Unicode>
                    </TextEquiv>
                </Word>
                <Word id="tr_2_tl_47_w4" custom="readingOrder {index:3;}">
                    <Coords points="644,2756 644,2816 744,2816 744,2756"/>
                    <TextEquiv>
                        <Unicode>seinem</Unicode>
                    </TextEquiv>
                </Word>
                <Word id="tr_2_tl_47_w5" custom="readingOrder {index:4;}">
                    <Coords points="786,2756 786,2816 906,2816 906,2756"/>
                    <TextEquiv>
                        <Unicode>Pariser</Unicode>
                    </TextEquiv>
                </Word>
                <Word id="tr_2_tl_47_w6" custom="readingOrder {index:5;}">
                    <Coords points="932,2759 932,2819 1069,2819 1069,2759"/>
                    <TextEquiv>
                        <Unicode>Erstling</Unicode>
                    </TextEquiv>
                </Word>
                <Word id="tr_2_tl_47_w7" custom="readingOrder {index:6;}">
                    <Coords points="1094,2762 1094,2822 1178,2822 1178,2762"/>
                    <TextEquiv>
                        <Unicode>einen</Unicode>
                    </TextEquiv>
                </Word>
                <TextEquiv>
                    <Unicode>kosten bei, um seinem Pariser Erstling einen</Unicode>
                </TextEquiv>
            </TextLine>
            <TextLine id="tr_2_tl_48" custom="readingOrder {index:47;}">
                <Coords points="361,2844 1190,2851 1190,2823 1137,2809 1074,2832 993,2806 361,2807"/>
                <Baseline points="367,2838 408,2835 449,2835 490,2835 532,2835 573,2837 614,2838 656,2838 697,2838 738,2838 780,2838 821,2838 862,2838 903,2838 945,2841 986,2841 1027,2841 1069,2843 1110,2844 1151,2844 1193,2844"/>
                <Word id="tr_2_tl_48_w1" custom="readingOrder {index:0;}">
                    <Coords points="354,2795 354,2855 469,2855 469,2795"/>
                    <TextEquiv>
                        <Unicode>glatten</Unicode>
                    </TextEquiv>
                </Word>
                <Word id="tr_2_tl_48_w2" custom="readingOrder {index:1;}">
                    <Coords points="521,2798 521,2858 707,2858 707,2798"/>
                    <TextEquiv>
                        <Unicode>Stapellauf</Unicode>
                    </TextEquiv>
                </Word>
                <Word id="tr_2_tl_48_w3" custom="readingOrder {index:2;}">
                    <Coords points="751,2798 751,2858 782,2858 782,2798"/>
                    <TextEquiv>
                        <Unicode>zu</Unicode>
                    </TextEquiv>
                </Word>
                <Word id="tr_2_tl_48_w4" custom="readingOrder {index:3;}">
                    <Coords points="830,2801 830,2861 1064,2861 1064,2801"/>
                    <TextEquiv>
                        <Unicode>ermöglichen.</Unicode>
                    </TextEquiv>
                </Word>
                <Word id="tr_2_tl_48_w5" custom="readingOrder {index:4;}">
                    <Coords points="1124,2804 1124,2864 1187,2864 1187,2804"/>
                    <TextEquiv>
                        <Unicode>Das</Unicode>
                    </TextEquiv>
                </Word>
                <TextEquiv>
                    <Unicode>glatten Stapellauf zu ermöglichen. Das</Unicode>
                </TextEquiv>
            </TextLine>
            <TextLine id="tr_2_tl_49" custom="readingOrder {index:48;}">
                <Coords points="363,2884 1082,2902 1184,2897 1183,2864 361,2846"/>
                <Baseline points="367,2874 408,2874 449,2877 490,2877 531,2877 572,2877 613,2877 654,2877 695,2877 736,2877 777,2877 818,2880 859,2880 900,2880 941,2882 982,2883 1023,2881 1064,2880 1105,2881 1146,2883 1187,2880"/>
                <Word id="tr_2_tl_49_w1" custom="readingOrder {index:0;}">
                    <Coords points="358,2834 358,2894 442,2894 442,2834"/>
                    <TextEquiv>
                        <Unicode>Stück</Unicode>
                    </TextEquiv>
                </Word>
                <Word id="tr_2_tl_49_w2" custom="readingOrder {index:1;}">
                    <Coords points="479,2837 479,2897 586,2897 586,2837"/>
                    <TextEquiv>
                        <Unicode>wurde</Unicode>
                    </TextEquiv>
                </Word>
                <Word id="tr_2_tl_49_w3" custom="readingOrder {index:2;}">
                    <Coords points="616,2837 616,2897 661,2897 661,2837"/>
                    <TextEquiv>
                        <Unicode>ein</Unicode>
                    </TextEquiv>
                </Word>
                <Word id="tr_2_tl_49_w4" custom="readingOrder {index:3;}">
                    <Coords points="698,2840 698,2900 956,2900 956,2840"/>
                    <TextEquiv>
                        <Unicode>Bombenerfolg.</Unicode>
                    </TextEquiv>
                </Word>
                <Word id="tr_2_tl_49_w5" custom="readingOrder {index:4;}">
                    <Coords points="1001,2840 1001,2900 1182,2900 1182,2840"/>
                    <TextEquiv>
                        <Unicode>Meyerbeer</Unicode>
                    </TextEquiv>
                </Word>
                <TextEquiv>
                    <Unicode>Stück wurde ein Bombenerfolg. Meyerbeer</Unicode>
                </TextEquiv>
            </TextLine>
            <TextLine id="tr_2_tl_50" custom="readingOrder {index:49;}">
                <Coords points="358,2931 1184,2940 1184,2898 1100,2893 358,2900"/>
                <Baseline points="364,2916 405,2919 446,2919 487,2919 528,2919 569,2921 610,2920 652,2919 693,2920 734,2922 775,2922 816,2922 857,2922 898,2922 940,2922 981,2922 1022,2924 1063,2925 1104,2925 1145,2926 1187,2928"/>
                <Word id="tr_2_tl_50_w1" custom="readingOrder {index:0;}">
                    <Coords points="355,2878 355,2938 434,2938 434,2878"/>
                    <TextEquiv>
                        <Unicode>war,</Unicode>
                    </TextEquiv>
                </Word>
                <Word id="tr_2_tl_50_w2" custom="readingOrder {index:1;}">
                    <Coords points="450,2879 450,2939 510,2939 510,2879"/>
                    <TextEquiv>
                        <Unicode>was</Unicode>
                    </TextEquiv>
                </Word>
                <Word id="tr_2_tl_50_w3" custom="readingOrder {index:2;}">
                    <Coords points="533,2879 533,2939 559,2939 559,2879"/>
                    <TextEquiv>
                        <Unicode>er</Unicode>
                    </TextEquiv>
                </Word>
                <Word id="tr_2_tl_50_w4" custom="readingOrder {index:3;}">
                    <Coords points="579,2879 579,2939 707,2939 707,2879"/>
                    <TextEquiv>
                        <Unicode>gewollt</Unicode>
                    </TextEquiv>
                </Word>
                <Word id="tr_2_tl_50_w5" custom="readingOrder {index:4;}">
                    <Coords points="726,2882 726,2942 833,2942 833,2882"/>
                    <TextEquiv>
                        <Unicode>hatte:</Unicode>
                    </TextEquiv>
                </Word>
                <Word id="tr_2_tl_50_w6" custom="readingOrder {index:5;}">
                    <Coords points="852,2883 852,2943 1189,2943 1189,2883"/>
                    <TextEquiv>
                        <Unicode>Publikumsliebling.</Unicode>
                    </TextEquiv>
                </Word>
                <TextEquiv>
                    <Unicode>war, was er gewollt hatte: Publikumsliebling.</Unicode>
                </TextEquiv>
            </TextLine>
            <TextLine id="tr_2_tl_51" custom="readingOrder {index:50;}">
                <Coords points="402,2970 1182,2981 1182,2943 1114,2932 933,2953 402,2928"/>
                <Baseline points="408,2961 446,2961 485,2961 524,2961 563,2961 602,2961 641,2961 679,2961 718,2964 757,2964 796,2964 835,2964 874,2964 913,2964 951,2964 990,2964 1029,2964 1068,2966 1107,2967 1146,2966 1185,2967"/>
                <Word id="tr_2_tl_51_w1" custom="readingOrder {index:0;}">
                    <Coords points="400,2921 400,2981 460,2981 460,2921"/>
                    <TextEquiv>
                        <Unicode>Für</Unicode>
                    </TextEquiv>
                </Word>
                <Word id="tr_2_tl_51_w2" custom="readingOrder {index:1;}">
                    <Coords points="489,2921 489,2981 829,2981 829,2921"/>
                    <TextEquiv>
                        <Unicode>Publikumslieblinge</Unicode>
                    </TextEquiv>
                </Word>
                <Word id="tr_2_tl_51_w3" custom="readingOrder {index:2;}">
                    <Coords points="858,2924 858,2984 914,2984 914,2924"/>
                    <TextEquiv>
                        <Unicode>hat</Unicode>
                    </TextEquiv>
                </Word>
                <Word id="tr_2_tl_51_w4" custom="readingOrder {index:3;}">
                    <Coords points="944,2924 944,2984 996,2984 996,2924"/>
                    <TextEquiv>
                        <Unicode>der</Unicode>
                    </TextEquiv>
                </Word>
                <Word id="tr_2_tl_51_w5" custom="readingOrder {index:4;}">
                    <Coords points="1029,2926 1029,2986 1182,2986 1182,2926"/>
                    <TextEquiv>
                        <Unicode>Theater¬</Unicode>
                    </TextEquiv>
                </Word>
                <TextEquiv>
                    <Unicode>Für Publikumslieblinge hat der Theater¬</Unicode>
                </TextEquiv>
            </TextLine>
            <TextLine id="tr_2_tl_52" custom="readingOrder {index:51;}">
                <Coords points="365,3015 1187,3024 1181,2975 365,2969"/>
                <Baseline points="370,3002 411,3002 452,3002 493,3000 534,3001 575,3002 616,3002 657,3002 698,3003 739,3005 780,3005 821,3002 862,3002 903,3002 944,3004 985,3005 1026,3007 1067,3008 1108,3008 1149,3008 1190,3011"/>
                <Word id="tr_2_tl_52_w1" custom="readingOrder {index:0;}">
                    <Coords points="362,2962 362,3022 483,3022 483,2962"/>
                    <TextEquiv>
                        <Unicode>kassier</Unicode>
                    </TextEquiv>
                </Word>
                <Word id="tr_2_tl_52_w2" custom="readingOrder {index:1;}">
                    <Coords points="531,2962 531,3022 687,3022 687,2962"/>
                    <TextEquiv>
                        <Unicode>natürlich</Unicode>
                    </TextEquiv>
                </Word>
                <Word id="tr_2_tl_52_w3" custom="readingOrder {index:2;}">
                    <Coords points="742,2963 742,3023 851,3023 851,2963"/>
                    <TextEquiv>
                        <Unicode>immer</Unicode>
                    </TextEquiv>
                </Word>
                <Word id="tr_2_tl_52_w4" custom="readingOrder {index:3;}">
                    <Coords points="883,2962 883,3022 945,3022 945,2962"/>
                    <TextEquiv>
                        <Unicode>viel</Unicode>
                    </TextEquiv>
                </Word>
                <Word id="tr_2_tl_52_w5" custom="readingOrder {index:4;}">
                    <Coords points="973,2966 973,3026 1078,3026 1078,2966"/>
                    <TextEquiv>
                        <Unicode>übrig.</Unicode>
                    </TextEquiv>
                </Word>
                <Word id="tr_2_tl_52_w6" custom="readingOrder {index:5;}">
                    <Coords points="1110,2968 1110,3028 1176,3028 1176,2968"/>
                    <TextEquiv>
                        <Unicode>Und</Unicode>
                    </TextEquiv>
                </Word>
                <TextEquiv>
                    <Unicode>kassier natürlich immer viel übrig. Und</Unicode>
                </TextEquiv>
            </TextLine>
            <TextLine id="tr_2_tl_53" custom="readingOrder {index:52;}">
                <Coords points="366,3050 1124,3069 1177,3058 1176,3024 365,3021"/>
                <Baseline points="370,3041 410,3041 450,3041 491,3043 531,3044 572,3044 612,3044 653,3044 693,3044 734,3044 774,3044 814,3044 855,3044 895,3044 936,3046 976,3047 1017,3047 1057,3048 1098,3050 1138,3050 1179,3047"/>
                <Word id="tr_2_tl_53_w1" custom="readingOrder {index:0;}">
                    <Coords points="358,3003 358,3063 674,3063 674,3003"/>
                    <TextEquiv>
                        <Unicode>selbstverständlich</Unicode>
                    </TextEquiv>
                </Word>
                <Word id="tr_2_tl_53_w2" custom="readingOrder {index:1;}">
                    <Coords points="713,3004 713,3064 789,3064 789,3004"/>
                    <TextEquiv>
                        <Unicode>auch</Unicode>
                    </TextEquiv>
                </Word>
                <Word id="tr_2_tl_53_w3" custom="readingOrder {index:2;}">
                    <Coords points="828,3004 828,3064 896,3064 896,3004"/>
                    <TextEquiv>
                        <Unicode>jede</Unicode>
                    </TextEquiv>
                </Word>
                <Word id="tr_2_tl_53_w4" custom="readingOrder {index:3;}">
                    <Coords points="930,3007 930,3067 1182,3067 1182,3007"/>
                    <TextEquiv>
                        <Unicode>Theaterdirek-</Unicode>
                    </TextEquiv>
                </Word>
                <TextEquiv>
                    <Unicode>selbstverständlich auch jede Theaterdirek-</Unicode>
                </TextEquiv>
            </TextLine>
            <TextLine id="tr_2_tl_54" custom="readingOrder {index:53;}">
                <Coords points="367,3100 1180,3104 1180,3070 1102,3061 367,3049"/>
                <Baseline points="373,3086 413,3083 453,3085 494,3086 534,3086 575,3086 615,3086 656,3086 696,3086 737,3086 777,3089 817,3086 858,3086 898,3088 939,3089 979,3089 1020,3089 1060,3089 1101,3090 1141,3092 1182,3092"/>
                <Word id="tr_2_tl_54_w1" custom="readingOrder {index:0;}">
                    <Coords points="360,3044 360,3104 437,3104 437,3044"/>
                    <TextEquiv>
                        <Unicode>tion,</Unicode>
                    </TextEquiv>
                </Word>
                <Word id="tr_2_tl_54_w2" custom="readingOrder {index:1;}">
                    <Coords points="452,3046 452,3106 540,3106 540,3046"/>
                    <TextEquiv>
                        <Unicode>deren</Unicode>
                    </TextEquiv>
                </Word>
                <Word id="tr_2_tl_54_w3" custom="readingOrder {index:2;}">
                    <Coords points="569,3046 569,3106 657,3106 657,3046"/>
                    <TextEquiv>
                        <Unicode>Liebe</Unicode>
                    </TextEquiv>
                </Word>
                <Word id="tr_2_tl_54_w4" custom="readingOrder {index:3;}">
                    <Coords points="683,3046 683,3106 734,3106 734,3046"/>
                    <TextEquiv>
                        <Unicode>zum</Unicode>
                    </TextEquiv>
                </Word>
                <Word id="tr_2_tl_54_w5" custom="readingOrder {index:4;}">
                    <Coords points="775,3046 775,3106 870,3106 870,3046"/>
                    <TextEquiv>
                        <Unicode>Autor</Unicode>
                    </TextEquiv>
                </Word>
                <Word id="tr_2_tl_54_w6" custom="readingOrder {index:5;}">
                    <Coords points="892,3048 892,3108 984,3108 984,3048"/>
                    <TextEquiv>
                        <Unicode>durch</Unicode>
                    </TextEquiv>
                </Word>
                <Word id="tr_2_tl_54_w7" custom="readingOrder {index:6;}">
                    <Coords points="1013,3049 1013,3109 1057,3109 1057,3049"/>
                    <TextEquiv>
                        <Unicode>die</Unicode>
                    </TextEquiv>
                </Word>
                <Word id="tr_2_tl_54_w8" custom="readingOrder {index:7;}">
                    <Coords points="1076,3051 1076,3111 1174,3111 1174,3051"/>
                    <TextEquiv>
                        <Unicode>Kassa</Unicode>
                    </TextEquiv>
                </Word>
                <TextEquiv>
                    <Unicode>tion, deren Liebe zum Autor durch die Kassa</Unicode>
                </TextEquiv>
            </TextLine>
            <TextLine id="tr_2_tl_55" custom="readingOrder {index:54;}">
                <Coords points="361,3138 1187,3145 1168,3098 361,3106"/>
                <Baseline points="367,3131 408,3125 449,3128 490,3126 531,3125 572,3127 613,3128 655,3128 696,3128 737,3128 778,3128 819,3128 860,3128 901,3131 943,3131 984,3131 1025,3131 1066,3131 1107,3133 1148,3134 1190,3137"/>
                <Word id="tr_2_tl_55_w1" custom="readingOrder {index:0;}">
                    <Coords points="354,3086 354,3146 438,3146 438,3086"/>
                    <TextEquiv>
                        <Unicode>geht.</Unicode>
                    </TextEquiv>
                </Word>
                <Word id="tr_2_tl_55_w2" custom="readingOrder {index:1;}">
                    <Coords points="465,3085 465,3145 534,3145 534,3085"/>
                    <TextEquiv>
                        <Unicode>Man</Unicode>
                    </TextEquiv>
                </Word>
                <Word id="tr_2_tl_55_w3" custom="readingOrder {index:2;}">
                    <Coords points="572,3088 572,3148 675,3148 675,3088"/>
                    <TextEquiv>
                        <Unicode>wollte</Unicode>
                    </TextEquiv>
                </Word>
                <Word id="tr_2_tl_55_w4" custom="readingOrder {index:3;}">
                    <Coords points="706,3088 706,3148 767,3148 767,3088"/>
                    <TextEquiv>
                        <Unicode>also</Unicode>
                    </TextEquiv>
                </Word>
                <Word id="tr_2_tl_55_w5" custom="readingOrder {index:4;}">
                    <Coords points="802,3088 802,3148 855,3148 855,3088"/>
                    <TextEquiv>
                        <Unicode>den</Unicode>
                    </TextEquiv>
                </Word>
                <Word id="tr_2_tl_55_w6" custom="readingOrder {index:5;}">
                    <Coords points="886,3091 886,3151 1039,3151 1039,3091"/>
                    <TextEquiv>
                        <Unicode>goldenen</Unicode>
                    </TextEquiv>
                </Word>
                <Word id="tr_2_tl_55_w7" custom="readingOrder {index:6;}">
                    <Coords points="1074,3093 1074,3153 1184,3153 1184,3093"/>
                    <TextEquiv>
                        <Unicode>Vogel,</Unicode>
                    </TextEquiv>
                </Word>
                <TextEquiv>
                    <Unicode>geht. Man wollte also den goldenen Vogel,</Unicode>
                </TextEquiv>
            </TextLine>
            <TextLine id="tr_2_tl_56" custom="readingOrder {index:55;}">
                <Coords points="359,3182 1185,3190 1184,3147 1124,3143 358,3138"/>
                <Baseline points="364,3166 405,3166 446,3166 487,3166 528,3166 569,3166 610,3168 652,3169 693,3169 734,3169 775,3169 816,3169 857,3169 898,3169 940,3169 981,3171 1022,3172 1063,3172 1104,3172 1145,3173 1187,3175"/>
                <Word id="tr_2_tl_56_w1" custom="readingOrder {index:0;}">
                    <Coords points="354,3126 354,3186 402,3186 402,3126"/>
                    <TextEquiv>
                        <Unicode>als</Unicode>
                    </TextEquiv>
                </Word>
                <Word id="tr_2_tl_56_w2" custom="readingOrder {index:1;}">
                    <Coords points="450,3126 450,3186 583,3186 583,3126"/>
                    <TextEquiv>
                        <Unicode>welcher</Unicode>
                    </TextEquiv>
                </Word>
                <Word id="tr_2_tl_56_w3" custom="readingOrder {index:2;}">
                    <Coords points="631,3129 631,3189 692,3189 692,3129"/>
                    <TextEquiv>
                        <Unicode>sich</Unicode>
                    </TextEquiv>
                </Word>
                <Word id="tr_2_tl_56_w4" custom="readingOrder {index:3;}">
                    <Coords points="743,3129 743,3189 798,3189 798,3129"/>
                    <TextEquiv>
                        <Unicode>der</Unicode>
                    </TextEquiv>
                </Word>
                <Word id="tr_2_tl_56_w5" custom="readingOrder {index:4;}">
                    <Coords points="825,3129 825,3189 1088,3189 1088,3129"/>
                    <TextEquiv>
                        <Unicode>ausgezeichnete</Unicode>
                    </TextEquiv>
                </Word>
                <Word id="tr_2_tl_56_w6" custom="readingOrder {index:5;}">
                    <Coords points="1119,3133 1119,3193 1173,3193 1173,3133"/>
                    <TextEquiv>
                        <Unicode>und</Unicode>
                    </TextEquiv>
                </Word>
                <TextEquiv>
                    <Unicode>als welcher sich der ausgezeichnete und</Unicode>
                </TextEquiv>
            </TextLine>
            <TextLine id="tr_2_tl_57" custom="readingOrder {index:56;}">
                <Coords points="361,3219 1177,3227 1177,3194 1116,3181 361,3182"/>
                <Baseline points="367,3208 407,3208 448,3208 488,3210 529,3209 570,3208 610,3208 651,3209 691,3211 732,3211 773,3211 813,3211 854,3211 894,3211 935,3211 976,3211 1016,3211 1057,3212 1097,3214 1138,3215 1179,3214"/>
                <Word id="tr_2_tl_57_w1" custom="readingOrder {index:0;}">
                    <Coords points="358,3168 358,3228 544,3228 544,3168"/>
                    <TextEquiv>
                        <Unicode>großzügige</Unicode>
                    </TextEquiv>
                </Word>
                <Word id="tr_2_tl_57_w2" custom="readingOrder {index:1;}">
                    <Coords points="575,3171 575,3231 839,3231 839,3171"/>
                    <TextEquiv>
                        <Unicode>Selbstmanager</Unicode>
                    </TextEquiv>
                </Word>
                <Word id="tr_2_tl_57_w3" custom="readingOrder {index:2;}">
                    <Coords points="869,3171 869,3231 1052,3231 1052,3171"/>
                    <TextEquiv>
                        <Unicode>Meyerbeer</Unicode>
                    </TextEquiv>
                </Word>
                <Word id="tr_2_tl_57_w4" custom="readingOrder {index:3;}">
                    <Coords points="1080,3174 1080,3234 1182,3234 1182,3174"/>
                    <TextEquiv>
                        <Unicode>plötz-</Unicode>
                    </TextEquiv>
                </Word>
                <TextEquiv>
                    <Unicode>großzügige Selbstmanager Meyerbeer plötz-</Unicode>
                </TextEquiv>
            </TextLine>
            <TextLine id="tr_2_tl_58" custom="readingOrder {index:57;}">
                <Coords points="358,3253 1183,3270 1182,3229 1113,3222 358,3217"/>
                <Baseline points="364,3250 405,3250 446,3250 487,3250 528,3250 569,3250 610,3252 651,3253 692,3253 733,3253 774,3253 815,3253 856,3253 897,3253 938,3253 979,3253 1020,3253 1061,3255 1102,3256 1143,3256 1185,3256"/>
                <Word id="tr_2_tl_58_w1" custom="readingOrder {index:0;}">
                    <Coords points="355,3210 355,3270 411,3270 411,3210"/>
                    <TextEquiv>
                        <Unicode>lich</Unicode>
                    </TextEquiv>
                </Word>
                <Word id="tr_2_tl_58_w2" custom="readingOrder {index:1;}">
                    <Coords points="461,3210 461,3270 514,3270 514,3210"/>
                    <TextEquiv>
                        <Unicode>für</Unicode>
                    </TextEquiv>
                </Word>
                <Word id="tr_2_tl_58_w3" custom="readingOrder {index:2;}">
                    <Coords points="560,3210 560,3270 605,3270 605,3210"/>
                    <TextEquiv>
                        <Unicode>die</Unicode>
                    </TextEquiv>
                </Word>
                <Word id="tr_2_tl_58_w4" custom="readingOrder {index:3;}">
                    <Coords points="635,3213 635,3273 931,3273 931,3213"/>
                    <TextEquiv>
                        <Unicode>kapitaldürstende</Unicode>
                    </TextEquiv>
                </Word>
                <Word id="tr_2_tl_58_w5" custom="readingOrder {index:4;}">
                    <Coords points="961,3213 961,3273 1063,3273 1063,3213"/>
                    <TextEquiv>
                        <Unicode>Große</Unicode>
                    </TextEquiv>
                </Word>
                <Word id="tr_2_tl_58_w6" custom="readingOrder {index:5;}">
                    <Coords points="1094,3216 1094,3276 1177,3276 1177,3216"/>
                    <TextEquiv>
                        <Unicode>Oper</Unicode>
                    </TextEquiv>
                </Word>
                <TextEquiv>
                    <Unicode>lich für die kapitaldürstende Große Oper</Unicode>
                </TextEquiv>
            </TextLine>
            <TextLine id="tr_2_tl_59" custom="readingOrder {index:58;}">
                <Coords points="361,3297 1183,3310 1182,3269 361,3254"/>
                <Baseline points="367,3292 407,3292 448,3292 489,3292 530,3292 571,3292 612,3293 653,3295 694,3295 735,3295 776,3295 816,3295 857,3295 898,3295 939,3295 980,3295 1021,3295 1062,3297 1103,3298 1144,3298 1185,3301"/>
                <Word id="tr_2_tl_59_w1" custom="readingOrder {index:0;}">
                    <Coords points="358,3252 358,3312 515,3312 515,3252"/>
                    <TextEquiv>
                        <Unicode>entpuppt</Unicode>
                    </TextEquiv>
                </Word>
                <Word id="tr_2_tl_59_w2" custom="readingOrder {index:1;}">
                    <Coords points="542,3252 542,3312 644,3312 644,3252"/>
                    <TextEquiv>
                        <Unicode>hatte,</Unicode>
                    </TextEquiv>
                </Word>
                <Word id="tr_2_tl_59_w3" custom="readingOrder {index:2;}">
                    <Coords points="681,3255 681,3315 769,3315 769,3255"/>
                    <TextEquiv>
                        <Unicode>nicht</Unicode>
                    </TextEquiv>
                </Word>
                <Word id="tr_2_tl_59_w4" custom="readingOrder {index:3;}">
                    <Coords points="795,3255 795,3315 1019,3315 1019,3255"/>
                    <TextEquiv>
                        <Unicode>davonfliegen</Unicode>
                    </TextEquiv>
                </Word>
                <Word id="tr_2_tl_59_w5" custom="readingOrder {index:4;}">
                    <Coords points="1060,3258 1060,3318 1184,3318 1184,3258"/>
                    <TextEquiv>
                        <Unicode>lassen,</Unicode>
                    </TextEquiv>
                </Word>
                <TextEquiv>
                    <Unicode>entpuppt hatte, nicht davonfliegen lassen,</Unicode>
                </TextEquiv>
            </TextLine>
            <TextLine id="tr_2_tl_60" custom="readingOrder {index:59;}">
                <Coords points="361,3343 1182,3346 1166,3310 1047,3304 361,3306"/>
                <Baseline points="367,3334 407,3331 448,3333 489,3334 530,3334 571,3334 612,3334 653,3335 694,3336 735,3334 776,3334 816,3337 857,3337 898,3337 939,3337 980,3337 1021,3337 1062,3339 1103,3340 1144,3339 1185,3337"/>
                <Word id="tr_2_tl_60_w1" custom="readingOrder {index:0;}">
                    <Coords points="358,3291 358,3351 482,3351 482,3291"/>
                    <TextEquiv>
                        <Unicode>sondern</Unicode>
                    </TextEquiv>
                </Word>
                <Word id="tr_2_tl_60_w2" custom="readingOrder {index:1;}">
                    <Coords points="508,3294 508,3354 585,3354 585,3294"/>
                    <TextEquiv>
                        <Unicode>band</Unicode>
                    </TextEquiv>
                </Word>
                <Word id="tr_2_tl_60_w3" custom="readingOrder {index:2;}">
                    <Coords points="611,3294 611,3354 659,3354 659,3294"/>
                    <TextEquiv>
                        <Unicode>ihn</Unicode>
                    </TextEquiv>
                </Word>
                <Word id="tr_2_tl_60_w4" custom="readingOrder {index:3;}">
                    <Coords points="685,3294 685,3354 776,3354 776,3294"/>
                    <TextEquiv>
                        <Unicode>durch</Unicode>
                    </TextEquiv>
                </Word>
                <Word id="tr_2_tl_60_w5" custom="readingOrder {index:4;}">
                    <Coords points="802,3297 802,3357 868,3357 868,3297"/>
                    <TextEquiv>
                        <Unicode>eine</Unicode>
                    </TextEquiv>
                </Word>
                <Word id="tr_2_tl_60_w6" custom="readingOrder {index:5;}">
                    <Coords points="890,3297 890,3357 1070,3357 1070,3297"/>
                    <TextEquiv>
                        <Unicode>geschickte</Unicode>
                    </TextEquiv>
                </Word>
                <Word id="tr_2_tl_60_w7" custom="readingOrder {index:6;}">
                    <Coords points="1096,3299 1096,3359 1176,3359 1176,3299"/>
                    <TextEquiv>
                        <Unicode>kon¬</Unicode>
                    </TextEquiv>
                </Word>
                <TextEquiv>
                    <Unicode>sondern band ihn durch eine geschickte kon¬</Unicode>
                </TextEquiv>
            </TextLine>
            <TextLine id="tr_2_tl_61" custom="readingOrder {index:60;}">
                <Coords points="363,3384 1161,3403 1183,3361 361,3345"/>
                <Baseline points="367,3375 408,3375 449,3375 490,3375 531,3375 572,3375 613,3375 654,3375 695,3375 736,3375 777,3375 818,3375 859,3375 900,3378 941,3376 982,3377 1023,3378 1064,3378 1105,3379 1146,3380 1187,3378"/>
                <Word id="tr_2_tl_61_w1" custom="readingOrder {index:0;}">
                    <Coords points="358,3335 358,3395 522,3395 522,3335"/>
                    <TextEquiv>
                        <Unicode>traktliche</Unicode>
                    </TextEquiv>
                </Word>
                <Word id="tr_2_tl_61_w2" custom="readingOrder {index:1;}">
                    <Coords points="558,3335 558,3395 730,3395 730,3335"/>
                    <TextEquiv>
                        <Unicode>Fußfessel</Unicode>
                    </TextEquiv>
                </Word>
                <Word id="tr_2_tl_61_w3" custom="readingOrder {index:2;}">
                    <Coords points="774,3335 774,3395 848,3395 848,3335"/>
                    <TextEquiv>
                        <Unicode>auch</Unicode>
                    </TextEquiv>
                </Word>
                <Word id="tr_2_tl_61_w4" custom="readingOrder {index:3;}">
                    <Coords points="883,3337 883,3397 934,3397 934,3337"/>
                    <TextEquiv>
                        <Unicode>für</Unicode>
                    </TextEquiv>
                </Word>
                <Word id="tr_2_tl_61_w5" custom="readingOrder {index:4;}">
                    <Coords points="962,3337 962,3397 1008,3397 1008,3337"/>
                    <TextEquiv>
                        <Unicode>die</Unicode>
                    </TextEquiv>
                </Word>
                <Word id="tr_2_tl_61_w6" custom="readingOrder {index:5;}">
                    <Coords points="1040,3339 1040,3399 1173,3399 1173,3339"/>
                    <TextEquiv>
                        <Unicode>nächste</Unicode>
                    </TextEquiv>
                </Word>
                <TextEquiv>
                    <Unicode>traktliche Fußfessel auch für die nächste</Unicode>
                </TextEquiv>
            </TextLine>
            <TextLine id="tr_2_tl_62" custom="readingOrder {index:61;}">
                <Coords points="352,3428 1176,3437 1183,3397 351,3389"/>
                <Baseline points="358,3414 399,3414 440,3414 482,3416 523,3417 564,3417 606,3417 647,3417 688,3417 730,3417 771,3417 812,3417 854,3420 895,3417 936,3420 978,3420 1019,3420 1060,3420 1102,3420 1143,3420 1185,3417"/>
                <Word id="tr_2_tl_62_w1" custom="readingOrder {index:0;}">
                    <Coords points="352,3374 352,3434 422,3434 422,3374"/>
                    <TextEquiv>
                        <Unicode>Zeit</Unicode>
                    </TextEquiv>
                </Word>
                <Word id="tr_2_tl_62_w2" custom="readingOrder {index:1;}">
                    <Coords points="446,3376 446,3436 524,3436 524,3376"/>
                    <TextEquiv>
                        <Unicode>fest.</Unicode>
                    </TextEquiv>
                </Word>
                <Word id="tr_2_tl_62_w3" custom="readingOrder {index:2;}">
                    <Coords points="548,3377 548,3437 650,3437 650,3377"/>
                    <TextEquiv>
                        <Unicode>Eugen</Unicode>
                    </TextEquiv>
                </Word>
                <Word id="tr_2_tl_62_w4" custom="readingOrder {index:3;}">
                    <Coords points="682,3377 682,3437 772,3437 772,3377"/>
                    <TextEquiv>
                        <Unicode>Sribe</Unicode>
                    </TextEquiv>
                </Word>
                <Word id="tr_2_tl_62_w5" custom="readingOrder {index:4;}">
                    <Coords points="804,3379 804,3439 885,3439 885,3379"/>
                    <TextEquiv>
                        <Unicode>hatte</Unicode>
                    </TextEquiv>
                </Word>
                <Word id="tr_2_tl_62_w6" custom="readingOrder {index:5;}">
                    <Coords points="918,3380 918,3440 1035,3440 1035,3380"/>
                    <TextEquiv>
                        <Unicode>bereits</Unicode>
                    </TextEquiv>
                </Word>
                <Word id="tr_2_tl_62_w7" custom="readingOrder {index:6;}">
                    <Coords points="1063,3380 1063,3440 1176,3440 1176,3380"/>
                    <TextEquiv>
                        <Unicode>wieder</Unicode>
                    </TextEquiv>
                </Word>
                <TextEquiv>
                    <Unicode>Zeit fest. Eugen Sribe hatte bereits wieder</Unicode>
                </TextEquiv>
            </TextLine>
            <TextLine id="tr_2_tl_63" custom="readingOrder {index:62;}">
                <Coords points="355,3462 1182,3473 1147,3429 355,3433"/>
                <Baseline points="361,3456 402,3456 443,3456 484,3458 525,3457 567,3458 608,3459 649,3459 690,3459 731,3459 773,3459 814,3459 855,3459 896,3459 937,3462 979,3462 1020,3462 1061,3462 1102,3464 1143,3465 1185,3462"/>
                <Word id="tr_2_tl_63_w1" custom="readingOrder {index:0;}">
                    <Coords points="352,3416 352,3476 436,3476 436,3416"/>
                    <TextEquiv>
                        <Unicode>einen</Unicode>
                    </TextEquiv>
                </Word>
                <Word id="tr_2_tl_63_w2" custom="readingOrder {index:1;}">
                    <Coords points="465,3418 465,3478 710,3478 710,3418"/>
                    <TextEquiv>
                        <Unicode>sensationellen</Unicode>
                    </TextEquiv>
                </Word>
                <Word id="tr_2_tl_63_w3" custom="readingOrder {index:2;}">
                    <Coords points="740,3419 740,3479 843,3479 843,3419"/>
                    <TextEquiv>
                        <Unicode>Stoff,</Unicode>
                    </TextEquiv>
                </Word>
                <Word id="tr_2_tl_63_w4" custom="readingOrder {index:3;}">
                    <Coords points="861,3419 861,3479 912,3479 912,3419"/>
                    <TextEquiv>
                        <Unicode>den</Unicode>
                    </TextEquiv>
                </Word>
                <Word id="tr_2_tl_63_w5" custom="readingOrder {index:4;}">
                    <Coords points="942,3422 942,3482 971,3482 971,3422"/>
                    <TextEquiv>
                        <Unicode>er</Unicode>
                    </TextEquiv>
                </Word>
                <Word id="tr_2_tl_63_w6" custom="readingOrder {index:5;}">
                    <Coords points="997,3422 997,3482 1088,3482 1088,3422"/>
                    <TextEquiv>
                        <Unicode>schon</Unicode>
                    </TextEquiv>
                </Word>
                <Word id="tr_2_tl_63_w7" custom="readingOrder {index:6;}">
                    <Coords points="1121,3424 1121,3484 1176,3484 1176,3424"/>
                    <TextEquiv>
                        <Unicode>mit</Unicode>
                    </TextEquiv>
                </Word>
                <TextEquiv>
                    <Unicode>einen sensationellen Stoff, den er schon mit</Unicode>
                </TextEquiv>
            </TextLine>
            <TextLine id="tr_2_tl_64" custom="readingOrder {index:63;}">
                <Coords points="361,3510 1161,3520 1180,3479 360,3472"/>
                <Baseline points="367,3498 407,3498 448,3498 489,3498 530,3498 570,3498 611,3498 652,3498 693,3498 733,3498 774,3498 815,3501 856,3501 896,3501 937,3501 978,3503 1019,3504 1059,3504 1100,3504 1141,3504 1182,3507"/>
                <Word id="tr_2_tl_64_w1" custom="readingOrder {index:0;}">
                    <Coords points="357,3458 357,3518 498,3518 498,3458"/>
                    <TextEquiv>
                        <Unicode>Hinblick</Unicode>
                    </TextEquiv>
                </Word>
                <Word id="tr_2_tl_64_w2" custom="readingOrder {index:1;}">
                    <Coords points="525,3458 525,3518 578,3518 578,3458"/>
                    <TextEquiv>
                        <Unicode>auf</Unicode>
                    </TextEquiv>
                </Word>
                <Word id="tr_2_tl_64_w3" custom="readingOrder {index:2;}">
                    <Coords points="601,3458 601,3518 784,3518 784,3458"/>
                    <TextEquiv>
                        <Unicode>Meyerbeer</Unicode>
                    </TextEquiv>
                </Word>
                <Word id="tr_2_tl_64_w4" custom="readingOrder {index:3;}">
                    <Coords points="811,3461 811,3521 986,3521 986,3461"/>
                    <TextEquiv>
                        <Unicode>bearbeitet</Unicode>
                    </TextEquiv>
                </Word>
                <Word id="tr_2_tl_64_w5" custom="readingOrder {index:4;}">
                    <Coords points="1010,3464 1010,3524 1116,3524 1116,3464"/>
                    <TextEquiv>
                        <Unicode>hatte:</Unicode>
                    </TextEquiv>
                </Word>
                <Word id="tr_2_tl_64_w6" custom="readingOrder {index:5;}">
                    <Coords points="1132,3464 1132,3524 1173,3524 1173,3464"/>
                    <TextEquiv>
                        <Unicode>die</Unicode>
                    </TextEquiv>
                </Word>
                <TextEquiv>
                    <Unicode>Hinblick auf Meyerbeer bearbeitet hatte: die</Unicode>
                </TextEquiv>
            </TextLine>
            <TextLine id="tr_2_tl_65" custom="readingOrder {index:64;}">
                <Coords points="352,3546 1184,3564 1183,3516 1149,3512 352,3512"/>
                <Baseline points="358,3537 399,3540 440,3540 482,3538 523,3539 564,3540 606,3540 647,3540 688,3540 730,3541 771,3543 812,3543 854,3543 895,3543 936,3543 978,3546 1019,3546 1060,3546 1102,3546 1143,3546 1185,3546"/>
                <Word id="tr_2_tl_65_w1" custom="readingOrder {index:0;}">
                    <Coords points="353,3500 353,3560 489,3560 489,3500"/>
                    <TextEquiv>
                        <Unicode>blutigen</Unicode>
                    </TextEquiv>
                </Word>
                <Word id="tr_2_tl_65_w2" custom="readingOrder {index:1;}">
                    <Coords points="520,3500 520,3560 637,3560 637,3500"/>
                    <TextEquiv>
                        <Unicode>Greuel</Unicode>
                    </TextEquiv>
                </Word>
                <Word id="tr_2_tl_65_w3" custom="readingOrder {index:2;}">
                    <Coords points="661,3500 661,3560 710,3560 710,3500"/>
                    <TextEquiv>
                        <Unicode>der</Unicode>
                    </TextEquiv>
                </Word>
                <Word id="tr_2_tl_65_w4" custom="readingOrder {index:3;}">
                    <Coords points="741,3503 741,3563 1090,3563 1090,3503"/>
                    <TextEquiv>
                        <Unicode>Bartholomäusnacht</Unicode>
                    </TextEquiv>
                </Word>
                <Word id="tr_2_tl_65_w5" custom="readingOrder {index:4;}">
                    <Coords points="1117,3506 1117,3566 1170,3566 1170,3506"/>
                    <TextEquiv>
                        <Unicode>von</Unicode>
                    </TextEquiv>
                </Word>
                <TextEquiv>
                    <Unicode>blutigen Greuel der Bartholomäusnacht von</Unicode>
                </TextEquiv>
            </TextLine>
            <TextLine id="tr_2_tl_66" custom="readingOrder {index:65;}">
                <Coords points="347,3589 1178,3603 1144,3558 347,3548"/>
                <Baseline points="352,3581 393,3581 434,3581 476,3581 517,3581 558,3581 600,3581 641,3581 682,3581 724,3581 765,3582 806,3584 848,3584 889,3584 930,3584 972,3584 1013,3584 1054,3586 1096,3587 1137,3587 1179,3584"/>
                <Word id="tr_2_tl_66_w1" custom="readingOrder {index:0;}">
                    <Coords points="348,3541 348,3601 430,3601 430,3541"/>
                    <TextEquiv>
                        <Unicode>1572.</Unicode>
                    </TextEquiv>
                </Word>
                <Word id="tr_2_tl_66_w2" custom="readingOrder {index:1;}">
                    <Coords points="454,3541 454,3601 528,3601 528,3541"/>
                    <TextEquiv>
                        <Unicode>Eine</Unicode>
                    </TextEquiv>
                </Word>
                <Word id="tr_2_tl_66_w3" custom="readingOrder {index:2;}">
                    <Coords points="560,3541 560,3601 689,3601 689,3541"/>
                    <TextEquiv>
                        <Unicode>Novelle</Unicode>
                    </TextEquiv>
                </Word>
                <Word id="tr_2_tl_66_w4" custom="readingOrder {index:3;}">
                    <Coords points="720,3543 720,3603 857,3603 857,3543"/>
                    <TextEquiv>
                        <Unicode>Prosper</Unicode>
                    </TextEquiv>
                </Word>
                <Word id="tr_2_tl_66_w5" custom="readingOrder {index:4;}">
                    <Coords points="889,3544 889,3604 1053,3604 1053,3544"/>
                    <TextEquiv>
                        <Unicode>Merimées</Unicode>
                    </TextEquiv>
                </Word>
                <Word id="tr_2_tl_66_w6" custom="readingOrder {index:5;}">
                    <Coords points="1085,3547 1085,3607 1171,3607 1171,3547"/>
                    <TextEquiv>
                        <Unicode>hatte</Unicode>
                    </TextEquiv>
                </Word>
                <TextEquiv>
                    <Unicode>1572. Eine Novelle Prosper Merimées hatte</Unicode>
                </TextEquiv>
            </TextLine>
            <TextLine id="tr_2_tl_67" custom="readingOrder {index:66;}">
                <Coords points="341,3638 1178,3640 1177,3604 1119,3597 340,3589"/>
                <Baseline points="346,3620 387,3620 429,3620 470,3620 512,3620 554,3622 595,3623 637,3625 679,3626 720,3625 762,3623 804,3623 845,3623 887,3623 929,3623 970,3626 1012,3626 1054,3626 1095,3626 1137,3628 1179,3626"/>
                <Word id="tr_2_tl_67_w1" custom="readingOrder {index:0;}">
                    <Coords points="341,3580 341,3640 386,3640 386,3580"/>
                    <TextEquiv>
                        <Unicode>die</Unicode>
                    </TextEquiv>
                </Word>
                <Word id="tr_2_tl_67_w2" custom="readingOrder {index:1;}">
                    <Coords points="432,3580 432,3640 613,3640 613,3580"/>
                    <TextEquiv>
                        <Unicode>Grundlage</Unicode>
                    </TextEquiv>
                </Word>
                <Word id="tr_2_tl_67_w3" custom="readingOrder {index:2;}">
                    <Coords points="659,3584 659,3644 819,3644 819,3584"/>
                    <TextEquiv>
                        <Unicode>gegeben.</Unicode>
                    </TextEquiv>
                </Word>
                <Word id="tr_2_tl_67_w4" custom="readingOrder {index:3;}">
                    <Coords points="857,3583 857,3643 895,3643 895,3583"/>
                    <TextEquiv>
                        <Unicode>Es</Unicode>
                    </TextEquiv>
                </Word>
                <Word id="tr_2_tl_67_w5" custom="readingOrder {index:4;}">
                    <Coords points="944,3586 944,3646 1042,3646 1042,3586"/>
                    <TextEquiv>
                        <Unicode>waren</Unicode>
                    </TextEquiv>
                </Word>
                <Word id="tr_2_tl_67_w6" custom="readingOrder {index:5;}">
                    <Coords points="1092,3587 1092,3647 1164,3647 1164,3587"/>
                    <TextEquiv>
                        <Unicode>eben</Unicode>
                    </TextEquiv>
                </Word>
                <TextEquiv>
                    <Unicode>die Grundlage gegeben. Es waren eben</Unicode>
                </TextEquiv>
            </TextLine>
            <TextLine id="tr_2_tl_68" custom="readingOrder {index:67;}">
                <Coords points="347,3664 1174,3674 1134,3634 347,3637"/>
                <Baseline points="352,3659 393,3659 434,3662 475,3662 516,3664 558,3665 599,3663 640,3662 681,3662 722,3663 764,3665 805,3665 846,3665 887,3668 928,3668 970,3668 1011,3668 1052,3668 1093,3668 1134,3668 1176,3668"/>
                <Word id="tr_2_tl_68_w1" custom="readingOrder {index:0;}">
                    <Coords points="344,3619 344,3679 453,3679 453,3619"/>
                    <TextEquiv>
                        <Unicode>unsere</Unicode>
                    </TextEquiv>
                </Word>
                <Word id="tr_2_tl_68_w2" custom="readingOrder {index:1;}">
                    <Coords points="506,3624 506,3684 616,3684 616,3624"/>
                    <TextEquiv>
                        <Unicode>später</Unicode>
                    </TextEquiv>
                </Word>
                <Word id="tr_2_tl_68_w3" custom="readingOrder {index:2;}">
                    <Coords points="664,3622 664,3682 693,3682 693,3622"/>
                    <TextEquiv>
                        <Unicode>so</Unicode>
                    </TextEquiv>
                </Word>
                <Word id="tr_2_tl_68_w4" custom="readingOrder {index:3;}">
                    <Coords points="749,3625 749,3685 925,3685 925,3625"/>
                    <TextEquiv>
                        <Unicode>benannten</Unicode>
                    </TextEquiv>
                </Word>
                <Word id="tr_2_tl_68_w5" custom="readingOrder {index:4;}">
                    <Coords points="984,3628 984,3688 1172,3688 1172,3628"/>
                    <TextEquiv>
                        <Unicode>„Hugenot¬</Unicode>
                    </TextEquiv>
                </Word>
                <TextEquiv>
                    <Unicode>unsere später so benannten „Hugenot¬</Unicode>
                </TextEquiv>
            </TextLine>
            <TextLine id="tr_2_tl_69" custom="readingOrder {index:68;}">
                <Coords points="349,3711 1171,3724 1146,3681 349,3664"/>
                <Baseline points="355,3704 395,3701 436,3703 477,3704 518,3704 559,3704 600,3704 641,3705 682,3706 723,3704 764,3704 804,3704 845,3704 886,3707 927,3707 968,3707 1009,3709 1050,3710 1091,3710 1132,3710 1173,3710"/>
                <Word id="tr_2_tl_69_w1" custom="readingOrder {index:0;}">
                    <Coords points="342,3661 342,3721 429,3721 429,3661"/>
                    <TextEquiv>
                        <Unicode>ten“.</Unicode>
                    </TextEquiv>
                </Word>
                <Word id="tr_2_tl_69_w2" custom="readingOrder {index:1;}">
                    <Coords points="486,3664 486,3724 550,3724 550,3664"/>
                    <TextEquiv>
                        <Unicode>Und</Unicode>
                    </TextEquiv>
                </Word>
                <Word id="tr_2_tl_69_w3" custom="readingOrder {index:2;}">
                    <Coords points="619,3665 619,3725 721,3725 721,3665"/>
                    <TextEquiv>
                        <Unicode>dieses</Unicode>
                    </TextEquiv>
                </Word>
                <Word id="tr_2_tl_69_w4" custom="readingOrder {index:3;}">
                    <Coords points="790,3664 790,3724 877,3724 877,3664"/>
                    <TextEquiv>
                        <Unicode>Werk</Unicode>
                    </TextEquiv>
                </Word>
                <Word id="tr_2_tl_69_w5" custom="readingOrder {index:4;}">
                    <Coords points="945,3670 945,3730 1165,3730 1165,3670"/>
                    <TextEquiv>
                        <Unicode>verpflichtete</Unicode>
                    </TextEquiv>
                </Word>
                <TextEquiv>
                    <Unicode>ten“. Und dieses Werk verpflichtete</Unicode>
                </TextEquiv>
            </TextLine>
            <TextLine id="tr_2_tl_70" custom="readingOrder {index:69;}">
                <Coords points="340,3747 1163,3757 1145,3721 340,3722"/>
                <Baseline points="346,3743 386,3743 427,3743 468,3743 509,3743 550,3743 591,3743 632,3744 673,3746 714,3746 755,3746 795,3746 836,3746 877,3746 918,3746 959,3748 1000,3749 1041,3749 1082,3749 1123,3749 1164,3749"/>
                <Word id="tr_2_tl_70_w1" custom="readingOrder {index:0;}">
                    <Coords points="340,3703 340,3763 402,3763 402,3703"/>
                    <TextEquiv>
                        <Unicode>sich</Unicode>
                    </TextEquiv>
                </Word>
                <Word id="tr_2_tl_70_w2" custom="readingOrder {index:1;}">
                    <Coords points="450,3703 450,3763 651,3763 651,3703"/>
                    <TextEquiv>
                        <Unicode>Meyerbeer,</Unicode>
                    </TextEquiv>
                </Word>
                <Word id="tr_2_tl_70_w3" custom="readingOrder {index:2;}">
                    <Coords points="688,3706 688,3766 739,3766 739,3706"/>
                    <TextEquiv>
                        <Unicode>bei</Unicode>
                    </TextEquiv>
                </Word>
                <Word id="tr_2_tl_70_w4" custom="readingOrder {index:3;}">
                    <Coords points="780,3706 780,3766 864,3766 864,3706"/>
                    <TextEquiv>
                        <Unicode>einer</Unicode>
                    </TextEquiv>
                </Word>
                <Word id="tr_2_tl_70_w5" custom="readingOrder {index:4;}">
                    <Coords points="912,3709 912,3769 1168,3769 1168,3709"/>
                    <TextEquiv>
                        <Unicode>Konventional¬</Unicode>
                    </TextEquiv>
                </Word>
                <TextEquiv>
                    <Unicode>sich Meyerbeer, bei einer Konventional¬</Unicode>
                </TextEquiv>
            </TextLine>
            <TextLine id="tr_2_tl_71" custom="readingOrder {index:70;}">
                <Coords points="347,3799 1178,3800 1178,3762 1129,3759 347,3764"/>
                <Baseline points="352,3781 393,3781 434,3784 476,3782 517,3783 558,3784 600,3784 641,3784 682,3784 724,3784 765,3784 806,3784 848,3784 889,3787 930,3784 972,3787 1013,3787 1054,3787 1096,3787 1137,3789 1179,3790"/>
                <Word id="tr_2_tl_71_w1" custom="readingOrder {index:0;}">
                    <Coords points="344,3741 344,3801 435,3801 435,3741"/>
                    <TextEquiv>
                        <Unicode>strafe</Unicode>
                    </TextEquiv>
                </Word>
                <Word id="tr_2_tl_71_w2" custom="readingOrder {index:1;}">
                    <Coords points="473,3742 473,3802 524,3802 524,3742"/>
                    <TextEquiv>
                        <Unicode>von</Unicode>
                    </TextEquiv>
                </Word>
                <Word id="tr_2_tl_71_w3" custom="readingOrder {index:2;}">
                    <Coords points="561,3744 561,3804 660,3804 660,3744"/>
                    <TextEquiv>
                        <Unicode>30.000</Unicode>
                    </TextEquiv>
                </Word>
                <Word id="tr_2_tl_71_w4" custom="readingOrder {index:3;}">
                    <Coords points="693,3744 693,3804 833,3804 833,3744"/>
                    <TextEquiv>
                        <Unicode>Franken</Unicode>
                    </TextEquiv>
                </Word>
                <Word id="tr_2_tl_71_w5" custom="readingOrder {index:4;}">
                    <Coords points="871,3746 871,3806 914,3806 914,3746"/>
                    <TextEquiv>
                        <Unicode>bis</Unicode>
                    </TextEquiv>
                </Word>
                <Word id="tr_2_tl_71_w6" custom="readingOrder {index:5;}">
                    <Coords points="948,3747 948,3807 1003,3807 1003,3747"/>
                    <TextEquiv>
                        <Unicode>zum</Unicode>
                    </TextEquiv>
                </Word>
                <Word id="tr_2_tl_71_w7" custom="readingOrder {index:6;}">
                    <Coords points="1051,3747 1051,3807 1172,3807 1172,3747"/>
                    <TextEquiv>
                        <Unicode>Herbst</Unicode>
                    </TextEquiv>
                </Word>
                <TextEquiv>
                    <Unicode>strafe von 30.000 Franken bis zum Herbst</Unicode>
                </TextEquiv>
            </TextLine>
            <TextLine id="tr_2_tl_72" custom="readingOrder {index:71;}">
                <Coords points="349,3834 1174,3848 1174,3797 349,3799"/>
                <Baseline points="355,3817 396,3820 437,3823 478,3823 519,3823 560,3823 601,3823 642,3823 683,3823 724,3824 765,3826 806,3826 847,3826 888,3826 929,3826 970,3826 1011,3826 1052,3826 1093,3827 1134,3829 1176,3829"/>
                <Word id="tr_2_tl_72_w1" custom="readingOrder {index:0;}">
                    <Coords points="346,3778 346,3838 408,3838 408,3778"/>
                    <TextEquiv>
                        <Unicode>1834</Unicode>
                    </TextEquiv>
                </Word>
                <Word id="tr_2_tl_72_w2" custom="readingOrder {index:1;}">
                    <Coords points="453,3783 453,3843 504,3843 504,3783"/>
                    <TextEquiv>
                        <Unicode>für</Unicode>
                    </TextEquiv>
                </Word>
                <Word id="tr_2_tl_72_w3" custom="readingOrder {index:2;}">
                    <Coords points="553,3783 553,3843 596,3843 596,3783"/>
                    <TextEquiv>
                        <Unicode>die</Unicode>
                    </TextEquiv>
                </Word>
                <Word id="tr_2_tl_72_w4" custom="readingOrder {index:3;}">
                    <Coords points="645,3783 645,3843 748,3843 748,3783"/>
                    <TextEquiv>
                        <Unicode>Große</Unicode>
                    </TextEquiv>
                </Word>
                <Word id="tr_2_tl_72_w5" custom="readingOrder {index:4;}">
                    <Coords points="796,3786 796,3846 877,3846 877,3786"/>
                    <TextEquiv>
                        <Unicode>Oper</Unicode>
                    </TextEquiv>
                </Word>
                <Word id="tr_2_tl_72_w6" custom="readingOrder {index:5;}">
                    <Coords points="922,3786 922,3846 954,3846 954,3786"/>
                    <TextEquiv>
                        <Unicode>zu</Unicode>
                    </TextEquiv>
                </Word>
                <Word id="tr_2_tl_72_w7" custom="readingOrder {index:6;}">
                    <Coords points="1006,3786 1006,3846 1179,3846 1179,3786"/>
                    <TextEquiv>
                        <Unicode>vertonen.</Unicode>
                    </TextEquiv>
                </Word>
                <TextEquiv>
                    <Unicode>1834 für die Große Oper zu vertonen.</Unicode>
                </TextEquiv>
            </TextLine>
            <TextLine id="tr_2_tl_73" custom="readingOrder {index:72;}">
                <Coords points="365,3867 1177,3880 1177,3847 1138,3837 365,3827"/>
                <Baseline points="370,3859 410,3862 450,3862 491,3862 531,3862 572,3864 612,3865 653,3865 693,3865 734,3865 774,3865 814,3865 855,3865 895,3865 936,3867 976,3866 1017,3865 1057,3866 1098,3868 1138,3868 1179,3871"/>
                <Word id="tr_2_tl_73_w1" custom="readingOrder {index:0;}">
                    <Coords points="362,3822 362,3882 564,3882 564,3822"/>
                    <TextEquiv>
                        <Unicode>arbeitete</Unicode>
                    </TextEquiv>
                </Word>
                <Word id="tr_2_tl_73_w2" custom="readingOrder {index:1;}">
                    <Coords points="589,3825 589,3885 706,3885 706,3825"/>
                    <TextEquiv>
                        <Unicode>kräftig</Unicode>
                    </TextEquiv>
                </Word>
                <Word id="tr_2_tl_73_w3" custom="readingOrder {index:2;}">
                    <Coords points="731,3825 731,3885 848,3885 848,3825"/>
                    <TextEquiv>
                        <Unicode>darauf</Unicode>
                    </TextEquiv>
                </Word>
                <Word id="tr_2_tl_73_w4" custom="readingOrder {index:3;}">
                    <Coords points="870,3825 870,3885 930,3885 930,3825"/>
                    <TextEquiv>
                        <Unicode>los,</Unicode>
                    </TextEquiv>
                </Word>
                <Word id="tr_2_tl_73_w5" custom="readingOrder {index:4;}">
                    <Coords points="948,3826 948,3886 1001,3886 1001,3826"/>
                    <TextEquiv>
                        <Unicode>bat</Unicode>
                    </TextEquiv>
                </Word>
                <Word id="tr_2_tl_73_w6" custom="readingOrder {index:5;}">
                    <Coords points="1023,3826 1023,3886 1097,3886 1097,3826"/>
                    <TextEquiv>
                        <Unicode>aber</Unicode>
                    </TextEquiv>
                </Word>
                <Word id="tr_2_tl_73_w7" custom="readingOrder {index:6;}">
                    <Coords points="1122,3828 1122,3888 1154,3888 1154,3828"/>
                    <TextEquiv>
                        <Unicode>un</Unicode>
                    </TextEquiv>
                </Word>
                <TextEquiv>
                    <Unicode>arbeitete kräftig darauf los, bat aber un</Unicode>
                </TextEquiv>
            </TextLine>
            <TextLine id="tr_2_tl_74" custom="readingOrder {index:73;}">
                <Coords points="352,3908 1173,3920 1159,3877 352,3867"/>
                <Baseline points="358,3901 398,3904 439,3904 480,3904 521,3904 562,3904 603,3904 644,3904 685,3904 726,3904 767,3904 807,3907 848,3907 889,3907 930,3907 971,3907 1012,3907 1053,3909 1094,3909 1135,3907 1176,3907"/>
                <Word id="tr_2_tl_74_w1" custom="readingOrder {index:0;}">
                    <Coords points="352,3864 352,3924 657,3924 657,3864"/>
                    <TextEquiv>
                        <Unicode>Terminaufschub,</Unicode>
                    </TextEquiv>
                </Word>
                <Word id="tr_2_tl_74_w2" custom="readingOrder {index:1;}">
                    <Coords points="672,3864 672,3924 704,3924 704,3864"/>
                    <TextEquiv>
                        <Unicode>da</Unicode>
                    </TextEquiv>
                </Word>
                <Word id="tr_2_tl_74_w3" custom="readingOrder {index:2;}">
                    <Coords points="734,3864 734,3924 763,3924 763,3864"/>
                    <TextEquiv>
                        <Unicode>er</Unicode>
                    </TextEquiv>
                </Word>
                <Word id="tr_2_tl_74_w4" custom="readingOrder {index:3;}">
                    <Coords points="789,3867 789,3927 844,3927 844,3867"/>
                    <TextEquiv>
                        <Unicode>mit</Unicode>
                    </TextEquiv>
                </Word>
                <Word id="tr_2_tl_74_w5" custom="readingOrder {index:4;}">
                    <Coords points="866,3867 866,3927 969,3927 969,3867"/>
                    <TextEquiv>
                        <Unicode>seiner</Unicode>
                    </TextEquiv>
                </Word>
                <Word id="tr_2_tl_74_w6" custom="readingOrder {index:5;}">
                    <Coords points="991,3869 991,3929 1171,3929 1171,3869"/>
                    <TextEquiv>
                        <Unicode>lungenlel¬</Unicode>
                    </TextEquiv>
                </Word>
                <TextEquiv>
                    <Unicode>Terminaufschub, da er mit seiner lungenlel¬</Unicode>
                </TextEquiv>
            </TextLine>
            <TextLine id="tr_2_tl_75" custom="readingOrder {index:74;}">
                <Coords points="349,3951 1171,3960 1170,3926 1110,3917 970,3941 865,3912 490,3929 349,3907"/>
                <Baseline points="355,3946 395,3946 436,3946 477,3946 518,3946 559,3946 600,3946 641,3946 682,3946 723,3947 764,3949 804,3946 845,3949 886,3946 927,3946 968,3948 1009,3949 1050,3949 1091,3949 1132,3949 1173,3949"/>
                <Word id="tr_2_tl_75_w1" custom="readingOrder {index:0;}">
                    <Coords points="346,3906 346,3966 463,3966 463,3906"/>
                    <TextEquiv>
                        <Unicode>denden</Unicode>
                    </TextEquiv>
                </Word>
                <Word id="tr_2_tl_75_w2" custom="readingOrder {index:1;}">
                    <Coords points="501,3906 501,3966 577,3966 577,3906"/>
                    <TextEquiv>
                        <Unicode>Frau</Unicode>
                    </TextEquiv>
                </Word>
                <Word id="tr_2_tl_75_w3" custom="readingOrder {index:2;}">
                    <Coords points="611,3906 611,3966 687,3966 687,3906"/>
                    <TextEquiv>
                        <Unicode>nach</Unicode>
                    </TextEquiv>
                </Word>
                <Word id="tr_2_tl_75_w4" custom="readingOrder {index:3;}">
                    <Coords points="721,3908 721,3968 774,3968 774,3908"/>
                    <TextEquiv>
                        <Unicode>dem</Unicode>
                    </TextEquiv>
                </Word>
                <Word id="tr_2_tl_75_w5" custom="readingOrder {index:4;}">
                    <Coords points="835,3906 835,3966 937,3966 937,3906"/>
                    <TextEquiv>
                        <Unicode>Süden</Unicode>
                    </TextEquiv>
                </Word>
                <Word id="tr_2_tl_75_w6" custom="readingOrder {index:5;}">
                    <Coords points="991,3909 991,3969 1081,3969 1081,3909"/>
                    <TextEquiv>
                        <Unicode>fuhr.</Unicode>
                    </TextEquiv>
                </Word>
                <Word id="tr_2_tl_75_w7" custom="readingOrder {index:6;}">
                    <Coords points="1112,3909 1112,3969 1164,3969 1164,3909"/>
                    <TextEquiv>
                        <Unicode>Die</Unicode>
                    </TextEquiv>
                </Word>
                <TextEquiv>
                    <Unicode>denden Frau nach dem Süden fuhr. Die</Unicode>
                </TextEquiv>
            </TextLine>
            <TextLine id="tr_2_tl_76" custom="readingOrder {index:75;}">
                <Coords points="347,3986 1178,3995 1178,3961 347,3948"/>
                <Baseline points="352,3984 393,3987 434,3987 476,3987 517,3987 558,3987 600,3987 641,3987 682,3987 724,3987 765,3987 806,3987 848,3987 889,3987 930,3987 972,3987 1013,3987 1054,3987 1096,3989 1137,3990 1179,3990"/>
                <Word id="tr_2_tl_76_w1" custom="readingOrder {index:0;}">
                    <Coords points="344,3947 344,4007 442,4007 442,3947"/>
                    <TextEquiv>
                        <Unicode>Große</Unicode>
                    </TextEquiv>
                </Word>
                <Word id="tr_2_tl_76_w2" custom="readingOrder {index:1;}">
                    <Coords points="474,3947 474,4007 553,4007 553,3947"/>
                    <TextEquiv>
                        <Unicode>Oper</Unicode>
                    </TextEquiv>
                </Word>
                <Word id="tr_2_tl_76_w3" custom="readingOrder {index:2;}">
                    <Coords points="581,3947 581,4007 710,4007 710,3947"/>
                    <TextEquiv>
                        <Unicode>bestand</Unicode>
                    </TextEquiv>
                </Word>
                <Word id="tr_2_tl_76_w4" custom="readingOrder {index:3;}">
                    <Coords points="742,3947 742,4007 797,4007 797,3947"/>
                    <TextEquiv>
                        <Unicode>wie</Unicode>
                    </TextEquiv>
                </Word>
                <Word id="tr_2_tl_76_w5" custom="readingOrder {index:4;}">
                    <Coords points="825,3947 825,4007 954,4007 954,3947"/>
                    <TextEquiv>
                        <Unicode>Shylock</Unicode>
                    </TextEquiv>
                </Word>
                <Word id="tr_2_tl_76_w6" custom="readingOrder {index:5;}">
                    <Coords points="986,3947 986,4007 1045,4007 1045,3947"/>
                    <TextEquiv>
                        <Unicode>auf</Unicode>
                    </TextEquiv>
                </Word>
                <Word id="tr_2_tl_76_w7" custom="readingOrder {index:6;}">
                    <Coords points="1065,3949 1065,4009 1151,4009 1151,3949"/>
                    <TextEquiv>
                        <Unicode>ihrem</Unicode>
                    </TextEquiv>
                </Word>
                <TextEquiv>
                    <Unicode>Große Oper bestand wie Shylock auf ihrem</Unicode>
                </TextEquiv>
            </TextLine>
            <TextLine id="tr_2_tl_77" custom="readingOrder {index:76;}">
                <Coords points="347,4035 1173,4044 1173,4005 1081,3994 347,4007"/>
                <Baseline points="352,4026 393,4026 434,4026 475,4028 516,4029 558,4029 599,4029 640,4029 681,4029 722,4029 764,4029 805,4029 846,4029 887,4029 928,4029 970,4029 1011,4029 1052,4029 1093,4029 1134,4029 1176,4029"/>
                <Word id="tr_2_tl_77_w1" custom="readingOrder {index:0;}">
                    <Coords points="348,3986 348,4046 477,4046 477,3986"/>
                    <TextEquiv>
                        <Unicode>Schein.</Unicode>
                    </TextEquiv>
                </Word>
                <Word id="tr_2_tl_77_w2" custom="readingOrder {index:1;}">
                    <Coords points="505,3989 505,4049 684,4049 684,3989"/>
                    <TextEquiv>
                        <Unicode>Meyerbeer</Unicode>
                    </TextEquiv>
                </Word>
                <Word id="tr_2_tl_77_w3" custom="readingOrder {index:2;}">
                    <Coords points="732,3989 732,4049 837,4049 837,3989"/>
                    <TextEquiv>
                        <Unicode>zahlte</Unicode>
                    </TextEquiv>
                </Word>
                <Word id="tr_2_tl_77_w4" custom="readingOrder {index:3;}">
                    <Coords points="869,3989 869,4049 943,4049 943,3989"/>
                    <TextEquiv>
                        <Unicode>ohne</Unicode>
                    </TextEquiv>
                </Word>
                <Word id="tr_2_tl_77_w5" custom="readingOrder {index:4;}">
                    <Coords points="978,3989 978,4049 1162,4049 1162,3989"/>
                    <TextEquiv>
                        <Unicode>Federlesen</Unicode>
                    </TextEquiv>
                </Word>
                <TextEquiv>
                    <Unicode>Schein. Meyerbeer zahlte ohne Federlesen</Unicode>
                </TextEquiv>
            </TextLine>
            <TextLine id="tr_2_tl_78" custom="readingOrder {index:77;}">
                <Coords points="349,4074 1177,4081 1177,4039 349,4035"/>
                <Baseline points="355,4068 396,4068 437,4068 478,4068 519,4068 561,4070 602,4071 643,4071 684,4071 725,4071 767,4071 808,4071 849,4071 890,4071 931,4071 973,4071 1014,4071 1055,4071 1096,4071 1137,4071 1179,4074"/>
                <Word id="tr_2_tl_78_w1" custom="readingOrder {index:0;}">
                    <Coords points="347,4028 347,4088 400,4088 400,4028"/>
                    <TextEquiv>
                        <Unicode>das</Unicode>
                    </TextEquiv>
                </Word>
                <Word id="tr_2_tl_78_w2" custom="readingOrder {index:1;}">
                    <Coords points="426,4028 426,4088 501,4088 501,4028"/>
                    <TextEquiv>
                        <Unicode>hohe</Unicode>
                    </TextEquiv>
                </Word>
                <Word id="tr_2_tl_78_w3" custom="readingOrder {index:2;}">
                    <Coords points="526,4030 526,4090 659,4090 659,4030"/>
                    <TextEquiv>
                        <Unicode>Pönale,</Unicode>
                    </TextEquiv>
                </Word>
                <Word id="tr_2_tl_78_w4" custom="readingOrder {index:3;}">
                    <Coords points="672,4031 672,4091 722,4091 722,4031"/>
                    <TextEquiv>
                        <Unicode>zog</Unicode>
                    </TextEquiv>
                </Word>
                <Word id="tr_2_tl_78_w5" custom="readingOrder {index:4;}">
                    <Coords points="752,4031 752,4091 835,4091 835,4031"/>
                    <TextEquiv>
                        <Unicode>selne</Unicode>
                    </TextEquiv>
                </Word>
                <Word id="tr_2_tl_78_w6" custom="readingOrder {index:5;}">
                    <Coords points="860,4031 860,4091 939,4091 939,4031"/>
                    <TextEquiv>
                        <Unicode>Oper</Unicode>
                    </TextEquiv>
                </Word>
                <Word id="tr_2_tl_78_w7" custom="readingOrder {index:6;}">
                    <Coords points="965,4031 965,4091 1077,4091 1077,4031"/>
                    <TextEquiv>
                        <Unicode>zurück</Unicode>
                    </TextEquiv>
                </Word>
                <Word id="tr_2_tl_78_w8" custom="readingOrder {index:7;}">
                    <Coords points="1111,4031 1111,4091 1160,4091 1160,4031"/>
                    <TextEquiv>
                        <Unicode>und</Unicode>
                    </TextEquiv>
                </Word>
                <TextEquiv>
                    <Unicode>das hohe Pönale, zog selne Oper zurück und</Unicode>
                </TextEquiv>
            </TextLine>
            <TextLine id="tr_2_tl_79" custom="readingOrder {index:78;}">
                <Coords points="347,4120 1164,4115 1146,4078 1023,4102 859,4071 691,4104 611,4077 347,4084"/>
                <Baseline points="352,4113 392,4110 433,4110 474,4110 515,4110 555,4110 596,4111 637,4113 678,4113 718,4113 759,4113 800,4113 841,4113 881,4113 922,4113 963,4113 1004,4113 1044,4113 1085,4113 1126,4113 1167,4113"/>
                <Word id="tr_2_tl_79_w1" custom="readingOrder {index:0;}">
                    <Coords points="345,4071 345,4131 411,4131 411,4071"/>
                    <TextEquiv>
                        <Unicode>ging</Unicode>
                    </TextEquiv>
                </Word>
                <Word id="tr_2_tl_79_w2" custom="readingOrder {index:1;}">
                    <Coords points="441,4070 441,4130 516,4130 516,4070"/>
                    <TextEquiv>
                        <Unicode>nach</Unicode>
                    </TextEquiv>
                </Word>
                <Word id="tr_2_tl_79_w3" custom="readingOrder {index:2;}">
                    <Coords points="550,4071 550,4131 679,4131 679,4071"/>
                    <TextEquiv>
                        <Unicode>Italien.</Unicode>
                    </TextEquiv>
                </Word>
                <Word id="tr_2_tl_79_w4" custom="readingOrder {index:3;}">
                    <Coords points="700,4073 700,4133 767,4133 767,4073"/>
                    <TextEquiv>
                        <Unicode>Sein</Unicode>
                    </TextEquiv>
                </Word>
                <Word id="tr_2_tl_79_w5" custom="readingOrder {index:4;}">
                    <Coords points="801,4073 801,4133 871,4133 871,4073"/>
                    <TextEquiv>
                        <Unicode>Geld</Unicode>
                    </TextEquiv>
                </Word>
                <Word id="tr_2_tl_79_w6" custom="readingOrder {index:5;}">
                    <Coords points="901,4073 901,4133 1001,4133 1001,4073"/>
                    <TextEquiv>
                        <Unicode>zeigte</Unicode>
                    </TextEquiv>
                </Word>
                <Word id="tr_2_tl_79_w7" custom="readingOrder {index:6;}">
                    <Coords points="1031,4073 1031,4133 1085,4133 1085,4073"/>
                    <TextEquiv>
                        <Unicode>der</Unicode>
                    </TextEquiv>
                </Word>
                <Word id="tr_2_tl_79_w8" custom="readingOrder {index:7;}">
                    <Coords points="1110,4073 1110,4133 1168,4133 1168,4073"/>
                    <TextEquiv>
                        <Unicode>Di-</Unicode>
                    </TextEquiv>
                </Word>
                <TextEquiv>
                    <Unicode>ging nach Italien. Sein Geld zeigte der Di-</Unicode>
                </TextEquiv>
            </TextLine>
            <TextLine id="tr_2_tl_80" custom="readingOrder {index:79;}">
                <Coords points="347,4156 1137,4173 1178,4169 1177,4130 346,4132"/>
                <Baseline points="352,4146 393,4149 434,4149 476,4149 517,4151 558,4152 600,4152 641,4153 682,4154 724,4153 765,4152 806,4154 848,4154 889,4154 930,4154 972,4154 1013,4152 1054,4153 1096,4154 1137,4156 1179,4157"/>
                <Word id="tr_2_tl_80_w1" custom="readingOrder {index:0;}">
                    <Coords points="344,4109 344,4169 457,4169 457,4109"/>
                    <TextEquiv>
                        <Unicode>rektion</Unicode>
                    </TextEquiv>
                </Word>
                <Word id="tr_2_tl_80_w2" custom="readingOrder {index:1;}">
                    <Coords points="490,4110 490,4170 542,4170 542,4110"/>
                    <TextEquiv>
                        <Unicode>den</Unicode>
                    </TextEquiv>
                </Word>
                <Word id="tr_2_tl_80_w3" custom="readingOrder {index:2;}">
                    <Coords points="572,4113 572,4173 710,4173 710,4113"/>
                    <TextEquiv>
                        <Unicode>Herren.</Unicode>
                    </TextEquiv>
                </Word>
                <Word id="tr_2_tl_80_w4" custom="readingOrder {index:3;}">
                    <Coords points="730,4114 730,4174 913,4174 913,4114"/>
                    <TextEquiv>
                        <Unicode>Meyerbeer</Unicode>
                    </TextEquiv>
                </Word>
                <Word id="tr_2_tl_80_w5" custom="readingOrder {index:4;}">
                    <Coords points="938,4113 938,4173 1020,4173 1020,4113"/>
                    <TextEquiv>
                        <Unicode>blieb</Unicode>
                    </TextEquiv>
                </Word>
                <Word id="tr_2_tl_80_w6" custom="readingOrder {index:5;}">
                    <Coords points="1049,4114 1049,4174 1174,4174 1174,4114"/>
                    <TextEquiv>
                        <Unicode>Sieger,</Unicode>
                    </TextEquiv>
                </Word>
                <TextEquiv>
                    <Unicode>rektion den Herren. Meyerbeer blieb Sieger,</Unicode>
                </TextEquiv>
            </TextLine>
            <TextLine id="tr_2_tl_81" custom="readingOrder {index:80;}">
                <Coords points="347,4194 1147,4208 1167,4166 346,4156"/>
                <Baseline points="352,4190 392,4190 433,4190 474,4190 515,4192 556,4191 597,4191 638,4193 679,4193 720,4194 761,4196 801,4196 842,4196 883,4196 924,4196 965,4196 1006,4196 1047,4196 1088,4196 1129,4196 1170,4196"/>
                <Word id="tr_2_tl_81_w1" custom="readingOrder {index:0;}">
                    <Coords points="347,4150 347,4210 399,4210 399,4150"/>
                    <TextEquiv>
                        <Unicode>der</Unicode>
                    </TextEquiv>
                </Word>
                <Word id="tr_2_tl_81_w2" custom="readingOrder {index:1;}">
                    <Coords points="423,4150 423,4210 498,4210 498,4150"/>
                    <TextEquiv>
                        <Unicode>neue</Unicode>
                    </TextEquiv>
                </Word>
                <Word id="tr_2_tl_81_w3" custom="readingOrder {index:2;}">
                    <Coords points="525,4151 525,4211 672,4211 672,4151"/>
                    <TextEquiv>
                        <Unicode>Direktor</Unicode>
                    </TextEquiv>
                </Word>
                <Word id="tr_2_tl_81_w4" custom="readingOrder {index:3;}">
                    <Coords points="695,4154 695,4214 748,4214 748,4154"/>
                    <TextEquiv>
                        <Unicode>der</Unicode>
                    </TextEquiv>
                </Word>
                <Word id="tr_2_tl_81_w5" custom="readingOrder {index:4;}">
                    <Coords points="771,4156 771,4216 892,4216 892,4156"/>
                    <TextEquiv>
                        <Unicode>Großen</Unicode>
                    </TextEquiv>
                </Word>
                <Word id="tr_2_tl_81_w6" custom="readingOrder {index:5;}">
                    <Coords points="919,4156 919,4216 1017,4216 1017,4156"/>
                    <TextEquiv>
                        <Unicode>Oper,</Unicode>
                    </TextEquiv>
                </Word>
                <Word id="tr_2_tl_81_w7" custom="readingOrder {index:6;}">
                    <Coords points="1036,4156 1036,4216 1078,4216 1078,4156"/>
                    <TextEquiv>
                        <Unicode>ein</Unicode>
                    </TextEquiv>
                </Word>
                <Word id="tr_2_tl_81_w8" custom="readingOrder {index:7;}">
                    <Coords points="1105,4156 1105,4216 1165,4216 1165,4156"/>
                    <TextEquiv>
                        <Unicode>Ge¬</Unicode>
                    </TextEquiv>
                </Word>
                <TextEquiv>
                    <Unicode>der neue Direktor der Großen Oper, ein Ge¬</Unicode>
                </TextEquiv>
            </TextLine>
            <TextLine id="tr_2_tl_82" custom="readingOrder {index:81;}">
                <Coords points="670,4266 713,4258 728,4262 765,4241 805,4244 806,4211 792,4214 763,4202 740,4209 692,4194 671,4200"/>
                <Baseline points="677,4238 703,4240 729,4241 755,4239 781,4238 808,4238"/>
                <TextEquiv>
                    <Unicode></Unicode>
                </TextEquiv>
            </TextLine>
            <TextLine id="tr_2_tl_83" custom="readingOrder {index:82;}">
                <Coords points="853,4244 1027,4246 1044,4259 1076,4252 1163,4270 1164,4203 1072,4212 969,4203 952,4217 854,4207"/>
                <Baseline points="859,4244 884,4244 910,4244 936,4244 961,4243 987,4241 1013,4243 1038,4244 1064,4244 1090,4244 1115,4244 1141,4243 1167,4241"/>
                <TextEquiv>
                    <Unicode></Unicode>
                </TextEquiv>
            </TextLine>
            <TextEquiv>
                <Unicode></Unicode>
            </TextEquiv>
        </TextRegion>
        <TextRegion orientation="0.0" id="tr_3" custom="readingOrder {index:2;}">
            <Coords points="1247,314 1247,3397 2074,3397 2074,314"/>
            <TextLine id="tr_3_tl_1" custom="readingOrder {index:0;}">
                <Coords points="1464,364 1559,371 1639,349 1691,369 1742,351 1763,364 1883,360 1884,292 1782,275 1732,289 1704,279 1672,302 1570,283 1518,304 1465,285"/>
                <Baseline points="1471,340 1496,337 1522,337 1548,338 1574,340 1600,338 1626,337 1652,337 1678,337 1704,337 1730,337 1756,337 1782,337 1808,336 1834,334 1860,335 1886,337"/>
                <Word id="tr_3_tl_1_w1" custom="readingOrder {index:0;}">
                    <Coords points="1461,297 1461,357 1594,357 1594,297"/>
                    <TextEquiv>
                        <Unicode>box</Unicode>
                    </TextEquiv>
                </Word>
                <Word id="tr_3_tl_1_w2" custom="readingOrder {index:1;}">
                    <Coords points="1674,297 1674,357 1861,357 1861,297"/>
                    <TextEquiv>
                        <Unicode>44/1</Unicode>
                    </TextEquiv>
                </Word>
                <TextEquiv>
                    <Unicode>box 44/1</Unicode>
                </TextEquiv>
            </TextLine>
            <TextLine id="tr_3_tl_2" custom="readingOrder {index:1;}">
                <Coords points="1248,2817 2071,2819 2071,2778 1779,2790 1702,2759 1578,2787 1513,2750 1349,2787 1248,2762"/>
                <Baseline points="1253,2802 1294,2805 1335,2805 1376,2805 1417,2805 1458,2805 1499,2805 1540,2806 1581,2808 1622,2808 1663,2808 1704,2808 1745,2808 1786,2811 1827,2811 1868,2811 1909,2811 1950,2811 1991,2811 2032,2811 2074,2814"/>
                <Word id="tr_3_tl_2_w1" custom="readingOrder {index:0;}">
                    <Coords points="1245,2764 1245,2824 1319,2824 1319,2764"/>
                    <TextEquiv>
                        <Unicode>falls</Unicode>
                    </TextEquiv>
                </Word>
                <Word id="tr_3_tl_2_w2" custom="readingOrder {index:1;}">
                    <Coords points="1347,2765 1347,2825 1484,2825 1484,2765"/>
                    <TextEquiv>
                        <Unicode>stärkste</Unicode>
                    </TextEquiv>
                </Word>
                <Word id="tr_3_tl_2_w3" custom="readingOrder {index:2;}">
                    <Coords points="1508,2768 1508,2828 1680,2828 1680,2768"/>
                    <TextEquiv>
                        <Unicode>Kontraste</Unicode>
                    </TextEquiv>
                </Word>
                <Word id="tr_3_tl_2_w4" custom="readingOrder {index:3;}">
                    <Coords points="1712,2768 1712,2828 1762,2828 1762,2768"/>
                    <TextEquiv>
                        <Unicode>zur</Unicode>
                    </TextEquiv>
                </Word>
                <Word id="tr_3_tl_2_w5" custom="readingOrder {index:4;}">
                    <Coords points="1790,2771 1790,2831 1966,2831 1966,2771"/>
                    <TextEquiv>
                        <Unicode>Auslösung</Unicode>
                    </TextEquiv>
                </Word>
                <Word id="tr_3_tl_2_w6" custom="readingOrder {index:5;}">
                    <Coords points="1998,2771 1998,2831 2068,2831 2068,2771"/>
                    <TextEquiv>
                        <Unicode>mu¬</Unicode>
                    </TextEquiv>
                </Word>
                <TextEquiv>
                    <Unicode>falls stärkste Kontraste zur Auslösung mu¬</Unicode>
                </TextEquiv>
            </TextLine>
            <TextLine id="tr_3_tl_3" custom="readingOrder {index:2;}">
                <Coords points="1249,2854 1923,2872 2071,2860 2070,2822 1248,2828"/>
                <Baseline points="1253,2844 1294,2847 1335,2847 1376,2847 1417,2847 1458,2847 1499,2847 1540,2847 1581,2848 1622,2850 1663,2850 1704,2850 1745,2850 1786,2850 1827,2850 1868,2850 1909,2852 1950,2853 1991,2853 2032,2853 2074,2856"/>
                <Word id="tr_3_tl_3_w1" custom="readingOrder {index:0;}">
                    <Coords points="1245,2807 1245,2867 1432,2867 1432,2807"/>
                    <TextEquiv>
                        <Unicode>sikalischer</Unicode>
                    </TextEquiv>
                </Word>
                <Word id="tr_3_tl_3_w2" custom="readingOrder {index:1;}">
                    <Coords points="1459,2807 1459,2867 1601,2867 1601,2807"/>
                    <TextEquiv>
                        <Unicode>Effekte,</Unicode>
                    </TextEquiv>
                </Word>
                <Word id="tr_3_tl_3_w3" custom="readingOrder {index:2;}">
                    <Coords points="1621,2810 1621,2870 1685,2870 1685,2810"/>
                    <TextEquiv>
                        <Unicode>dies</Unicode>
                    </TextEquiv>
                </Word>
                <Word id="tr_3_tl_3_w4" custom="readingOrder {index:3;}">
                    <Coords points="1712,2810 1712,2870 1789,2870 1789,2810"/>
                    <TextEquiv>
                        <Unicode>auch</Unicode>
                    </TextEquiv>
                </Word>
                <Word id="tr_3_tl_3_w5" custom="readingOrder {index:4;}">
                    <Coords points="1820,2810 1820,2870 1915,2870 1915,2810"/>
                    <TextEquiv>
                        <Unicode>schon</Unicode>
                    </TextEquiv>
                </Word>
                <Word id="tr_3_tl_3_w6" custom="readingOrder {index:5;}">
                    <Coords points="1946,2813 1946,2873 1969,2873 1969,2813"/>
                    <TextEquiv>
                        <Unicode>in</Unicode>
                    </TextEquiv>
                </Word>
                <Word id="tr_3_tl_3_w7" custom="readingOrder {index:6;}">
                    <Coords points="2000,2813 2000,2873 2053,2873 2053,2813"/>
                    <TextEquiv>
                        <Unicode>dem</Unicode>
                    </TextEquiv>
                </Word>
                <TextEquiv>
                    <Unicode>sikalischer Effekte, dies auch schon in dem</Unicode>
                </TextEquiv>
            </TextLine>
            <TextLine id="tr_3_tl_4" custom="readingOrder {index:3;}">
                <Coords points="1253,2893 2068,2908 2068,2861 1253,2859"/>
                <Baseline points="1259,2886 1299,2886 1340,2888 1380,2889 1421,2889 1462,2889 1502,2889 1543,2889 1583,2890 1624,2892 1665,2892 1705,2892 1746,2892 1786,2892 1827,2892 1868,2892 1908,2893 1949,2895 1989,2895 2030,2895 2071,2895"/>
                <Word id="tr_3_tl_4_w1" custom="readingOrder {index:0;}">
                    <Coords points="1250,2848 1250,2908 1490,2908 1490,2848"/>
                    <TextEquiv>
                        <Unicode>musikalischen</Unicode>
                    </TextEquiv>
                </Word>
                <Word id="tr_3_tl_4_w2" custom="readingOrder {index:1;}">
                    <Coords points="1524,2851 1524,2911 1703,2911 1703,2851"/>
                    <TextEquiv>
                        <Unicode>Gegensatz</Unicode>
                    </TextEquiv>
                </Word>
                <Word id="tr_3_tl_4_w3" custom="readingOrder {index:2;}">
                    <Coords points="1738,2852 1738,2912 1890,2912 1890,2852"/>
                    <TextEquiv>
                        <Unicode>zwischen</Unicode>
                    </TextEquiv>
                </Word>
                <Word id="tr_3_tl_4_w4" custom="readingOrder {index:3;}">
                    <Coords points="1928,2855 1928,2915 2065,2915 2065,2855"/>
                    <TextEquiv>
                        <Unicode>katholi-</Unicode>
                    </TextEquiv>
                </Word>
                <TextEquiv>
                    <Unicode>musikalischen Gegensatz zwischen katholi-</Unicode>
                </TextEquiv>
            </TextLine>
            <TextLine id="tr_3_tl_5" custom="readingOrder {index:4;}">
                <Coords points="1241,2937 2069,2940 2068,2908 1433,2914 1241,2887"/>
                <Baseline points="1247,2928 1288,2928 1329,2928 1370,2928 1411,2930 1453,2929 1494,2928 1535,2929 1576,2931 1617,2931 1659,2931 1700,2931 1741,2931 1782,2934 1823,2934 1865,2934 1906,2934 1947,2934 1988,2936 2029,2937 2071,2937"/>
                <Word id="tr_3_tl_5_w1" custom="readingOrder {index:0;}">
                    <Coords points="1238,2888 1238,2948 1326,2948 1326,2888"/>
                    <TextEquiv>
                        <Unicode>scher</Unicode>
                    </TextEquiv>
                </Word>
                <Word id="tr_3_tl_5_w2" custom="readingOrder {index:1;}">
                    <Coords points="1352,2888 1352,2948 1407,2948 1407,2888"/>
                    <TextEquiv>
                        <Unicode>und</Unicode>
                    </TextEquiv>
                </Word>
                <Word id="tr_3_tl_5_w3" custom="readingOrder {index:2;}">
                    <Coords points="1433,2891 1433,2951 1724,2951 1724,2891"/>
                    <TextEquiv>
                        <Unicode>protestantischer</Unicode>
                    </TextEquiv>
                </Word>
                <Word id="tr_3_tl_5_w4" custom="readingOrder {index:3;}">
                    <Coords points="1746,2894 1746,2954 1882,2954 1882,2894"/>
                    <TextEquiv>
                        <Unicode>Sphâre.</Unicode>
                    </TextEquiv>
                </Word>
                <Word id="tr_3_tl_5_w5" custom="readingOrder {index:4;}">
                    <Coords points="1920,2896 1920,2956 2063,2956 2063,2896"/>
                    <TextEquiv>
                        <Unicode>Letztere</Unicode>
                    </TextEquiv>
                </Word>
                <TextEquiv>
                    <Unicode>scher und protestantischer Sphâre. Letztere</Unicode>
                </TextEquiv>
            </TextLine>
            <TextLine id="tr_3_tl_6" custom="readingOrder {index:5;}">
                <Coords points="1244,2982 2063,2980 2044,2945 1363,2961 1244,2936"/>
                <Baseline points="1250,2969 1290,2967 1331,2969 1372,2969 1413,2969 1453,2969 1494,2969 1535,2969 1576,2970 1616,2971 1657,2969 1698,2972 1739,2972 1779,2972 1820,2972 1861,2972 1902,2972 1942,2972 1983,2972 2024,2972 2065,2972"/>
                <Word id="tr_3_tl_6_w1" custom="readingOrder {index:0;}">
                    <Coords points="1241,2927 1241,2987 1332,2987 1332,2927"/>
                    <TextEquiv>
                        <Unicode>malte</Unicode>
                    </TextEquiv>
                </Word>
                <Word id="tr_3_tl_6_w2" custom="readingOrder {index:1;}">
                    <Coords points="1376,2929 1376,2989 1409,2989 1409,2929"/>
                    <TextEquiv>
                        <Unicode>er</Unicode>
                    </TextEquiv>
                </Word>
                <Word id="tr_3_tl_6_w3" custom="readingOrder {index:2;}">
                    <Coords points="1435,2929 1435,2989 1636,2989 1636,2929"/>
                    <TextEquiv>
                        <Unicode>musikalisch</Unicode>
                    </TextEquiv>
                </Word>
                <Word id="tr_3_tl_6_w4" custom="readingOrder {index:3;}">
                    <Coords points="1688,2932 1688,2992 1783,2992 1783,2932"/>
                    <TextEquiv>
                        <Unicode>durch</Unicode>
                    </TextEquiv>
                </Word>
                <Word id="tr_3_tl_6_w5" custom="readingOrder {index:4;}">
                    <Coords points="1834,2932 1834,2992 1878,2992 1878,2932"/>
                    <TextEquiv>
                        <Unicode>die</Unicode>
                    </TextEquiv>
                </Word>
                <Word id="tr_3_tl_6_w6" custom="readingOrder {index:5;}">
                    <Coords points="1911,2932 1911,2992 2061,2992 2061,2932"/>
                    <TextEquiv>
                        <Unicode>Verwen¬</Unicode>
                    </TextEquiv>
                </Word>
                <TextEquiv>
                    <Unicode>malte er musikalisch durch die Verwen¬</Unicode>
                </TextEquiv>
            </TextLine>
            <TextLine id="tr_3_tl_7" custom="readingOrder {index:6;}">
                <Coords points="1250,3028 2071,3017 2071,2991 2007,2982 1250,2979"/>
                <Baseline points="1256,3008 1296,3008 1337,3008 1378,3008 1419,3008 1460,3010 1501,3011 1542,3011 1583,3011 1624,3011 1665,3011 1705,3011 1746,3011 1787,3011 1828,3013 1869,3014 1910,3014 1951,3014 1992,3014 2033,3014 2074,3011"/>
                <Word id="tr_3_tl_7_w1" custom="readingOrder {index:0;}">
                    <Coords points="1247,2968 1247,3028 1322,3028 1322,2968"/>
                    <TextEquiv>
                        <Unicode>dung</Unicode>
                    </TextEquiv>
                </Word>
                <Word id="tr_3_tl_7_w2" custom="readingOrder {index:1;}">
                    <Coords points="1353,2968 1353,3028 1402,3028 1402,2968"/>
                    <TextEquiv>
                        <Unicode>des</Unicode>
                    </TextEquiv>
                </Word>
                <Word id="tr_3_tl_7_w3" custom="readingOrder {index:2;}">
                    <Coords points="1429,2970 1429,3030 1553,3030 1553,2970"/>
                    <TextEquiv>
                        <Unicode>Chorals</Unicode>
                    </TextEquiv>
                </Word>
                <Word id="tr_3_tl_7_w4" custom="readingOrder {index:3;}">
                    <Coords points="1584,2971 1584,3031 1625,3031 1625,2971"/>
                    <TextEquiv>
                        <Unicode>(so</Unicode>
                    </TextEquiv>
                </Word>
                <Word id="tr_3_tl_7_w5" custom="readingOrder {index:4;}">
                    <Coords points="1652,2971 1652,3031 1705,3031 1705,2971"/>
                    <TextEquiv>
                        <Unicode>des</Unicode>
                    </TextEquiv>
                </Word>
                <Word id="tr_3_tl_7_w6" custom="readingOrder {index:5;}">
                    <Coords points="1728,2973 1728,3033 1951,3033 1951,2973"/>
                    <TextEquiv>
                        <Unicode>Luther'schen</Unicode>
                    </TextEquiv>
                </Word>
                <Word id="tr_3_tl_7_w7" custom="readingOrder {index:6;}">
                    <Coords points="1982,2974 1982,3034 2061,3034 2061,2974"/>
                    <TextEquiv>
                        <Unicode>Cho-</Unicode>
                    </TextEquiv>
                </Word>
                <TextEquiv>
                    <Unicode>dung des Chorals (so des Luther'schen Cho-</Unicode>
                </TextEquiv>
            </TextLine>
            <TextLine id="tr_3_tl_8" custom="readingOrder {index:7;}">
                <Coords points="1248,3059 2068,3064 2033,3020 1248,3029"/>
                <Baseline points="1253,3050 1293,3050 1334,3052 1375,3051 1416,3050 1457,3050 1498,3050 1539,3051 1580,3053 1621,3053 1662,3053 1702,3053 1743,3053 1784,3053 1825,3053 1866,3053 1907,3053 1948,3055 1989,3056 2030,3056 2071,3056"/>
                <Word id="tr_3_tl_8_w1" custom="readingOrder {index:0;}">
                    <Coords points="1241,3010 1241,3070 1319,3070 1319,3010"/>
                    <TextEquiv>
                        <Unicode>rales</Unicode>
                    </TextEquiv>
                </Word>
                <Word id="tr_3_tl_8_w2" custom="readingOrder {index:1;}">
                    <Coords points="1345,3010 1345,3070 1438,3070 1438,3010"/>
                    <TextEquiv>
                        <Unicode>„Eine</Unicode>
                    </TextEquiv>
                </Word>
                <Word id="tr_3_tl_8_w3" custom="readingOrder {index:2;}">
                    <Coords points="1460,3010 1460,3070 1542,3070 1542,3010"/>
                    <TextEquiv>
                        <Unicode>feste</Unicode>
                    </TextEquiv>
                </Word>
                <Word id="tr_3_tl_8_w4" custom="readingOrder {index:3;}">
                    <Coords points="1568,3013 1568,3073 1649,3073 1649,3013"/>
                    <TextEquiv>
                        <Unicode>Burg</Unicode>
                    </TextEquiv>
                </Word>
                <Word id="tr_3_tl_8_w5" custom="readingOrder {index:4;}">
                    <Coords points="1676,3013 1676,3073 1720,3073 1720,3013"/>
                    <TextEquiv>
                        <Unicode>ist</Unicode>
                    </TextEquiv>
                </Word>
                <Word id="tr_3_tl_8_w6" custom="readingOrder {index:5;}">
                    <Coords points="1743,3013 1743,3073 1835,3073 1835,3013"/>
                    <TextEquiv>
                        <Unicode>unser</Unicode>
                    </TextEquiv>
                </Word>
                <Word id="tr_3_tl_8_w7" custom="readingOrder {index:6;}">
                    <Coords points="1862,3013 1862,3073 1954,3073 1954,3013"/>
                    <TextEquiv>
                        <Unicode>Gott"</Unicode>
                    </TextEquiv>
                </Word>
                <Word id="tr_3_tl_8_w8" custom="readingOrder {index:7;}">
                    <Coords points="1970,3016 1970,3076 2062,3076 2062,3016"/>
                    <TextEquiv>
                        <Unicode>schon</Unicode>
                    </TextEquiv>
                </Word>
                <TextEquiv>
                    <Unicode>rales „Eine feste Burg ist unser Gott" schon</Unicode>
                </TextEquiv>
            </TextLine>
            <TextLine id="tr_3_tl_9" custom="readingOrder {index:8;}">
                <Coords points="1248,3106 2054,3114 2068,3077 1247,3063"/>
                <Baseline points="1253,3092 1293,3092 1334,3092 1375,3092 1416,3092 1457,3092 1498,3092 1539,3093 1580,3095 1621,3095 1662,3095 1702,3092 1743,3092 1784,3095 1825,3095 1866,3097 1907,3098 1948,3098 1989,3098 2030,3098 2071,3098"/>
                <Word id="tr_3_tl_9_w1" custom="readingOrder {index:0;}">
                    <Coords points="1244,3052 1244,3112 1266,3112 1266,3052"/>
                    <TextEquiv>
                        <Unicode>in</Unicode>
                    </TextEquiv>
                </Word>
                <Word id="tr_3_tl_9_w2" custom="readingOrder {index:1;}">
                    <Coords points="1301,3052 1301,3112 1354,3112 1354,3052"/>
                    <TextEquiv>
                        <Unicode>der</Unicode>
                    </TextEquiv>
                </Word>
                <Word id="tr_3_tl_9_w3" custom="readingOrder {index:2;}">
                    <Coords points="1385,3052 1385,3112 1593,3112 1593,3052"/>
                    <TextEquiv>
                        <Unicode>Ouvertüre).</Unicode>
                    </TextEquiv>
                </Word>
                <Word id="tr_3_tl_9_w4" custom="readingOrder {index:3;}">
                    <Coords points="1636,3053 1636,3113 1727,3113 1727,3053"/>
                    <TextEquiv>
                        <Unicode>Diese</Unicode>
                    </TextEquiv>
                </Word>
                <Word id="tr_3_tl_9_w5" custom="readingOrder {index:4;}">
                    <Coords points="1761,3057 1761,3117 1978,3117 1978,3057"/>
                    <TextEquiv>
                        <Unicode>Verwendung</Unicode>
                    </TextEquiv>
                </Word>
                <Word id="tr_3_tl_9_w6" custom="readingOrder {index:5;}">
                    <Coords points="2013,3058 2013,3118 2065,3118 2065,3058"/>
                    <TextEquiv>
                        <Unicode>des</Unicode>
                    </TextEquiv>
                </Word>
                <TextEquiv>
                    <Unicode>in der Ouvertüre). Diese Verwendung des</Unicode>
                </TextEquiv>
            </TextLine>
            <TextLine id="tr_3_tl_10" custom="readingOrder {index:9;}">
                <Coords points="1249,3147 2071,3148 2070,3114 1961,3106 1248,3105"/>
                <Baseline points="1253,3134 1294,3131 1335,3133 1376,3134 1417,3134 1458,3134 1499,3134 1540,3134 1581,3134 1622,3135 1663,3137 1704,3137 1745,3137 1786,3137 1827,3137 1868,3137 1909,3139 1950,3140 1991,3140 2032,3140 2074,3143"/>
                <Word id="tr_3_tl_10_w1" custom="readingOrder {index:0;}">
                    <Coords points="1245,3093 1245,3153 1435,3153 1435,3093"/>
                    <TextEquiv>
                        <Unicode>kirchlichen</Unicode>
                    </TextEquiv>
                </Word>
                <Word id="tr_3_tl_10_w2" custom="readingOrder {index:1;}">
                    <Coords points="1486,3094 1486,3154 1636,3154 1636,3094"/>
                    <TextEquiv>
                        <Unicode>Chorales</Unicode>
                    </TextEquiv>
                </Word>
                <Word id="tr_3_tl_10_w3" custom="readingOrder {index:2;}">
                    <Coords points="1688,3097 1688,3157 1845,3157 1845,3097"/>
                    <TextEquiv>
                        <Unicode>zwischen</Unicode>
                    </TextEquiv>
                </Word>
                <Word id="tr_3_tl_10_w4" custom="readingOrder {index:3;}">
                    <Coords points="1886,3100 1886,3160 2058,3160 2058,3100"/>
                    <TextEquiv>
                        <Unicode>Kavatinen</Unicode>
                    </TextEquiv>
                </Word>
                <TextEquiv>
                    <Unicode>kirchlichen Chorales zwischen Kavatinen</Unicode>
                </TextEquiv>
            </TextLine>
            <TextLine id="tr_3_tl_11" custom="readingOrder {index:10;}">
                <Coords points="1253,3188 2036,3195 2068,3193 2068,3160 1252,3155"/>
                <Baseline points="1259,3175 1299,3172 1340,3172 1380,3174 1421,3175 1462,3175 1502,3175 1543,3175 1583,3175 1624,3175 1665,3178 1705,3178 1746,3178 1786,3178 1827,3178 1868,3178 1908,3179 1949,3181 1989,3181 2030,3181 2071,3178"/>
                <Word id="tr_3_tl_11_w1" custom="readingOrder {index:0;}">
                    <Coords points="1249,3133 1249,3193 1300,3193 1300,3133"/>
                    <TextEquiv>
                        <Unicode>und</Unicode>
                    </TextEquiv>
                </Word>
                <Word id="tr_3_tl_11_w2" custom="readingOrder {index:1;}">
                    <Coords points="1344,3134 1344,3194 1480,3194 1480,3134"/>
                    <TextEquiv>
                        <Unicode>Duetten</Unicode>
                    </TextEquiv>
                </Word>
                <Word id="tr_3_tl_11_w3" custom="readingOrder {index:2;}">
                    <Coords points="1525,3135 1525,3195 1646,3195 1646,3135"/>
                    <TextEquiv>
                        <Unicode>erregte</Unicode>
                    </TextEquiv>
                </Word>
                <Word id="tr_3_tl_11_w4" custom="readingOrder {index:3;}">
                    <Coords points="1694,3138 1694,3198 1720,3198 1720,3138"/>
                    <TextEquiv>
                        <Unicode>in</Unicode>
                    </TextEquiv>
                </Word>
                <Word id="tr_3_tl_11_w5" custom="readingOrder {index:4;}">
                    <Coords points="1768,3139 1768,3199 2058,3199 2058,3139"/>
                    <TextEquiv>
                        <Unicode>protestantischen</Unicode>
                    </TextEquiv>
                </Word>
                <TextEquiv>
                    <Unicode>und Duetten erregte in protestantischen</Unicode>
                </TextEquiv>
            </TextLine>
            <TextLine id="tr_3_tl_12" custom="readingOrder {index:11;}">
                <Coords points="1248,3221 2022,3243 2065,3236 2064,3198 1247,3184"/>
                <Baseline points="1253,3211 1293,3214 1334,3214 1375,3216 1416,3217 1456,3217 1497,3217 1538,3217 1579,3217 1619,3217 1660,3217 1701,3217 1742,3217 1782,3219 1823,3220 1864,3220 1905,3220 1945,3220 1986,3221 2027,3223 2068,3220"/>
                <Word id="tr_3_tl_12_w1" custom="readingOrder {index:0;}">
                    <Coords points="1244,3174 1244,3234 1369,3234 1369,3174"/>
                    <TextEquiv>
                        <Unicode>Kreisen</Unicode>
                    </TextEquiv>
                </Word>
                <Word id="tr_3_tl_12_w2" custom="readingOrder {index:1;}">
                    <Coords points="1403,3177 1403,3237 1539,3237 1539,3177"/>
                    <TextEquiv>
                        <Unicode>Anstoß.</Unicode>
                    </TextEquiv>
                </Word>
                <Word id="tr_3_tl_12_w3" custom="readingOrder {index:2;}">
                    <Coords points="1559,3177 1559,3237 1638,3237 1638,3177"/>
                    <TextEquiv>
                        <Unicode>Auch</Unicode>
                    </TextEquiv>
                </Word>
                <Word id="tr_3_tl_12_w4" custom="readingOrder {index:3;}">
                    <Coords points="1672,3177 1672,3237 1714,3237 1714,3177"/>
                    <TextEquiv>
                        <Unicode>ein</Unicode>
                    </TextEquiv>
                </Word>
                <Word id="tr_3_tl_12_w5" custom="readingOrder {index:4;}">
                    <Coords points="1744,3180 1744,3240 1926,3240 1926,3180"/>
                    <TextEquiv>
                        <Unicode>Schumann</Unicode>
                    </TextEquiv>
                </Word>
                <Word id="tr_3_tl_12_w6" custom="readingOrder {index:5;}">
                    <Coords points="1957,3182 1957,3242 2058,3242 2058,3182"/>
                    <TextEquiv>
                        <Unicode>zählte</Unicode>
                    </TextEquiv>
                </Word>
                <TextEquiv>
                    <Unicode>Kreisen Anstoß. Auch ein Schumann zählte</Unicode>
                </TextEquiv>
            </TextLine>
            <TextLine id="tr_3_tl_13" custom="readingOrder {index:12;}">
                <Coords points="1244,3262 2065,3275 2065,3236 1957,3227 1244,3232"/>
                <Baseline points="1250,3253 1290,3253 1331,3255 1372,3256 1413,3258 1454,3259 1495,3259 1536,3259 1577,3259 1618,3259 1659,3259 1699,3259 1740,3259 1781,3259 1822,3259 1863,3259 1904,3261 1945,3262 1986,3262 2027,3262 2068,3265"/>
                <Word id="tr_3_tl_13_w1" custom="readingOrder {index:0;}">
                    <Coords points="1241,3213 1241,3273 1270,3273 1270,3213"/>
                    <TextEquiv>
                        <Unicode>zu</Unicode>
                    </TextEquiv>
                </Word>
                <Word id="tr_3_tl_13_w2" custom="readingOrder {index:1;}">
                    <Coords points="1304,3215 1304,3275 1358,3275 1358,3215"/>
                    <TextEquiv>
                        <Unicode>den</Unicode>
                    </TextEquiv>
                </Word>
                <Word id="tr_3_tl_13_w3" custom="readingOrder {index:2;}">
                    <Coords points="1392,3219 1392,3279 1539,3279 1539,3219"/>
                    <TextEquiv>
                        <Unicode>Tadlern.</Unicode>
                    </TextEquiv>
                </Word>
                <Word id="tr_3_tl_13_w4" custom="readingOrder {index:3;}">
                    <Coords points="1580,3219 1580,3279 1745,3279 1745,3219"/>
                    <TextEquiv>
                        <Unicode>Spontini,</Unicode>
                    </TextEquiv>
                </Word>
                <Word id="tr_3_tl_13_w5" custom="readingOrder {index:4;}">
                    <Coords points="1786,3219 1786,3279 1838,3279 1838,3219"/>
                    <TextEquiv>
                        <Unicode>der</Unicode>
                    </TextEquiv>
                </Word>
                <Word id="tr_3_tl_13_w6" custom="readingOrder {index:5;}">
                    <Coords points="1868,3220 1868,3280 1930,3280 1930,3220"/>
                    <TextEquiv>
                        <Unicode>sich</Unicode>
                    </TextEquiv>
                </Word>
                <Word id="tr_3_tl_13_w7" custom="readingOrder {index:6;}">
                    <Coords points="1963,3222 1963,3282 2055,3282 2055,3222"/>
                    <TextEquiv>
                        <Unicode>durch</Unicode>
                    </TextEquiv>
                </Word>
                <TextEquiv>
                    <Unicode>zu den Tadlern. Spontini, der sich durch</Unicode>
                </TextEquiv>
            </TextLine>
            <TextLine id="tr_3_tl_14" custom="readingOrder {index:13;}">
                <Coords points="1256,3307 2061,3326 2061,3273 1255,3269"/>
                <Baseline points="1262,3295 1302,3295 1342,3295 1382,3297 1422,3298 1462,3298 1502,3299 1542,3301 1582,3301 1622,3301 1662,3301 1702,3301 1742,3301 1782,3301 1822,3301 1862,3301 1902,3302 1942,3304 1982,3304 2022,3304 2062,3304"/>
                <Word id="tr_3_tl_14_w1" custom="readingOrder {index:0;}">
                    <Coords points="1252,3255 1252,3315 1425,3315 1425,3255"/>
                    <TextEquiv>
                        <Unicode>Meyerbeer</Unicode>
                    </TextEquiv>
                </Word>
                <Word id="tr_3_tl_14_w2" custom="readingOrder {index:1;}">
                    <Coords points="1454,3259 1454,3319 1584,3319 1584,3259"/>
                    <TextEquiv>
                        <Unicode>bedroht</Unicode>
                    </TextEquiv>
                </Word>
                <Word id="tr_3_tl_14_w3" custom="readingOrder {index:2;}">
                    <Coords points="1610,3261 1610,3321 1683,3321 1683,3261"/>
                    <TextEquiv>
                        <Unicode>sah,</Unicode>
                    </TextEquiv>
                </Word>
                <Word id="tr_3_tl_14_w4" custom="readingOrder {index:3;}">
                    <Coords points="1705,3261 1705,3321 1808,3321 1808,3261"/>
                    <TextEquiv>
                        <Unicode>wußte</Unicode>
                    </TextEquiv>
                </Word>
                <Word id="tr_3_tl_14_w5" custom="readingOrder {index:4;}">
                    <Coords points="1836,3261 1836,3321 1892,3321 1892,3261"/>
                    <TextEquiv>
                        <Unicode>vom</Unicode>
                    </TextEquiv>
                </Word>
                <Word id="tr_3_tl_14_w6" custom="readingOrder {index:5;}">
                    <Coords points="1936,3264 1936,3324 2063,3324 2063,3264"/>
                    <TextEquiv>
                        <Unicode>religiô-</Unicode>
                    </TextEquiv>
                </Word>
                <TextEquiv>
                    <Unicode>Meyerbeer bedroht sah, wußte vom religiô-</Unicode>
                </TextEquiv>
            </TextLine>
            <TextLine id="tr_3_tl_15" custom="readingOrder {index:14;}">
                <Coords points="1250,3357 2054,3358 2053,3323 1989,3310 1249,3321"/>
                <Baseline points="1256,3340 1296,3337 1336,3339 1376,3340 1416,3340 1456,3340 1496,3341 1536,3343 1576,3343 1616,3340 1656,3343 1696,3343 1736,3343 1776,3343 1816,3343 1856,3343 1896,3343 1936,3343 1976,3343 2016,3343 2056,3343"/>
                <Word id="tr_3_tl_15_w1" custom="readingOrder {index:0;}">
                    <Coords points="1242,3299 1242,3359 1288,3359 1288,3299"/>
                    <TextEquiv>
                        <Unicode>sen</Unicode>
                    </TextEquiv>
                </Word>
                <Word id="tr_3_tl_15_w2" custom="readingOrder {index:1;}">
                    <Coords points="1324,3300 1324,3360 1442,3360 1442,3300"/>
                    <TextEquiv>
                        <Unicode>Punkte</Unicode>
                    </TextEquiv>
                </Word>
                <Word id="tr_3_tl_15_w3" custom="readingOrder {index:2;}">
                    <Coords points="1470,3301 1470,3361 1527,3361 1527,3301"/>
                    <TextEquiv>
                        <Unicode>aus</Unicode>
                    </TextEquiv>
                </Word>
                <Word id="tr_3_tl_15_w4" custom="readingOrder {index:3;}">
                    <Coords points="1560,3302 1560,3362 1602,3362 1602,3302"/>
                    <TextEquiv>
                        <Unicode>die</Unicode>
                    </TextEquiv>
                </Word>
                <Word id="tr_3_tl_15_w5" custom="readingOrder {index:4;}">
                    <Coords points="1635,3303 1635,3363 1799,3363 1799,3303"/>
                    <TextEquiv>
                        <Unicode>Bedenken</Unicode>
                    </TextEquiv>
                </Word>
                <Word id="tr_3_tl_15_w6" custom="readingOrder {index:5;}">
                    <Coords points="1835,3303 1835,3363 1938,3363 1938,3303"/>
                    <TextEquiv>
                        <Unicode>seines</Unicode>
                    </TextEquiv>
                </Word>
                <Word id="tr_3_tl_15_w7" custom="readingOrder {index:6;}">
                    <Coords points="1970,3303 1970,3363 2045,3363 2045,3303"/>
                    <TextEquiv>
                        <Unicode>Brot</Unicode>
                    </TextEquiv>
                </Word>
                <TextEquiv>
                    <Unicode>sen Punkte aus die Bedenken seines Brot</Unicode>
                </TextEquiv>
            </TextLine>
            <TextLine id="tr_3_tl_16" custom="readingOrder {index:15;}">
                <Coords points="1241,3391 1508,3414 1557,3385 1981,3389 2069,3413 2037,3354 1241,3356"/>
                <Baseline points="1247,3381 1288,3378 1329,3378 1370,3378 1411,3380 1453,3383 1494,3384 1535,3383 1576,3382 1617,3384 1659,3384 1700,3384 1741,3384 1782,3384 1823,3384 1865,3386 1906,3387 1947,3387 1988,3387 2029,3387 2071,3387"/>
                <Word id="tr_3_tl_16_w1" custom="readingOrder {index:0;}">
                    <Coords points="1242,3338 1242,3398 1336,3398 1336,3338"/>
                    <TextEquiv>
                        <Unicode>geber</Unicode>
                    </TextEquiv>
                </Word>
                <Word id="tr_3_tl_16_w2" custom="readingOrder {index:1;}">
                    <Coords points="1366,3342 1366,3402 1523,3402 1523,3342"/>
                    <TextEquiv>
                        <Unicode>Friedrich</Unicode>
                    </TextEquiv>
                </Word>
                <Word id="tr_3_tl_16_w3" custom="readingOrder {index:2;}">
                    <Coords points="1561,3344 1561,3404 1689,3404 1689,3344"/>
                    <TextEquiv>
                        <Unicode>Wilhelm</Unicode>
                    </TextEquiv>
                </Word>
                <Word id="tr_3_tl_16_w4" custom="readingOrder {index:3;}">
                    <Coords points="1737,3344 1737,3404 1795,3404 1795,3344"/>
                    <TextEquiv>
                        <Unicode>1Il.</Unicode>
                    </TextEquiv>
                </Word>
                <Word id="tr_3_tl_16_w5" custom="readingOrder {index:4;}">
                    <Coords points="1821,3345 1821,3405 1876,3405 1876,3345"/>
                    <TextEquiv>
                        <Unicode>von</Unicode>
                    </TextEquiv>
                </Word>
                <Word id="tr_3_tl_16_w6" custom="readingOrder {index:5;}">
                    <Coords points="1913,3347 1913,3407 2056,3407 2056,3347"/>
                    <TextEquiv>
                        <Unicode>Preußen</Unicode>
                    </TextEquiv>
                </Word>
                <TextEquiv>
                    <Unicode>geber Friedrich Wilhelm 1Il. von Preußen</Unicode>
                </TextEquiv>
            </TextLine>
            <TextEquiv>
                <Unicode></Unicode>
            </TextEquiv>
        </TextRegion>
        <TextRegion orientation="0.0" id="tr_4" custom="readingOrder {index:3;}">
            <Coords points="2131,2788 2131,3400 2961,3400 2961,2788"/>
            <TextLine id="tr_4_tl_1" custom="readingOrder {index:0;}">
                <Coords points="2125,2823 2949,2815 2919,2773 2125,2776"/>
                <Baseline points="2131,2808 2172,2808 2213,2808 2254,2808 2295,2808 2336,2810 2377,2811 2418,2811 2459,2811 2500,2811 2541,2811 2582,2811 2623,2811 2664,2811 2705,2811 2746,2811 2787,2811 2828,2811 2869,2811 2910,2810 2952,2808"/>
                <Word id="tr_4_tl_1_w1" custom="readingOrder {index:0;}">
                    <Coords points="2122,2768 2122,2828 2153,2828 2153,2768"/>
                    <TextEquiv>
                        <Unicode>zu</Unicode>
                    </TextEquiv>
                </Word>
                <Word id="tr_4_tl_1_w2" custom="readingOrder {index:1;}">
                    <Coords points="2185,2768 2185,2828 2327,2828 2327,2768"/>
                    <TextEquiv>
                        <Unicode>wecken.</Unicode>
                    </TextEquiv>
                </Word>
                <Word id="tr_4_tl_1_w3" custom="readingOrder {index:2;}">
                    <Coords points="2347,2771 2347,2831 2567,2831 2567,2771"/>
                    <TextEquiv>
                        <Unicode>Mendelssohn</Unicode>
                    </TextEquiv>
                </Word>
                <Word id="tr_4_tl_1_w4" custom="readingOrder {index:3;}">
                    <Coords points="2595,2771 2595,2831 2693,2831 2693,2771"/>
                    <TextEquiv>
                        <Unicode>selbst</Unicode>
                    </TextEquiv>
                </Word>
                <Word id="tr_4_tl_1_w5" custom="readingOrder {index:4;}">
                    <Coords points="2718,2771 2718,2831 2772,2831 2772,2771"/>
                    <TextEquiv>
                        <Unicode>hat</Unicode>
                    </TextEquiv>
                </Word>
                <Word id="tr_4_tl_1_w6" custom="readingOrder {index:5;}">
                    <Coords points="2793,2771 2793,2831 2855,2831 2855,2771"/>
                    <TextEquiv>
                        <Unicode>sich</Unicode>
                    </TextEquiv>
                </Word>
                <Word id="tr_4_tl_1_w7" custom="readingOrder {index:6;}">
                    <Coords points="2883,2769 2883,2829 2950,2829 2950,2769"/>
                    <TextEquiv>
                        <Unicode>leb¬</Unicode>
                    </TextEquiv>
                </Word>
                <TextEquiv>
                    <Unicode>zu wecken. Mendelssohn selbst hat sich leb¬</Unicode>
                </TextEquiv>
            </TextLine>
            <TextLine id="tr_4_tl_2" custom="readingOrder {index:1;}">
                <Coords points="2132,2858 2955,2867 2946,2824 2132,2824"/>
                <Baseline points="2137,2850 2178,2850 2219,2850 2260,2850 2301,2850 2342,2852 2383,2852 2424,2851 2465,2853 2506,2852 2547,2850 2588,2850 2629,2850 2670,2853 2711,2853 2752,2853 2793,2851 2834,2852 2875,2853 2916,2853 2958,2856"/>
                <Word id="tr_4_tl_2_w1" custom="readingOrder {index:0;}">
                    <Coords points="2130,2810 2130,2870 2196,2870 2196,2810"/>
                    <TextEquiv>
                        <Unicode>haft</Unicode>
                    </TextEquiv>
                </Word>
                <Word id="tr_4_tl_2_w2" custom="readingOrder {index:1;}">
                    <Coords points="2226,2810 2226,2870 2413,2870 2413,2810"/>
                    <TextEquiv>
                        <Unicode>verteidigt:</Unicode>
                    </TextEquiv>
                </Word>
                <Word id="tr_4_tl_2_w3" custom="readingOrder {index:2;}">
                    <Coords points="2443,2810 2443,2870 2613,2870 2613,2810"/>
                    <TextEquiv>
                        <Unicode>„Freilich,</Unicode>
                    </TextEquiv>
                </Word>
                <Word id="tr_4_tl_2_w4" custom="readingOrder {index:3;}">
                    <Coords points="2635,2813 2635,2873 2717,2873 2717,2813"/>
                    <TextEquiv>
                        <Unicode>wenn</Unicode>
                    </TextEquiv>
                </Word>
                <Word id="tr_4_tl_2_w5" custom="readingOrder {index:4;}">
                    <Coords points="2751,2811 2751,2871 2805,2871 2805,2811"/>
                    <TextEquiv>
                        <Unicode>der</Unicode>
                    </TextEquiv>
                </Word>
                <Word id="tr_4_tl_2_w6" custom="readingOrder {index:5;}">
                    <Coords points="2831,2813 2831,2873 2951,2873 2951,2813"/>
                    <TextEquiv>
                        <Unicode>Choral</Unicode>
                    </TextEquiv>
                </Word>
                <TextEquiv>
                    <Unicode>haft verteidigt: „Freilich, wenn der Choral</Unicode>
                </TextEquiv>
            </TextLine>
            <TextLine id="tr_4_tl_3" custom="readingOrder {index:2;}">
                <Coords points="2134,2901 2955,2901 2955,2867 2915,2858 2134,2862"/>
                <Baseline points="2140,2892 2180,2892 2221,2892 2262,2892 2303,2892 2344,2892 2385,2893 2426,2894 2467,2892 2508,2892 2549,2892 2589,2892 2630,2892 2671,2892 2712,2892 2753,2894 2794,2893 2835,2894 2876,2895 2917,2895 2958,2898"/>
                <Word id="tr_4_tl_3_w1" custom="readingOrder {index:0;}">
                    <Coords points="2127,2852 2127,2912 2178,2912 2178,2852"/>
                    <TextEquiv>
                        <Unicode>zur</Unicode>
                    </TextEquiv>
                </Word>
                <Word id="tr_4_tl_3_w2" custom="readingOrder {index:1;}">
                    <Coords points="2202,2852 2202,2912 2374,2912 2374,2852"/>
                    <TextEquiv>
                        <Unicode>Opernarie</Unicode>
                    </TextEquiv>
                </Word>
                <Word id="tr_4_tl_3_w3" custom="readingOrder {index:2;}">
                    <Coords points="2402,2852 2402,2912 2555,2912 2555,2852"/>
                    <TextEquiv>
                        <Unicode>gemacht</Unicode>
                    </TextEquiv>
                </Word>
                <Word id="tr_4_tl_3_w4" custom="readingOrder {index:3;}">
                    <Coords points="2583,2852 2583,2912 2701,2912 2701,2852"/>
                    <TextEquiv>
                        <Unicode>würde,</Unicode>
                    </TextEquiv>
                </Word>
                <Word id="tr_4_tl_3_w5" custom="readingOrder {index:4;}">
                    <Coords points="2721,2853 2721,2913 2752,2913 2752,2853"/>
                    <TextEquiv>
                        <Unicode>so</Unicode>
                    </TextEquiv>
                </Word>
                <Word id="tr_4_tl_3_w6" custom="readingOrder {index:5;}">
                    <Coords points="2780,2853 2780,2913 2862,2913 2862,2853"/>
                    <TextEquiv>
                        <Unicode>wäre</Unicode>
                    </TextEquiv>
                </Word>
                <Word id="tr_4_tl_3_w7" custom="readingOrder {index:6;}">
                    <Coords points="2893,2855 2893,2915 2944,2915 2944,2855"/>
                    <TextEquiv>
                        <Unicode>das</Unicode>
                    </TextEquiv>
                </Word>
                <TextEquiv>
                    <Unicode>zur Opernarie gemacht würde, so wäre das</Unicode>
                </TextEquiv>
            </TextLine>
            <TextLine id="tr_4_tl_4" custom="readingOrder {index:3;}">
                <Coords points="2140,2935 2955,2945 2948,2903 2140,2907"/>
                <Baseline points="2146,2928 2186,2931 2227,2931 2267,2931 2308,2933 2349,2934 2389,2934 2430,2934 2470,2934 2511,2934 2552,2934 2592,2934 2633,2934 2673,2934 2714,2934 2755,2936 2795,2935 2836,2935 2876,2937 2917,2937 2958,2937"/>
                <Word id="tr_4_tl_4_w1" custom="readingOrder {index:0;}">
                    <Coords points="2133,2891 2133,2951 2262,2951 2262,2891"/>
                    <TextEquiv>
                        <Unicode>wirklich</Unicode>
                    </TextEquiv>
                </Word>
                <Word id="tr_4_tl_4_w2" custom="readingOrder {index:1;}">
                    <Coords points="2294,2893 2294,2953 2333,2953 2333,2893"/>
                    <TextEquiv>
                        <Unicode>ein</Unicode>
                    </TextEquiv>
                </Word>
                <Word id="tr_4_tl_4_w3" custom="readingOrder {index:2;}">
                    <Coords points="2360,2894 2360,2954 2517,2954 2517,2894"/>
                    <TextEquiv>
                        <Unicode>Skandal.</Unicode>
                    </TextEquiv>
                </Word>
                <Word id="tr_4_tl_4_w4" custom="readingOrder {index:3;}">
                    <Coords points="2533,2894 2533,2954 2630,2954 2630,2894"/>
                    <TextEquiv>
                        <Unicode>Allein</Unicode>
                    </TextEquiv>
                </Word>
                <Word id="tr_4_tl_4_w5" custom="readingOrder {index:4;}">
                    <Coords points="2658,2894 2658,2954 2740,2954 2740,2894"/>
                    <TextEquiv>
                        <Unicode>wenn</Unicode>
                    </TextEquiv>
                </Word>
                <Word id="tr_4_tl_4_w6" custom="readingOrder {index:5;}">
                    <Coords points="2768,2895 2768,2955 2881,2955 2881,2895"/>
                    <TextEquiv>
                        <Unicode>gerade</Unicode>
                    </TextEquiv>
                </Word>
                <Word id="tr_4_tl_4_w7" custom="readingOrder {index:6;}">
                    <Coords points="2905,2897 2905,2957 2928,2957 2928,2897"/>
                    <TextEquiv>
                        <Unicode>im</Unicode>
                    </TextEquiv>
                </Word>
                <TextEquiv>
                    <Unicode>wirklich ein Skandal. Allein wenn gerade im</Unicode>
                </TextEquiv>
            </TextLine>
            <TextLine id="tr_4_tl_5" custom="readingOrder {index:4;}">
                <Coords points="2132,2991 2947,2985 2947,2952 2902,2945 2132,2946"/>
                <Baseline points="2137,2972 2177,2972 2218,2972 2258,2972 2299,2972 2340,2972 2380,2972 2421,2972 2461,2972 2502,2972 2543,2972 2583,2975 2624,2975 2664,2973 2705,2974 2746,2975 2786,2975 2827,2975 2867,2975 2908,2976 2949,2975"/>
                <Word id="tr_4_tl_5_w1" custom="readingOrder {index:0;}">
                    <Coords points="2129,2932 2129,2992 2290,2992 2290,2932"/>
                    <TextEquiv>
                        <Unicode>Gegenteil</Unicode>
                    </TextEquiv>
                </Word>
                <Word id="tr_4_tl_5_w2" custom="readingOrder {index:1;}">
                    <Coords points="2313,2932 2313,2992 2415,2992 2415,2932"/>
                    <TextEquiv>
                        <Unicode>dieser</Unicode>
                    </TextEquiv>
                </Word>
                <Word id="tr_4_tl_5_w3" custom="readingOrder {index:2;}">
                    <Coords points="2442,2932 2442,2992 2562,2992 2562,2932"/>
                    <TextEquiv>
                        <Unicode>Choral</Unicode>
                    </TextEquiv>
                </Word>
                <Word id="tr_4_tl_5_w4" custom="readingOrder {index:3;}">
                    <Coords points="2603,2934 2603,2994 2647,2994 2647,2934"/>
                    <TextEquiv>
                        <Unicode>als</Unicode>
                    </TextEquiv>
                </Word>
                <Word id="tr_4_tl_5_w5" custom="readingOrder {index:4;}">
                    <Coords points="2677,2935 2677,2995 2853,2995 2853,2935"/>
                    <TextEquiv>
                        <Unicode>Gegensatz</Unicode>
                    </TextEquiv>
                </Word>
                <Word id="tr_4_tl_5_w6" custom="readingOrder {index:5;}">
                    <Coords points="2894,2935 2894,2995 2945,2995 2945,2935"/>
                    <TextEquiv>
                        <Unicode>der</Unicode>
                    </TextEquiv>
                </Word>
                <TextEquiv>
                    <Unicode>Gegenteil dieser Choral als Gegensatz der</Unicode>
                </TextEquiv>
            </TextLine>
            <TextLine id="tr_4_tl_6" custom="readingOrder {index:5;}">
                <Coords points="2134,3025 2960,3031 2960,2981 2134,2989"/>
                <Baseline points="2140,3011 2181,3014 2222,3014 2263,3014 2304,3014 2345,3014 2386,3014 2427,3014 2468,3014 2509,3014 2550,3014 2591,3017 2632,3017 2673,3017 2714,3017 2755,3017 2796,3017 2837,3017 2878,3017 2919,3018 2961,3020"/>
                <Word id="tr_4_tl_6_w1" custom="readingOrder {index:0;}">
                    <Coords points="2132,2974 2132,3034 2301,3034 2301,2974"/>
                    <TextEquiv>
                        <Unicode>weltlichen</Unicode>
                    </TextEquiv>
                </Word>
                <Word id="tr_4_tl_6_w2" custom="readingOrder {index:1;}">
                    <Coords points="2333,2974 2333,3034 2434,3034 2434,2974"/>
                    <TextEquiv>
                        <Unicode>Musik</Unicode>
                    </TextEquiv>
                </Word>
                <Word id="tr_4_tl_6_w3" custom="readingOrder {index:2;}">
                    <Coords points="2463,2974 2463,3034 2539,3034 2539,2974"/>
                    <TextEquiv>
                        <Unicode>stets</Unicode>
                    </TextEquiv>
                </Word>
                <Word id="tr_4_tl_6_w4" custom="readingOrder {index:3;}">
                    <Coords points="2569,2977 2569,3037 2669,3037 2669,2977"/>
                    <TextEquiv>
                        <Unicode>streng</Unicode>
                    </TextEquiv>
                </Word>
                <Word id="tr_4_tl_6_w5" custom="readingOrder {index:4;}">
                    <Coords points="2702,2977 2702,3037 2759,3037 2759,2977"/>
                    <TextEquiv>
                        <Unicode>und</Unicode>
                    </TextEquiv>
                </Word>
                <Word id="tr_4_tl_6_w6" custom="readingOrder {index:5;}">
                    <Coords points="2791,2977 2791,3037 2940,3037 2940,2977"/>
                    <TextEquiv>
                        <Unicode>kirchlich</Unicode>
                    </TextEquiv>
                </Word>
                <TextEquiv>
                    <Unicode>weltlichen Musik stets streng und kirchlich</Unicode>
                </TextEquiv>
            </TextLine>
            <TextLine id="tr_4_tl_7" custom="readingOrder {index:6;}">
                <Coords points="2135,3070 2920,3073 2955,3025 2134,3023"/>
                <Baseline points="2140,3056 2180,3056 2221,3056 2262,3056 2303,3056 2344,3056 2385,3056 2426,3056 2467,3056 2508,3056 2549,3056 2589,3056 2630,3059 2671,3059 2712,3059 2753,3059 2794,3059 2835,3059 2876,3059 2917,3059 2958,3059"/>
                <Word id="tr_4_tl_7_w1" custom="readingOrder {index:0;}">
                    <Coords points="2127,3016 2127,3076 2298,3076 2298,3016"/>
                    <TextEquiv>
                        <Unicode>behandelt</Unicode>
                    </TextEquiv>
                </Word>
                <Word id="tr_4_tl_7_w2" custom="readingOrder {index:1;}">
                    <Coords points="2317,3016 2317,3076 2370,3076 2370,3016"/>
                    <TextEquiv>
                        <Unicode>ist,</Unicode>
                    </TextEquiv>
                </Word>
                <Word id="tr_4_tl_7_w3" custom="readingOrder {index:2;}">
                    <Coords points="2389,3016 2389,3076 2473,3076 2473,3016"/>
                    <TextEquiv>
                        <Unicode>wenn</Unicode>
                    </TextEquiv>
                </Word>
                <Word id="tr_4_tl_7_w4" custom="readingOrder {index:3;}">
                    <Coords points="2500,3016 2500,3076 2530,3076 2530,3016"/>
                    <TextEquiv>
                        <Unicode>er</Unicode>
                    </TextEquiv>
                </Word>
                <Word id="tr_4_tl_7_w5" custom="readingOrder {index:4;}">
                    <Coords points="2550,3016 2550,3076 2595,3076 2595,3016"/>
                    <TextEquiv>
                        <Unicode>als</Unicode>
                    </TextEquiv>
                </Word>
                <Word id="tr_4_tl_7_w6" custom="readingOrder {index:5;}">
                    <Coords points="2618,3019 2618,3079 2758,3079 2758,3019"/>
                    <TextEquiv>
                        <Unicode>Anklang</Unicode>
                    </TextEquiv>
                </Word>
                <Word id="tr_4_tl_7_w7" custom="readingOrder {index:6;}">
                    <Coords points="2785,3019 2785,3079 2838,3079 2838,3019"/>
                    <TextEquiv>
                        <Unicode>aus</Unicode>
                    </TextEquiv>
                </Word>
                <Word id="tr_4_tl_7_w8" custom="readingOrder {index:7;}">
                    <Coords points="2865,3019 2865,3079 2945,3079 2945,3019"/>
                    <TextEquiv>
                        <Unicode>einer</Unicode>
                    </TextEquiv>
                </Word>
                <TextEquiv>
                    <Unicode>behandelt ist, wenn er als Anklang aus einer</Unicode>
                </TextEquiv>
            </TextLine>
            <TextLine id="tr_4_tl_8" custom="readingOrder {index:7;}">
                <Coords points="2132,3106 2952,3110 2944,3067 2132,3070"/>
                <Baseline points="2137,3092 2177,3097 2218,3098 2259,3098 2300,3098 2341,3098 2382,3098 2423,3098 2464,3098 2505,3098 2546,3098 2586,3098 2627,3098 2668,3098 2709,3100 2750,3101 2791,3101 2832,3101 2873,3101 2914,3101 2955,3098"/>
                <Word id="tr_4_tl_8_w1" custom="readingOrder {index:0;}">
                    <Coords points="2125,3057 2125,3117 2266,3117 2266,3057"/>
                    <TextEquiv>
                        <Unicode>besseren</Unicode>
                    </TextEquiv>
                </Word>
                <Word id="tr_4_tl_8_w2" custom="readingOrder {index:1;}">
                    <Coords points="2295,3058 2295,3118 2389,3118 2389,3058"/>
                    <TextEquiv>
                        <Unicode>Welt,</Unicode>
                    </TextEquiv>
                </Word>
                <Word id="tr_4_tl_8_w3" custom="readingOrder {index:2;}">
                    <Coords points="2405,3058 2405,3118 2448,3118 2448,3058"/>
                    <TextEquiv>
                        <Unicode>als</Unicode>
                    </TextEquiv>
                </Word>
                <Word id="tr_4_tl_8_w4" custom="readingOrder {index:3;}">
                    <Coords points="2472,3058 2472,3118 2606,3118 2606,3058"/>
                    <TextEquiv>
                        <Unicode>Symbol</Unicode>
                    </TextEquiv>
                </Word>
                <Word id="tr_4_tl_8_w5" custom="readingOrder {index:4;}">
                    <Coords points="2626,3058 2626,3118 2677,3118 2677,3058"/>
                    <TextEquiv>
                        <Unicode>des</Unicode>
                    </TextEquiv>
                </Word>
                <Word id="tr_4_tl_8_w6" custom="readingOrder {index:5;}">
                    <Coords points="2701,3061 2701,3121 2862,3121 2862,3061"/>
                    <TextEquiv>
                        <Unicode>Glaubens</Unicode>
                    </TextEquiv>
                </Word>
                <Word id="tr_4_tl_8_w7" custom="readingOrder {index:6;}">
                    <Coords points="2886,3061 2886,3121 2941,3121 2941,3061"/>
                    <TextEquiv>
                        <Unicode>und</Unicode>
                    </TextEquiv>
                </Word>
                <TextEquiv>
                    <Unicode>besseren Welt, als Symbol des Glaubens und</Unicode>
                </TextEquiv>
            </TextLine>
            <TextLine id="tr_4_tl_9" custom="readingOrder {index:8;}">
                <Coords points="2132,3144 2216,3156 2256,3145 2301,3155 2321,3144 2373,3160 2436,3143 2436,3117 2404,3110 2322,3108 2292,3128 2203,3104 2185,3113 2132,3106"/>
                <Baseline points="2137,3137 2162,3137 2187,3137 2212,3137 2237,3137 2262,3137 2287,3138 2312,3140 2337,3139 2362,3137 2387,3139 2412,3140 2438,3140"/>
                <Word id="tr_4_tl_9_w1" custom="readingOrder {index:0;}">
                    <Coords points="2129,3097 2129,3157 2265,3157 2265,3097"/>
                    <TextEquiv>
                        <Unicode>Hoffens</Unicode>
                    </TextEquiv>
                </Word>
                <Word id="tr_4_tl_9_w2" custom="readingOrder {index:1;}">
                    <Coords points="2297,3097 2297,3157 2406,3157 2406,3097"/>
                    <TextEquiv>
                        <Unicode>ertönt</Unicode>
                    </TextEquiv>
                </Word>
                <TextEquiv>
                    <Unicode>Hoffens ertönt</Unicode>
                </TextEquiv>
            </TextLine>
            <TextLine id="tr_4_tl_10" custom="readingOrder {index:9;}">
                <Coords points="2525,3151 2660,3141 2864,3164 2955,3146 2955,3120 2876,3103 2806,3123 2769,3106 2691,3122 2525,3111"/>
                <Baseline points="2531,3140 2556,3140 2581,3140 2606,3140 2631,3140 2656,3140 2681,3140 2706,3140 2731,3140 2757,3140 2782,3142 2807,3143 2832,3143 2857,3143 2882,3143 2907,3143 2932,3143 2958,3143"/>
                <Word id="tr_4_tl_10_w1" custom="readingOrder {index:0;}">
                    <Coords points="2527,3100 2527,3160 2638,3160 2638,3100"/>
                    <TextEquiv>
                        <Unicode>immer</Unicode>
                    </TextEquiv>
                </Word>
                <Word id="tr_4_tl_10_w2" custom="readingOrder {index:1;}">
                    <Coords points="2667,3100 2667,3160 2728,3160 2728,3100"/>
                    <TextEquiv>
                        <Unicode>nur</Unicode>
                    </TextEquiv>
                </Word>
                <Word id="tr_4_tl_10_w3" custom="readingOrder {index:2;}">
                    <Coords points="2758,3101 2758,3161 2782,3161 2782,3101"/>
                    <TextEquiv>
                        <Unicode>im</Unicode>
                    </TextEquiv>
                </Word>
                <Word id="tr_4_tl_10_w4" custom="readingOrder {index:3;}">
                    <Coords points="2832,3103 2832,3163 2947,3163 2947,3103"/>
                    <TextEquiv>
                        <Unicode>Munde</Unicode>
                    </TextEquiv>
                </Word>
                <TextEquiv>
                    <Unicode>immer nur im Munde</Unicode>
                </TextEquiv>
            </TextLine>
            <TextLine id="tr_4_tl_11" custom="readingOrder {index:10;}">
                <Coords points="2125,3190 2628,3181 2952,3212 2944,3151 2125,3147"/>
                <Baseline points="2131,3178 2172,3178 2213,3181 2254,3181 2295,3181 2337,3181 2378,3179 2419,3178 2460,3179 2501,3181 2543,3181 2584,3181 2625,3181 2666,3181 2707,3184 2749,3184 2790,3184 2831,3184 2872,3184 2913,3184 2955,3184"/>
                <Word id="tr_4_tl_11_w1" custom="readingOrder {index:0;}">
                    <Coords points="2122,3140 2122,3200 2302,3200 2302,3140"/>
                    <TextEquiv>
                        <Unicode>derjenigen</Unicode>
                    </TextEquiv>
                </Word>
                <Word id="tr_4_tl_11_w2" custom="readingOrder {index:1;}">
                    <Coords points="2338,3138 2338,3198 2471,3198 2471,3138"/>
                    <TextEquiv>
                        <Unicode>Person,</Unicode>
                    </TextEquiv>
                </Word>
                <Word id="tr_4_tl_11_w3" custom="readingOrder {index:2;}">
                    <Coords points="2491,3141 2491,3201 2604,3201 2604,3141"/>
                    <TextEquiv>
                        <Unicode>welche</Unicode>
                    </TextEquiv>
                </Word>
                <Word id="tr_4_tl_11_w4" custom="readingOrder {index:3;}">
                    <Coords points="2636,3141 2636,3201 2678,3201 2678,3141"/>
                    <TextEquiv>
                        <Unicode>als</Unicode>
                    </TextEquiv>
                </Word>
                <Word id="tr_4_tl_11_w5" custom="readingOrder {index:4;}">
                    <Coords points="2706,3144 2706,3204 2945,3204 2945,3144"/>
                    <TextEquiv>
                        <Unicode>Repräsentant</Unicode>
                    </TextEquiv>
                </Word>
                <TextEquiv>
                    <Unicode>derjenigen Person, welche als Repräsentant</Unicode>
                </TextEquiv>
            </TextLine>
            <TextLine id="tr_4_tl_12" custom="readingOrder {index:11;}">
                <Coords points="2125,3229 2894,3243 2949,3211 2124,3196"/>
                <Baseline points="2131,3217 2172,3217 2213,3220 2254,3220 2295,3222 2336,3221 2377,3220 2418,3220 2459,3220 2500,3221 2541,3223 2582,3223 2623,3223 2664,3223 2705,3223 2746,3223 2787,3223 2828,3225 2869,3226 2910,3226 2952,3223"/>
                <Word id="tr_4_tl_12_w1" custom="readingOrder {index:0;}">
                    <Coords points="2125,3177 2125,3237 2208,3237 2208,3177"/>
                    <TextEquiv>
                        <Unicode>eines</Unicode>
                    </TextEquiv>
                </Word>
                <Word id="tr_4_tl_12_w2" custom="readingOrder {index:1;}">
                    <Coords points="2231,3180 2231,3240 2242,3240 2242,3180"/>
                    <TextEquiv>
                        <Unicode>.</Unicode>
                    </TextEquiv>
                </Word>
                <Word id="tr_4_tl_12_w3" custom="readingOrder {index:2;}">
                    <Coords points="2257,3181 2257,3241 2295,3241 2295,3181"/>
                    <TextEquiv>
                        <Unicode>..</Unicode>
                    </TextEquiv>
                </Word>
                <Word id="tr_4_tl_12_w4" custom="readingOrder {index:3;}">
                    <Coords points="2310,3180 2310,3240 2640,3240 2640,3180"/>
                    <TextEquiv>
                        <Unicode>unerschütterlichen</Unicode>
                    </TextEquiv>
                </Word>
                <Word id="tr_4_tl_12_w5" custom="readingOrder {index:4;}">
                    <Coords points="2667,3183 2667,3243 2818,3243 2818,3183"/>
                    <TextEquiv>
                        <Unicode>frommen</Unicode>
                    </TextEquiv>
                </Word>
                <Word id="tr_4_tl_12_w6" custom="readingOrder {index:5;}">
                    <Coords points="2844,3186 2844,3246 2946,3246 2946,3186"/>
                    <TextEquiv>
                        <Unicode>Glau¬</Unicode>
                    </TextEquiv>
                </Word>
                <TextEquiv>
                    <Unicode>eines . .. unerschütterlichen frommen Glau¬</Unicode>
                </TextEquiv>
            </TextLine>
            <TextLine id="tr_4_tl_13" custom="readingOrder {index:12;}">
                <Coords points="2132,3267 2949,3268 2843,3229 2132,3233"/>
                <Baseline points="2137,3259 2177,3262 2218,3262 2259,3262 2300,3262 2340,3262 2381,3262 2422,3263 2463,3264 2503,3263 2544,3265 2585,3265 2626,3265 2666,3265 2707,3265 2748,3267 2789,3266 2829,3266 2870,3268 2911,3267 2952,3262"/>
                <Word id="tr_4_tl_13_w1" custom="readingOrder {index:0;}">
                    <Coords points="2125,3221 2125,3281 2212,3281 2212,3221"/>
                    <TextEquiv>
                        <Unicode>bens,</Unicode>
                    </TextEquiv>
                </Word>
                <Word id="tr_4_tl_13_w2" custom="readingOrder {index:1;}">
                    <Coords points="2236,3222 2236,3282 2259,3282 2259,3222"/>
                    <TextEquiv>
                        <Unicode>ja</Unicode>
                    </TextEquiv>
                </Word>
                <Word id="tr_4_tl_13_w3" custom="readingOrder {index:2;}">
                    <Coords points="2295,3222 2295,3282 2338,3282 2338,3222"/>
                    <TextEquiv>
                        <Unicode>als</Unicode>
                    </TextEquiv>
                </Word>
                <Word id="tr_4_tl_13_w4" custom="readingOrder {index:3;}">
                    <Coords points="2370,3223 2370,3283 2531,3283 2531,3223"/>
                    <TextEquiv>
                        <Unicode>Märtyrer</Unicode>
                    </TextEquiv>
                </Word>
                <Word id="tr_4_tl_13_w5" custom="readingOrder {index:4;}">
                    <Coords points="2559,3225 2559,3285 2748,3285 2748,3225"/>
                    <TextEquiv>
                        <Unicode>gezeichnet</Unicode>
                    </TextEquiv>
                </Word>
                <Word id="tr_4_tl_13_w6" custom="readingOrder {index:5;}">
                    <Coords points="2773,3226 2773,3286 2812,3286 2812,3226"/>
                    <TextEquiv>
                        <Unicode>ist</Unicode>
                    </TextEquiv>
                </Word>
                <Word id="tr_4_tl_13_w7" custom="readingOrder {index:6;}">
                    <Coords points="2844,3227 2844,3287 2950,3287 2950,3227"/>
                    <TextEquiv>
                        <Unicode>(Mar¬</Unicode>
                    </TextEquiv>
                </Word>
                <TextEquiv>
                    <Unicode>bens, ja als Märtyrer gezeichnet ist (Mar¬</Unicode>
                </TextEquiv>
            </TextLine>
            <TextLine id="tr_4_tl_14" custom="readingOrder {index:13;}">
                <Coords points="2125,3314 2944,3314 2936,3272 2125,3269"/>
                <Baseline points="2131,3301 2171,3304 2212,3304 2253,3304 2294,3304 2334,3304 2375,3304 2416,3304 2457,3304 2497,3305 2538,3307 2579,3307 2620,3304 2660,3306 2701,3307 2742,3307 2783,3307 2823,3307 2864,3307 2905,3307 2946,3307"/>
                <Word id="tr_4_tl_14_w1" custom="readingOrder {index:0;}">
                    <Coords points="2122,3263 2122,3323 2201,3323 2201,3263"/>
                    <TextEquiv>
                        <Unicode>cel),</Unicode>
                    </TextEquiv>
                </Word>
                <Word id="tr_4_tl_14_w2" custom="readingOrder {index:1;}">
                    <Coords points="2217,3264 2217,3324 2247,3324 2247,3264"/>
                    <TextEquiv>
                        <Unicode>so</Unicode>
                    </TextEquiv>
                </Word>
                <Word id="tr_4_tl_14_w3" custom="readingOrder {index:2;}">
                    <Coords points="2271,3264 2271,3324 2327,3324 2327,3264"/>
                    <TextEquiv>
                        <Unicode>ist,</Unicode>
                    </TextEquiv>
                </Word>
                <Word id="tr_4_tl_14_w4" custom="readingOrder {index:3;}">
                    <Coords points="2343,3264 2343,3324 2445,3324 2445,3264"/>
                    <TextEquiv>
                        <Unicode>dunkt</Unicode>
                    </TextEquiv>
                </Word>
                <Word id="tr_4_tl_14_w5" custom="readingOrder {index:4;}">
                    <Coords points="2465,3265 2465,3325 2564,3325 2564,3265"/>
                    <TextEquiv>
                        <Unicode>mich,</Unicode>
                    </TextEquiv>
                </Word>
                <Word id="tr_4_tl_14_w6" custom="readingOrder {index:5;}">
                    <Coords points="2579,3264 2579,3324 2644,3324 2644,3264"/>
                    <TextEquiv>
                        <Unicode>eine</Unicode>
                    </TextEquiv>
                </Word>
                <Word id="tr_4_tl_14_w7" custom="readingOrder {index:6;}">
                    <Coords points="2667,3267 2667,3327 2770,3327 2770,3267"/>
                    <TextEquiv>
                        <Unicode>solche</Unicode>
                    </TextEquiv>
                </Word>
                <Word id="tr_4_tl_14_w8" custom="readingOrder {index:7;}">
                    <Coords points="2797,3267 2797,3327 2949,3327 2949,3267"/>
                    <TextEquiv>
                        <Unicode>Behand-</Unicode>
                    </TextEquiv>
                </Word>
                <TextEquiv>
                    <Unicode>cel), so ist, dunkt mich, eine solche Behand-</Unicode>
                </TextEquiv>
            </TextLine>
            <TextLine id="tr_4_tl_15" custom="readingOrder {index:14;}">
                <Coords points="2132,3355 2929,3376 2955,3369 2954,3314 2131,3317"/>
                <Baseline points="2137,3343 2178,3346 2219,3343 2260,3343 2301,3345 2342,3346 2383,3346 2424,3346 2465,3346 2506,3346 2547,3346 2588,3349 2629,3346 2670,3346 2711,3348 2752,3349 2793,3351 2834,3352 2875,3352 2916,3352 2958,3352"/>
                <Word id="tr_4_tl_15_w1" custom="readingOrder {index:0;}">
                    <Coords points="2124,3304 2124,3364 2188,3364 2188,3304"/>
                    <TextEquiv>
                        <Unicode>lung</Unicode>
                    </TextEquiv>
                </Word>
                <Word id="tr_4_tl_15_w2" custom="readingOrder {index:1;}">
                    <Coords points="2219,3303 2219,3363 2295,3363 2295,3303"/>
                    <TextEquiv>
                        <Unicode>cher</Unicode>
                    </TextEquiv>
                </Word>
                <Word id="tr_4_tl_15_w3" custom="readingOrder {index:2;}">
                    <Coords points="2322,3306 2322,3366 2488,3366 2488,3306"/>
                    <TextEquiv>
                        <Unicode>Heiligung</Unicode>
                    </TextEquiv>
                </Word>
                <Word id="tr_4_tl_15_w4" custom="readingOrder {index:3;}">
                    <Coords points="2543,3307 2543,3367 2588,3367 2588,3307"/>
                    <TextEquiv>
                        <Unicode>als</Unicode>
                    </TextEquiv>
                </Word>
                <Word id="tr_4_tl_15_w5" custom="readingOrder {index:4;}">
                    <Coords points="2618,3308 2618,3368 2823,3368 2823,3308"/>
                    <TextEquiv>
                        <Unicode>Entweihung</Unicode>
                    </TextEquiv>
                </Word>
                <Word id="tr_4_tl_15_w6" custom="readingOrder {index:5;}">
                    <Coords points="2858,3312 2858,3372 2941,3372 2941,3312"/>
                    <TextEquiv>
                        <Unicode>eines</Unicode>
                    </TextEquiv>
                </Word>
                <TextEquiv>
                    <Unicode>lung cher Heiligung als Entweihung eines</Unicode>
                </TextEquiv>
            </TextLine>
            <TextLine id="tr_4_tl_16" custom="readingOrder {index:15;}">
                <Coords points="2132,3399 2663,3409 2663,3380 2600,3351 2497,3373 2311,3346 2245,3364 2132,3355"/>
                <Baseline points="2137,3384 2163,3386 2189,3387 2216,3387 2242,3387 2269,3387 2295,3387 2321,3387 2348,3387 2374,3388 2401,3390 2427,3390 2453,3390 2480,3390 2506,3390 2533,3390 2559,3390 2585,3390 2612,3390 2638,3390 2665,3390"/>
                <Word id="tr_4_tl_16_w1" custom="readingOrder {index:0;}">
                    <Coords points="2125,3347 2125,3407 2413,3407 2413,3347"/>
                    <TextEquiv>
                        <Unicode>Kichengesangs</Unicode>
                    </TextEquiv>
                </Word>
                <Word id="tr_4_tl_16_w2" custom="readingOrder {index:1;}">
                    <Coords points="2447,3350 2447,3410 2476,3410 2476,3350"/>
                    <TextEquiv>
                        <Unicode>zu</Unicode>
                    </TextEquiv>
                </Word>
                <Word id="tr_4_tl_16_w3" custom="readingOrder {index:2;}">
                    <Coords points="2513,3350 2513,3410 2657,3410 2657,3350"/>
                    <TextEquiv>
                        <Unicode>nennen.</Unicode>
                    </TextEquiv>
                </Word>
                <TextEquiv>
                    <Unicode>Kichengesangs zu nennen.</Unicode>
                </TextEquiv>
            </TextLine>
            <TextEquiv>
                <Unicode></Unicode>
            </TextEquiv>
        </TextRegion>
    </Page>
</PcGts>
