3392 4320
255 291 276 351 2

400 300 992 360 Schnitzler's
1051 303 1289 363 Death

308 619 1035 679 OBSERVER

389 664 410 724 l.
432 667 553 727 österr.
571 677 728 737 behördl.
746 694 1045 754 konzessioniertes

346 709 585 769 Unternehmen
616 717 664 777 für
690 732 1082 792 Zeitungs-Ausschnitte

385 768 554 828 WIEN,
575 778 620 838 I.,
641 791 955 851 WOLLZEILE
995 800 1040 860 11

495 824 714 884 TELEPHON
750 840 917 900 R-23-0-43

328 933 520 993 Journal:

347 1096 405 1156 LA
447 1094 699 1154 NACIOH
768 1086 993 1146 MADRI

338 1215 407 1275 Ha
458 1220 634 1280 muerto
686 1225 729 1285 el
774 1230 969 1290 escritor

414 1288 647 1348 austriaco
701 1294 886 1354 Asthur

531 1357 762 1417 Schitzler

371 1399 406 1459 Ha
438 1401 620 1461 muertoen
651 1406 760 1466 Viena,
779 1409 809 1469 el
828 1412 895 1472 grn
926 1413 974 1473 es¬

327 1435 409 1495 critor
456 1440 607 1500 austriaco
658 1446 773 1506 Arthur
820 1452 978 1512 Schitzler,

327 1476 359 1536 de
387 1477 419 1537 un
455 1479 561 1539 ataque
590 1482 621 1542 de
650 1487 813 1547 apoplejia.
838 1494 966 1554 Contaba

319 1515 434 1575 sesenta
468 1518 481 1578 y
519 1520 613 1580 nueve
647 1524 721 1584 años

357 1557 410 1617 Era
445 1560 575 1620 médico;
603 1563 672 1623 pero
703 1566 768 1626 dejó
799 1568 829 1628 de
860 1569 971 1629 practi¬

321 1596 371 1656 car
397 1597 423 1657 su
457 1599 569 1659 carrera
602 1603 668 1663 para
701 1607 889 1667 consagrarse
916 1610 968 1670 por

318 1636 461 1696 completo
487 1637 497 1697 à
530 1639 551 1699 la
580 1643 752 1703 literatura,
771 1646 820 1706 que
846 1646 874 1706 en
903 1649 968 1709 1908

324 1676 343 1736 le
375 1677 450 1737 vallo
482 1682 651 1742 conquistar
683 1685 714 1745 el
742 1687 816 1747 Cran
856 1691 966 1751 Premia

322 1715 523 1775 Grillparzer.

350 1757 442 1817 Autor
468 1760 654 1820 dramático,
677 1763 818 1823 novelista
852 1766 862 1826 y
896 1769 944 1829 poc

317 1793 361 1853 ta,
385 1796 457 1856 supo
492 1796 522 1856 en
560 1800 608 1860 sus
639 1801 725 1861 obras
759 1805 896 1865 envolver
927 1806 954 1866 en

318 1832 375 1892 una
418 1837 515 1897 forma
562 1837 665 1897 frivola
716 1842 759 1902 los
798 1846 966 1906 problemas

318 1873 504 1933 oslcológicos
532 1876 546 1936 y
577 1879 701 1939 soclales
729 1882 791 1942 más
822 1885 970 1945 elevados.

350 1915 378 1975 Se
404 1915 497 1975 colocó
526 1917 554 1977 en
584 1921 695 1981 primer
721 1923 807 1983 plano
832 1924 860 1984 en
893 1926 958 1986 1898

307 1952 360 2012 con
402 1954 436 2014 su
478 1957 546 2017 obra
592 1960 782 2020 “Anatole".
817 1966 954 2026 Tambien

309 1993 430 2053 alcanzó
462 1998 625 2058 celebridad
661 2002 710 2062 con
750 2002 806 2062 “Le
842 2007 955 2067 Lieute¬

307 2031 382 2091 nant
406 2034 541 2094 Guste",
561 2038 719 2098 “Mourir”
747 2035 759 2095 y
791 2040 850 2100 “La
882 2044 957 2104 lem¬

309 2070 353 2130 me
383 2072 412 2132 du
446 2076 557 2136 juge",
580 2078 628 2138 que
658 2081 688 2141 se
718 2082 773 2142 han
807 2086 959 2146 tradueide

306 2109 316 2169 a
353 2111 448 2171 varlos
481 2115 623 2175 idiomas.

336 2149 389 2209 Era
440 2154 587 2214 contrarlo
634 2159 666 2219 al
706 2161 942 2221 cinematógrafo

300 2191 463 2251 afirmando
502 2195 557 2255 que
592 2196 658 2256 casi
689 2199 814 2259 stempre
853 2204 953 2264 defor-

301 2227 383 2287 maba
416 2231 458 2291 las
484 2233 569 2293 obras
602 2234 631 2294 de
660 2237 742 2297 arte,
764 2240 774 2300 a
803 2242 889 2302 pesar
918 2243 950 2303 do

299 2267 319 2327 lo
348 2268 417 2328 cual
442 2273 565 2333 muchas
594 2273 626 2333 de
656 2276 704 2336 sus
729 2280 819 2340 obras
844 2282 872 2342 fu

298 2308 422 2368 evadas
452 2312 463 2372 a
493 2312 516 2372 la
550 2315 685 2375 pantalla

298 2359 840 2419 o

1511 300 1632 360 box
1709 306 1946 366 43/19

1654 644 2363 704 OBSERVER

1745 706 1770 766 l.
1787 703 1904 763 österr.
1922 703 2069 763 behördl.
2091 700 2377 760 konzessioniertes

1718 745 1946 805 Unternehmen
1971 743 2017 803 für
2043 742 2414 802 Zeitungs-Ausschnitte

1768 803 1913 863 WIEN,
1934 804 1977 864 I.,
1997 801 2282 861 WOLLZEILE
2327 799 2371 859 11

1851 854 2068 914 TELEPHON
2104 852 2276 912 R-23-0-43

1553 953 1682 1013 Extrait
1708 945 1744 1005 du
1782 933 1955 993 Journal:

1566 1050 1714 1110 Adresse
1733 1043 1749 1103 :

1805 1087 1821 1147 E

1572 1151 1705 1211 Date:

1884 1234 2011 1294 LOS
2064 1238 2205 1298 QUE
2267 1237 2333 1297 SE
2402 1231 2543 1291 VAN

2753 1381 2804 1441 R

2199 1386 2314 1446 CI

2356 1384 2673 1444 INITZI

1554 1389 2009 1449 ARTURC

1623 2506 1660 2566 En
1691 2506 1804 2566 Viena,
1823 2506 1849 2566 su
1880 2506 1989 2566 cludad
2020 2505 2148 2565 amada,
2164 2503 2193 2563 sa
2220 2503 2254 2563 ha
2281 2503 2428 2563 apagado
2455 2503 2568 2563 Arturo
2595 2503 2780 2563 Schnitzler,
2799 2502 2859 2562 mé¬

1565 2542 1631 2602 dico
1657 2542 1668 2602 y
1697 2539 1865 2599 novelista.
1884 2540 1927 2600 No
1957 2539 2004 2599 era
2034 2539 2220 2599 pstquiatra,
2243 2539 2275 2599 ni
2298 2539 2363 2599 vela
2393 2539 2422 2599 el
2444 2539 2557 2599 mundo
2583 2539 2634 2599 con
2664 2539 2707 2599 los
2733 2539 2795 2599 ojos
2821 2537 2857 2597 de

1562 2575 1679 2635 Freud.
1699 2578 1755 2638 Era
1786 2576 1961 2636 polcólogo,
1977 2577 1988 2637 y
2015 2575 2121 2635 montó
2148 2575 2178 2635 en
2209 2575 2232 2635 la
2259 2575 2327 2635 caja
2354 2575 2406 2635 del
2426 2575 2524 2635 pecho
2548 2575 2582 2635 de
2605 2575 2654 2635 sus
2677 2575 2859 2635 personajes

1566 2613 1619 2673 una
1644 2611 1786 2671 relojeria
1811 2611 2002 2671 minuciosa.
2013 2611 2062 2671 Sin
2084 2611 2133 2671 ser
2151 2608 2339 2668 anticuado,
2354 2609 2527 2669 Schnitzler
2549 2610 2580 2670 no
2605 2608 2647 2668 era
2672 2609 2701 2669 en
2726 2609 2807 2669 rigor
2825 2611 2853 2671 un

1566 2649 1849 2709 contemporáneo.
1880 2649 1921 2709 La
1963 2649 2133 2709 psicología
2175 2646 2190 2706 a
2232 2645 2258 2705 lo
2296 2646 2444 2706 Bourget
2482 2644 2652 2704 entretiene
2691 2646 2766 2706 cada
2808 2643 2860 2703 vez

1563 2683 1679 2743 menion

1620 2720 1671 2780 Los
1699 2718 1895 2778 palquiatras
1923 2718 2099 2778 estuvieron
2131 2718 2166 2778 de
2194 2718 2284 2778 moda
2316 2718 2410 2778 desde
2442 2715 2496 2775 que
2524 2715 2685 2775 sobrevino
2717 2717 2740 2777 la
2768 2718 2858 2778 crisis

1565 2757 1600 2817 de
1632 2754 1836 2814 confesores.

1619 2789 1732 2849 Freud,
1756 2790 1787 2850 en
1819 2789 1850 2849 su
1882 2788 2003 2848 dhilogo
2034 2784 2085 2844 con
2117 2787 2246 2847 Papini,
2266 2785 2293 2845 lo
2325 2784 2485 2844 reconocia
2517 2787 2559 2847 sin
2591 2784 2786 2844 calvedades.
2810 2786 2849 2846 Un

1563 2826 1699 2886 director
1726 2826 1759 2886 de
1790 2824 1968 2884 conclencla
1999 2823 2051 2883 del
2071 2824 2150 2884 siglo
2177 2822 2252 2882 XVI
2279 2822 2407 2882 penetró
2439 2822 2472 2882 en
2503 2822 2529 2882 la
2556 2823 2718 2883 intimidad
2749 2821 2783 2881 de
2810 2823 2851 2883 los

1566 2859 1649 2919 seres
1691 2861 1758 2921 más
1800 2860 2076 2920 persplcuamente
2110 2858 2167 2918 que
2197 2858 2242 2918 los
2277 2858 2473 2918 psiquiatras
2507 2856 2541 2916 de
2575 2857 2647 2917 hoy.
2674 2855 2719 2915 No
2749 2857 2851 2917 aspiró

1559 2897 1733 2957 Schnitzler
1760 2895 1771 2955 a
1801 2895 1937 2955 grandes
1964 2896 2111 2956 sondeos,
2131 2894 2187 2954 que
2214 2894 2274 2954 dijo
2301 2894 2471 2954 Stendhal,
2490 2894 2524 2954 en
2551 2894 2581 2954 el
2600 2892 2679 2952 alma
2706 2893 2861 2953 humana.

1559 2933 1599 2993 Lo
1625 2933 1683 2993 quo
1709 2931 1767 2991 nos
1789 2930 1859 2990 deja
1888 2931 1924 2991 no
1950 2930 1983 2990 es
2009 2930 2042 2990 ni
2064 2930 2295 2990 remotamento
2321 2930 2543 2990 ocoanografia
2573 2929 2606 2989 de
2632 2929 2675 2989 las
2701 2928 2862 2988 pasiones.

1563 2967 1657 3027 Trazó
1688 2966 1718 3026 el
1741 2968 1892 3028 novelista
1926 2968 2028 3028 vlonés
2055 2966 2236 3026 caracteres
2263 2968 2334 3028 para
2368 2966 2531 3026 descubrir
2557 2966 2587 3026 en
2622 2964 2689 3024 ellos
2720 2964 2852 3024 resortes

1563 3005 1598 3065 de
1626 3002 1771 3062 malicia.

1616 3040 1649 3100 Se
1680 3038 1804 3098 excedia
1835 3038 1948 3098 alguna
1979 3039 2031 3099 vez
2062 3038 2091 3098 en
2122 3038 2186 3098 este
2217 3039 2322 3099 juego,
2345 3038 2397 3098 del
2421 3039 2477 3099 que
2508 3038 2537 3098 es
2560 3038 2643 3098 licito
2674 3037 2760 3097 usar,
2780 3036 2851 3096 pero

1566 3074 1666 3134 nunca
1695 3073 1827 3133 abusar.

1611 3109 1702 3169 Sobre
1729 3109 1759 3169 su
1786 3109 1937 3169 "Anatol"
1968 3106 2054 3166 habia
2081 3106 2191 3166 escrito
2218 3106 2274 3166 que
2301 3107 2354 3167 lela
2385 3106 2414 3166 en
2441 3106 2475 3166 él
2491 3106 2570 3166 unos
2593 3103 2703 3163 clertos
2730 3104 2858 3164 estimu¬

1567 3147 1601 3207 los
1627 3145 1658 3205 de
1683 3145 1729 3205 los
1750 3145 1810 3205 que
1835 3145 1966 3205 escapan
1994 3145 2026 3205 al
2044 3144 2266 3204 microscoplo.
2284 3142 2319 3202 So
2344 3142 2411 3202 nota
2443 3143 2475 3203 en
2503 3142 2563 3202 esta
2592 3142 2673 3202 frase
2698 3142 2754 3202 una
2783 3141 2860 3201 pun¬

1567 3184 1589 3244 ta
1624 3181 1661 3241 de
1696 3182 1922 3242 engrelmiento
1952 3183 1990 3243 de
2020 3181 2046 3241 la
2081 3181 2137 3241 que
2168 3180 2205 3240 no
2236 3180 2315 3240 seria
2350 3178 2504 3238 prudente
2535 3178 2678 3238 absolver
2709 3178 2742 3238 al
2765 3177 2859 3237 nove¬

1563 3217 1656 3277 lista.

1616 3250 1748 3310 “Amas,
1769 3251 1856 3311 luego
1890 3249 2018 3309 existes"
2048 3249 2101 3309 fué
2135 3250 2164 3310 el
2185 3250 2264 3310 lema
2293 3248 2330 3308 de
2360 3247 2550 3307 Sohnitzler,
2572 3249 2630 3309 que
2655 3247 2692 3307 no
2722 3247 2850 3307 poblaba

1562 3290 1590 3350 su
1622 3288 1749 3348 paraiso
1778 3288 1849 3348 nais
1878 3285 1934 3345 que
1963 3285 1998 3345 de
2030 3284 2183 3344 mujeres.
2204 3285 2346 3345 Contaba
2379 3282 2414 3342 en
2442 3284 2499 3344 sus
2528 3282 2652 3342 novelas
2681 3282 2726 3342 las
2755 3282 2857 3342 flestas

1559 3327 1571 3387 y
1598 3322 1645 3382 los
1669 3324 1821 3384 aupliclos
1849 3324 1899 3384 del
1923 3324 2024 3384 amor,
2048 3324 2114 3384 más
2138 3321 2180 3381 las
2208 3321 2317 3381 flestas
2345 3319 2396 3379 con
2431 3320 2458 3380 el
2482 3320 2650 3380 “después"
2678 3319 2849 3379 conlolento

1563 3362 1598 3422 de
1622 3357 1664 3417 los
1688 3359 1793 3419 lunes.

1615 3393 1645 3453 So
1676 3393 1710 3453 ha
1740 3395 1831 3455 dicho
1858 3393 1918 3453 que
1945 3393 1990 3453 las
2017 3390 2108 3450 calles
2139 3390 2172 3450 do
2199 3388 2294 3448 Vlena
2325 3390 2434 3450 huelen
2465 3390 2476 3450 a
2507 3390 2597 3450 amor
2632 3390 2715 3450 como
2746 3390 2787 3450 las
2818 3390 2851 3450 de

1567 3430 1764 3490 Minchester
1791 3429 1802 3489 a
1837 3429 1923 3489 lana.
1946 3431 2003 3491 Las
2034 3426 2189 3486 comedias
2220 3426 2231 3486 y
2266 3426 2311 3486 las
2338 3423 2466 3483 novelas
2493 3428 2531 3488 de
2558 3426 2732 3486 Sohnitzler
2763 3425 2861 3485 admi¬

1567 3469 1610 3529 ton
1640 3464 1724 3524 como
1750 3464 1846 3524 fondo
1872 3463 1919 3523 esa
1949 3461 2041 3521 Viena
2071 3463 2225 3523 reclinada
2255 3461 2284 3521 en
2314 3461 2335 3521 la
2365 3461 2471 3521 dicha,

1613 3499 1654 3559 De
1681 3498 1722 3558 les
1753 3500 1927 3560 “talganes"
1958 3497 2040 3557 decla
2071 3497 2128 3557 una
2155 3498 2245 3558 dama
2272 3497 2344 3557 muy
2371 3496 2533 3556 ingeniona
2560 3495 2616 3555 que
2640 3496 2764 3556 criapan
2795 3494 2859 3554 val¬

1563 3536 1611 3596 ses
1638 3536 1672 3596 en
1703 3536 1747 3596 los
1774 3536 1895 3596 hoteles
1922 3535 1993 3595 para
2024 3534 2190 3594 disimular
2217 3533 2258 3593 las
2289 3533 2386 3593 salsas
2417 3532 2489 3592 poco
2519 3532 2685 3592 católicas.
2708 3532 2749 3592 Un
2780 3530 2859 3590 cler¬

1563 3571 1589 3631 to
1616 3571 1770 3631 “tromar"
1801 3571 1835 3631 de
1858 3572 1948 3632 amor
1971 3570 2005 3630 de
2028 3570 2201 3630 Schnitzler
2224 3566 2371 3626 dislmula
2398 3569 2428 3629 el
2448 3569 2515 3629 mal
2535 3568 2731 3628 condimento
2758 3566 2791 3626 de
2814 3567 2859 3627 al¬

1559 3609 1653 3669 gunas
1685 3608 1790 3668 vidas.
1814 3608 1943 3668 Cuando
1975 3606 2006 3666 en
2042 3605 2136 3665 Viena
2168 3605 2198 3665 so
2226 3605 2363 3665 hablaba
2395 3601 2430 3661 de
2462 3600 2524 3660 “los
2552 3603 2654 3663 tres",
2674 3606 2709 3666 so
2737 3605 2858 3665 aludia,

1559 3644 1814 3704 natifralmente,
1830 3645 1841 3705 a
1872 3642 2040 3702 Wedekin,
2059 3642 2074 3702 a
2101 3641 2307 3701 Hauptmann
2338 3641 2349 3701 y
2380 3641 2391 3701 a
2422 3641 2612 3701 Schnitzler.

1616 3678 1653 3738 El
1676 3678 1808 3738 tlempo,
1828 3678 1952 3738 aunque
1979 3676 2046 3736 sen,
2066 3676 2160 3736 segun
2187 3676 2213 3736 la
2240 3676 2330 3736 frase
2357 3676 2493 3736 célobre,
2512 3676 2761 3736 “gentiluomo",
2781 3673 2856 3733 ane¬

1560 3716 1632 3776 gari
1663 3715 1692 3775 en
1727 3717 1825 3777 olvido
1855 3715 1936 3775 estas
1962 3715 2021 3775 tres
2052 3713 2184 3773 figuras.
2202 3715 2240 3775 La
2270 3714 2355 3774 fama
2381 3712 2578 3772 perjudicará
2608 3712 2672 3772 esta
2702 3712 2753 3772 vez
2779 3712 2791 3772 a
2822 3713 2847 3773 la

1561 3753 1682 3813 glorla.

1614 3778 1676 3838 "El
1700 3787 2108 3847 sentimentallsmo-crela
2140 3784 2171 3844 el
2194 3782 2375 3842 vienés—es
2403 3784 2462 3844 una
2494 3784 2602 3844 pasión
2634 3784 2802 3844 comprada
2834 3784 2847 3844 a

1561 3823 1636 3883 bajo
1660 3821 1786 3881 precio.

1617 3858 1659 3918 Lo
1684 3856 1732 3916 es,
1752 3857 1824 3917 pero
1850 3856 2020 3916 Schnitzler
2046 3856 2069 3916 le
2095 3856 2161 3916 hizo
2187 3856 2290 3916 vibrar
2315 3854 2370 3914 con
2395 3854 2486 3914 pulso
2511 3853 2547 3913 de
2566 3853 2731 3913 "tzigano"
2763 3853 2792 3913 en
2818 3853 2854 3913 el

1567 3892 1658 3952 pecho
1686 3891 1719 3951 de
1747 3894 1800 3954 sua
1827 3891 2025 3951 peronajes.

1616 3926 1657 3986 El
1682 3925 1790 3985 "elna"
1828 3926 1970 3986 difumia
2008 3927 2053 3987 las
2082 3924 2178 3984 obras
2208 3921 2265 3981 del
2291 3923 2399 3983 vienés
2433 3922 2490 3982 por
2525 3921 2557 3981 el
2583 3921 2699 3981 mundo
2737 3923 2861 3983 entero.

1564 3963 1726 4023 "Frailein
1757 3961 1881 4021 Elsoes"
1907 3960 1962 4020 fó
1988 3962 2107 4022 fllmada
2138 3962 2193 4022 por
2220 3963 2378 4023 Elsabeth
2412 3961 2583 4021 Bergnetz,
2601 3960 2711 4020 casada
2742 3960 2793 4020 con
2823 3960 2857 4020 el

1562 4002 1618 4062 ban
1639 3999 1720 4059 juero
1753 3999 1817 4059 mis
1842 3996 1903 4056 rico
1932 3998 1968 4058 de
1997 3996 2138 4056 Buropa.

1640 4035 1826 4095 Quiero-ha
1854 4034 1942 4094 dicho
1971 4032 2143 4092 Schaltzler
2167 4035 2199 4095 al
2223 4031 2419 4091 morir-que
2442 4030 2488 4090 me
2512 4029 2684 4089 atraviesen
2718 4029 2750 4089 el
2765 4029 2857 4089 cora¬

1564 4073 1615 4133 ron
1646 4071 1701 4131 con
1731 4071 1791 4131 una
1822 4069 1959 4129 capda"
1998 4069 2032 4129 El
2053 4069 2087 4129 so
2109 4068 2233 4128 cumple
2259 4070 2328 4130 este
2354 4070 2465 4130 deseo,
2483 4071 2517 4131 el
2535 4068 2684 4128 novelleta
2715 4068 2847 4128 quedarn

1563 4107 1649 4167 come
1673 4106 1806 4166 deapuén
1830 4106 1865 4166 do
1889 4106 1923 4166 un
1951 4105 2037 4165 Syalo
2065 4106 2257 4166 romintico.

1622 4142 1806 4202 Demaslado
1833 4139 1938 4199 vienés
1965 4139 1991 4199 no
2018 4139 2080 4199 esto
2123 4140 2196 4200 pero
2223 4143 2249 4203 la
2276 4143 2397 4203 muerte
2424 4144 2449 4204 lo
2471 4142 2597 4202 purifica
2624 4139 2850 4199 sobradamen¬

1553 4178 1607 4238 te.
1624 4178 1804 4238 Schnitzler
1829 4174 1913 4234 tenla
1939 4175 2060 4235 actente
2090 4176 2181 4236 afos.
