3392 4352
635 127 836 187 e
963 128 981 188 a
1243 133 1474 193 e

1710 142 1823 202 Versen
1866 142 1927 202 von
1960 143 2052 203 Attür
2086 146 2272 206 Schmihter.
2304 148 2449 208 Jndesen
2503 148 2585 208 parte
2618 148 2658 208 er
2680 148 2742 208 ene
2764 148 2856 208 andre

1687 186 1911 246 Verbindung
1940 186 2136 246 gewonnen.
2156 189 2198 249 E.
2213 189 2269 249 M.
2290 189 2385 249 Kafka
2414 190 2466 250 gab
2500 190 2566 250 1890
2596 190 2619 250 in
2648 192 2767 252 Brünn
2797 195 2863 255 eine

578 197 848 257 Regierungsrat
893 198 1063 258 Professor
1093 200 1163 260 Dr.
1189 203 1323 263 Johann
1364 199 1554 259 Schnitzler,
1599 200 1658 260 aus

1687 231 1868 291 auffallend
1921 233 1983 293 gut
2022 233 2194 293 redigierte
2223 237 2477 297 Monatsschrift
2520 237 2572 297 für
2606 237 2768 297 Literatur
2802 237 2859 297 und

497 239 741 299 Groß=Kanizsa
776 240 800 300 in
835 242 962 302 Ungarn
997 245 1163 305 gebürtig,
1183 246 1266 306 hatte
1291 246 1364 306 1800
1389 247 1437 307 die
1462 245 1657 305 „Wiener

1690 276 1802 336 Kritik
1832 276 1974 336 heraus:
2004 277 2180 337 „Moderne
2215 282 2415 342 Dichtung",
2440 279 2488 339 die
2518 282 2675 342 ungefähr
2710 282 2856 342 dieselben

484 285 815 345 Medizinische
851 288 1021 348 Presse“
1057 291 1247 351 begründet,
1278 291 1327 351 bei
1353 291 1443 351 deren
1484 288 1649 348 Redaktion

1695 319 1904 379 bedeutenden
1956 321 2170 381 Mitarbeiter
2217 324 2305 384 hatte
2348 324 2403 384 wie
2427 327 2506 387 Otto
2534 327 2678 387 Brayms
2707 328 2864 388 gleichalte

495 327 544 387 ihm
590 329 645 389 zum
685 332 801 392 Schluß
832 332 901 392 Dr.
922 333 997 393 Bela
1028 335 1113 395 Weiß
1144 336 1319 396 assistierte.
1340 338 1380 398 Im
1426 336 1521 396 letzten
1556 334 1656 394 Jahr¬

1697 365 1807 425 „Freie
1833 365 1974 425 Bühne“
2006 365 2030 425 in
2061 368 2197 428 Berlin.
2218 368 2308 428 Dort

2376 370 2496 430 Brünn
2531 371 2595 431 also
2626 371 2756 431 erschien
2792 371 2860 431 1890

491 374 576 434 gang
605 374 705 434 seiner
734 374 891 434 Führung
921 377 1087 437 erschienen
1121 377 1187 437 1886
1236 377 1288 437 die
1331 380 1479 440 frühesten
1517 377 1651 437 Kritiken

1688 407 1752 467 das
1778 410 1883 470 zweite
1909 410 2004 470 Stück
2029 410 2084 470 aus
2115 413 2300 473 „Anatol“:
2321 417 2396 477 „Die
2422 416 2526 476 Frage
2552 416 2587 476 an
2618 416 2672 476 das
2698 416 2848 476 Schicksal

491 416 545 476 des
579 417 702 477 damals
727 419 909 479 21jährigen
939 421 1007 481 Dr.
1028 421 1135 481 Artur
1161 422 1352 482 Schnitzler.
1372 423 1415 483 Am
1455 422 1509 482 31.
1534 422 1642 482 Jänne

1691 454 1758 514 und
1786 452 1794 512 —
1840 455 1953 515 immer
1972 455 2072 515 außer
2095 455 2144 515 der
2167 458 2308 518 späteren
2340 459 2498 519 Ordnung
2526 462 2535 522 —
2581 461 2648 521 auch
2672 461 2726 521 das
2754 461 2871 521 dritte:

490 461 606 521 wurde
634 463 709 523 dort
733 464 788 524 das
817 466 891 526 erste
919 468 1114 528 unsignierte
1143 467 1277 527 Referat
1301 470 1352 530 des
1386 470 1450 530 noch
1478 467 1655 527 heimlichen

1687 499 1859 559 „Anatols
1889 500 2229 560 Hochzeitsmorgen“.
2249 503 2308 563 Als
2343 503 2421 563 dann
2456 504 2549 564 Kafka
2580 506 2663 566 seine
2693 507 2869 567 Zeitschrift

491 507 638 567 Dichters
687 509 849 569 gedruckt,
908 509 986 569 über
1035 511 1084 571 H.
1133 514 1309 574 Eichhorsts
1364 512 1550 572 „Handbuch
1604 513 1657 573 der

1690 543 1763 603 nach
1793 544 1881 604 Wien
1911 545 2048 605 verlegte
2093 545 2156 605 und
2200 548 2382 608 gemeinsam
2421 548 2480 608 mit
2505 548 2568 608 Dr.
2589 550 2627 610 J.
2647 551 2774 611 Joachim
2814 551 2862 611 als

488 553 649 613 speziellen
689 553 885 613 Pathologie
920 553 978 613 und
1013 556 1209 616 Therapie“,
1234 556 1273 616 am
1318 557 1371 617 16.
1396 559 1474 619 Mai
1504 557 1553 617 die
1588 556 1660 616 erste

127 571 240 631 ler.

487 597 582 657 „Dr.
602 596 703 656 A—r“
730 598 915 658 gezeichnete
935 600 1152 660 Besprechung
1184 601 1260 661 über
1287 603 1325 663 K.
1345 604 1478 664 Riegers
1505 603 1657 663 „Grund=
1697 587 1882 647 „Moderne
1908 589 2119 649 Rundschau"
2146 591 2388 651 weiterführte,
2421 592 2529 652 tamen
2575 592 2664 652 darin
2696 592 2766 652 1891
2799 593 2868 653 noch

1685 634 1772 694 zwei
1804 634 1999 694 dichterische
2036 634 2195 694 Beiträge
2237 637 2344 697 Artur
2386 639 2576 699 Schnitzlers
2623 639 2679 699 zum
2716 638 2870 698 Abdruck.

489 640 538 700 riß
573 643 626 703 der
657 643 893 703 medizinischen
933 646 1287 706 Elektrizitätslehre";
1317 649 1430 709 zuletzt
1461 649 1583 709 erschien

134 658 203 718 der
229 658 449 718 preußischen

1687 677 1796 737 Neben
1854 679 1973 739 einigen
2026 680 2270 740 absprechenden
2323 682 2461 742 Kritiken
2500 682 2571 742 über
2605 682 2681 742 neue
2710 682 2858 742 Novellen

489 688 626 748 signiert
656 688 734 748 „Dr.
754 688 798 748 A.
823 688 911 748 Sch.“
936 685 950 745 —
1000 686 1024 746 in
1059 691 1157 751 diesem
1201 693 1304 753 Jahre
1334 691 1368 751 am
1413 693 1461 753 19.
1486 695 1657 755 Dezember

1692 721 1758 781 und
1787 723 1930 783 Dramen
1964 724 2212 784 verössentlichte
2241 727 2269 787 er
2298 727 2369 787 dort
2393 725 2403 785 —
2456 727 2541 787 einen
2575 729 2637 789 Tag
2671 730 2737 790 nach
2766 730 2866 790 seiner

485 730 534 790 ein
569 730 700 790 Bericht
721 732 798 792 über
824 733 862 793 J.
887 730 916 790 v.
936 733 1093 793 Merings
1123 736 1210 796 Werk
1240 739 1323 799 „Das
1353 738 1529 798 chlorsaure
1559 739 1647 799 Kali“

1690 765 1785 825 ersten
1818 768 1985 828 Premiere
2014 768 2099 828 (siehe
2123 771 2242 831 unten)
2262 769 2275 829 —
2324 771 2371 831 den
2405 771 2518 831 vierten
2552 774 2866 834 Anatol=Einakter:

123 774 187 834 ger
214 771 351 831 Jahren
378 774 442 834 auf

489 774 533 834 Um
574 774 649 834 diese
675 776 745 836 Zeit
766 777 821 837 gab
846 776 977 836 Johann
1008 780 1174 840 Schnitzler
1200 780 1244 840 die
1270 779 1416 839 „Wiener
1437 783 1658 843 Medizinische

1696 813 2012 873 „Denksteine“.
2028 816 2098 876 Ihm
2134 817 2234 877 folgke
2259 818 2310 878 die
2335 817 2360 877 in
2391 819 2440 879 den
2471 819 2702 879 Gesammelten
2733 819 2858 879 Werken

125 819 224 879 deren
265 819 445 879 Ergebnis
481 819 616 879 Presse“
646 819 721 879 auf,
767 820 826 880 und
882 819 937 879 sein
993 823 1173 883 bisheriger
1203 825 1418 885 Mitarbeiter
1454 828 1529 888 Bela
1565 828 1649 888 Weiß

1693 858 1774 918 (auch
1808 862 2014 922 „Exzentric“
2048 858 2105 918 von
2139 859 2211 919 1905
2240 863 2321 923 fehlt
2351 864 2441 924 dort)
2466 864 2581 924 wieder
2610 865 2864 925 ausgeschiedene

121 867 144 927 t
162 868 380 928 Oesterreich
410 868 439 928 im

487 864 645 924 gründete
674 865 725 925 als
762 867 985 927 Herausgeber
1033 869 1098 929 und
1149 870 1447 930 verantwortlicher
1481 873 1657 933 Redakteun

1687 903 1829 963 Novelle
1859 903 2080 963 „Reichtum“.
2100 903 2143 963 Im
2188 909 2325 969 Jänner
2355 907 2423 967 1892
2453 909 2561 969 wurde
2591 909 2639 969 die
2685 909 2865 969 „Moderne

483 909 618 969 Anfang
653 909 728 969 1887
780 909 844 969 mit
890 912 1000 972 Artur
1031 915 1207 975 Schnitzler
1262 917 1312 977 die
1363 918 1654 978 „Internationale

137 914 218 974 oder
260 917 326 977 gar
373 914 439 974 mit

1687 948 1902 1008 Rundschau“
1932 950 1990 1010 mit
2010 950 2063 1010 der
2093 950 2215 1010 „Freien
2245 950 2362 1010 Bühne
2387 951 2435 1011 für
2460 953 2626 1013 modernes
2656 953 2773 1013 Leben“
2798 953 2865 1013 ver¬

486 954 624 1014 klinische
661 956 877 1016 Rundschau“
929 958 1046 1018 (später
1083 959 1232 1019 „Wiener
1268 962 1407 1022 klinische
1449 962 1628 1022 Rundschau

115 961 230 1021 tkraft
254 962 306 1022 ein
347 962 456 1022 Blitz¬

1690 995 1812 1055 einigt,
1847 995 1900 1055 als
1950 995 2057 1055 „Freie
2088 995 2205 1055 Bühne
2250 995 2308 1055 für
2353 996 2406 1056 den
2441 998 2789 1058 Entwicklungskampf
2814 999 2868 1059 der

484 998 664 1058 genannt).
690 998 749 1058 Als
780 1000 860 1060 Bela
891 1001 981 1061 Weiß
1016 1004 1046 1064 zu
1082 1005 1172 1065 Ende
1202 1006 1297 1066 dieses
1333 1007 1453 1067 Jahres
1489 1009 1659 1069 erkrankte,

115 1008 194 1068 hielt
230 1010 270 1070 es
311 1010 437 1070 daheim

1689 1040 1801 1100 Zeit“,
1824 1037 1922 1097 unter
1955 1037 2005 1097 der
2038 1040 2336 1100 verantwortlichen
2374 1040 2546 1100 Redaktion
2603 1043 2658 1103 von
2714 1043 2849 1103 Wilhelm

488 1043 649 1103 übernahm
697 1045 735 1105 am
784 1043 831 1103 18.
855 1049 1026 1109 Dezember
1060 1046 1132 1106 1887
1161 1049 1270 1109 Artur
1304 1052 1475 1112 Schnitzler
1509 1052 1552 1112 die
1586 1051 1657 1111 ver¬

118 1055 153 1115 sch
184 1058 338 1118 Berlin,
357 1058 445 1118 danr

1688 1082 1838 1142 Bölsche.
1873 1083 1968 1143 Dort
2010 1084 2135 1144 erschien
2185 1086 2275 1146 auch,
2317 1088 2341 1148 im
2382 1088 2472 1148 ersten
2508 1089 2583 1149 Heft
2609 1088 2713 1148 gleich,
2754 1091 2799 1151 die
2825 1090 2849 1150 im

485 1089 704 1149 antwortliche
738 1091 933 1151 Redaktion,
977 1092 1024 1152 die
1053 1093 1086 1153 er
1120 1095 1167 1155 bis
1201 1097 1234 1157 9.
1263 1097 1454 1157 September
1488 1097 1559 1157 1894
1593 1094 1654 1154 bei¬

113 1103 136 1163 se
161 1107 350 1167 schließlich
375 1106 447 1166 doch

1692 1128 1864 1188 Dezember
1893 1127 1962 1187 1891
2009 1128 2078 1188 noch
2126 1130 2186 1190 von
2237 1132 2289 1192 der
2340 1133 2540 1193 „Modernen
2573 1134 2778 1194 Rundschau“
2806 1135 2861 1195 an¬

484 1135 619 1195 behielt,
659 1136 729 1196 also
780 1139 850 1199 noch
896 1138 930 1198 in
986 1138 1041 1198 der
1077 1142 1152 1202 Zeit
1178 1142 1277 1202 seiner
1313 1143 1403 1203 ersten
1444 1142 1649 1202 literarischen

115 1153 215 1213 ng",
229 1153 299 1213 hier
324 1153 442 1213 sollter

1691 1173 1881 1233 gekündigte
1912 1172 2042 1232 Novelle
2073 1176 2263 1236 Schnitzlers
2295 1180 2379 1240 „Der
2405 1180 2540 1240 Sohn",
2561 1180 2676 1240 wieder
2707 1180 2777 1240 „aus
2813 1180 2862 1240 den

487 1179 600 1239 Erfolg
647 1182 781 1242 geführt
807 1182 879 1242 hat.
916 1183 1044 1243 Zuletzt
1092 1183 1168 1243 wird
1200 1186 1334 1246 Johann
1371 1189 1566 1249 Schnitzler,
1603 1186 1659 1246 der

118 1200 151 1260 fi.
181 1200 417 1260 Stadtberüm

1690 1219 1851 1279 Papieren
1886 1219 1969 1279 eines
1994 1222 2126 1282 Arztes“
2151 1223 2356 1283 zubenannt.
2377 1224 2464 1284 Diese
2490 1224 2563 1284 erste
2588 1225 2783 1285 Berührung
2813 1226 2871 1286 mit

486 1225 575 1285 wohl
601 1228 651 1288 die
677 1228 797 1288 geistige
827 1228 983 1288 Führung
1019 1229 1069 1289 des
1100 1231 1229 1291 Blattes
1260 1232 1446 1292 beibehielt,
1467 1231 1577 1291 wieder
1608 1232 1652 1292 als

111 1246 212 1306 eeiner
234 1249 443 1309 Krawatten

1693 1263 1744 1323 dem
1781 1263 1935 1323 Berliner
1961 1267 2074 1327 Verlag
2101 1267 2141 1327 S.
2157 1270 2275 1330 Fischer
2297 1270 2405 1330 führte
2421 1270 2492 1330 aber
2513 1270 2673 1330 vorläufig
2699 1272 2766 1332 noch
2792 1272 2869 1332 nicht

485 1270 714 1330 Herausgeber
743 1273 805 1333 und
839 1273 1087 1333 Chefredakteur
1117 1275 1279 1335 genannt,
1322 1279 1394 1339 nach
1428 1276 1528 1336 seinem
1576 1279 1657 1339 Hin¬

153 1297 266 1357 stellte
302 1297 355 1357 sich
392 1297 444 1357 ein

1692 1311 1726 1371 zu
1756 1309 1838 1369 einer
1864 1309 2099 1369 Verbindung.
2119 1314 2275 1374 Zunächst
2295 1316 2402 1376 mußte
2428 1315 2530 1375 Artur
2560 1315 2726 1375 Schnitzler
2752 1318 2868 1378 ander¬

480 1315 615 1375 scheiden
651 1317 676 1377 im
717 1318 882 1378 Frühjahr
908 1316 979 1376 1893
1009 1319 1074 1379 eine
1100 1321 1246 1381 Zeitlang
1282 1321 1347 1381 noch
1378 1321 1427 1381 als
1453 1324 1659 1384 Begründer.

151 1344 261 1404 Loris
297 1344 419 1404 schrieb

1690 1354 1794 1414 weitig
1828 1356 2109 1416 unterzukommen
2139 1357 2262 1417 suchen.
2287 1359 2363 1419 Sein
2397 1362 2558 1422 „Anatol“
2588 1362 2692 1422 wurde
2721 1362 2759 1422 um
2802 1364 2869 1424 drei

485 1358 588 1418 Unter
618 1362 671 1422 den
711 1362 872 1422 Büchern,
897 1362 945 1422 die
975 1362 1083 1422 Artur
1113 1367 1284 1427 Schnitzler
1324 1365 1377 1425 von
1417 1367 1544 1427 Anfang
1583 1365 1651 1425 1887

121 1389 243 1449 von
299 1389 443 1449 Werken

1687 1398 1804 1458 Stücke
1829 1401 1991 1461 vermehrt
2016 1401 2074 1461 und
2099 1403 2251 1463 erschien,
2266 1405 2325 1465 mit
2350 1406 2398 1466 der
2419 1406 2590 1466 bekannten
2620 1407 2811 1467 Einleitung
2836 1408 2865 1468 in

479 1401 533 1461 bis
563 1406 650 1466 Ende
680 1407 748 1467 1892
779 1407 803 1467 in
833 1408 886 1468 der
916 1410 1225 1470 „Internationalen
1255 1410 1412 1470 klinischen
1447 1413 1633 1473 Rundschau

142 1442 213 1502 und
250 1440 326 1500 man
363 1439 444 1499 kanr

1687 1443 1809 1503 Versen
1839 1445 1897 1505 von
1927 1446 2059 1506 „Loris“
2090 1446 2212 1506 (Herbst
2237 1449 2330 1509 1892)
2345 1448 2359 1508 —
2404 1451 2472 1511 auch
2502 1452 2762 1512 Hofmannsthal
2787 1454 2870 1514 hatte

482 1452 663 1512 besprochen
698 1453 766 1513 hat,
787 1454 884 1514 waren
919 1453 962 1513 die
987 1455 1164 1515 Mehrzahl
1189 1457 1296 1517 Werke
1321 1458 1400 1518 über
1425 1458 1478 1518 das
1508 1458 1654 1518 Nerven¬

119 1485 293 1545 iebelei",
330 1487 448 1547 „Frei¬

1688 1488 1727 1548 an
1758 1491 1807 1551 der
1833 1491 2034 1551 „Modernen
2065 1493 2270 1553 Rundschau“
2297 1497 2401 1557 fleißig
2427 1497 2663 1557 mitgearbeitet
2684 1497 2698 1557 —
2744 1497 2809 1557 1893
2835 1498 2859 1558 in

480 1497 610 1557 system,
630 1497 882 1557 Neurasthenie,
902 1499 1058 1559 Hysterie,
1084 1500 1159 1560 über
1190 1502 1426 1562 Hypotismus;
1452 1506 1662 1566 Suggestion,

124 1533 205 1593 Der
236 1533 341 1593 Gang
372 1536 436 1596 zum

487 1546 901 1606 Gedankenübertragung,
928 1547 1209 1607 Psychotherapie;
1235 1550 1368 1610 seltener
1394 1552 1516 1612 befaßte
1548 1552 1573 1612 er
1600 1547 1656 1607 sich
1695 1539 1784 1599 einem
1836 1536 1963 1596 andern
2002 1536 2161 1596 Berliner
2201 1541 2347 1601 Verlag:
2386 1542 2443 1602 dem
2501 1542 2692 1602 vergessenen
2725 1542 2871 1602 „Biblio¬

152 1580 276 1640 mögen
319 1582 357 1642 sie
390 1582 448 1642 zu¬

1688 1583 1893 1643 graphischen
1924 1583 2099 1643 Bureau“.
2115 1585 2255 1645 Nachdem
2302 1586 2381 1646 dann
2412 1587 2457 1647 O.
2477 1588 2517 1648 J.
2538 1586 2698 1646 Bierbaum
2744 1589 2769 1649 in
2805 1589 2854 1649 dem

482 1587 543 1647 mit
572 1589 820 1649 Publikationen
854 1589 930 1649 über
954 1595 1326 1655 Kehlkopfkrankheiten,
1345 1595 1388 1655 die
1417 1595 1512 1655 seinem
1555 1595 1655 1655 Vater

121 1632 292 1692 immer
314 1631 442 1691 wieder

1684 1628 1816 1688 zweiten
1866 1628 2037 1688 Jahrgang
2087 1629 2184 1689 seines
2234 1632 2434 1692 „Modernen
2464 1634 2788 1694 Musenalmanachs"
2818 1638 2867 1698 für

481 1636 690 1696 vorbehalten
724 1637 882 1697 schienen,
901 1639 1035 1699 dagegen
1073 1640 1180 1700 mußte
1208 1641 1240 1701 er
1274 1641 1339 1701 auch
1376 1643 1553 1703 manchmal
1581 1642 1655 1702 über

1691 1670 1765 1730 1891
1806 1673 1996 1733 Schnitzlers
2037 1676 2323 1736 Märchennovelle
2369 1680 2449 1740 „Die
2485 1679 2560 1739 drei
2595 1682 2756 1742 Elexiere“
2797 1681 2871 1741 auf¬

470 1682 666 1742 allgemeine
716 1684 931 1744 medizinische
976 1685 1192 1745 Handbücher
1241 1686 1413 1746 schreiben,
1452 1687 1560 1747 wobei
1605 1686 1648 1746 ein

1687 1718 1879 1778 genommen
1909 1718 2006 1778 hatte,
2022 1721 2134 1781 konnte
2154 1721 2204 1781 der
2229 1724 2326 1784 junge
2346 1724 2474 1784 Dichter
2494 1725 2518 1785 im
2559 1725 2651 1785 selben
2681 1728 2784 1788 Jahre
2800 1730 2868 1790 auch

479 1727 622 1787 gewisser
656 1727 856 1787 Sarkasmus
890 1729 947 1789 zum
991 1729 1157 1789 Vorschein
1196 1732 1277 1792 kam.
1302 1733 1593 1793 Erwähnenswert
1622 1731 1660 1791 ist

1692 1764 1748 1824 sein
1774 1762 1897 1822 Drama
1924 1765 2006 1825 „Das
2027 1765 2202 1825 Märchen“
2229 1768 2310 1828 (1891
2337 1771 2538 1831 entstanden)
2554 1771 2605 1831 bei
2621 1771 2662 1831 E.
2678 1771 2806 1831 Pierson
2832 1774 2858 1834 in

483 1771 562 1831 seine
588 1772 683 1832 frühe
714 1774 910 1834 Sympathie
935 1774 985 1834 für
1011 1777 1196 1837 Siegmund
1227 1777 1388 1837 Freud,
1409 1780 1504 1840 dessen
1539 1777 1654 1837 Ueber¬

1692 1809 1837 1869 Dresden
1873 1811 2129 1871 unterbringen,
2155 1813 2336 1873 begünstigt
2366 1816 2451 1876 durch
2487 1816 2537 1876 den
2573 1818 2749 1878 Fürspruch
2779 1819 2864 1879 eines

112 1819 248 1879 heit.

480 1819 642 1879 setzungen
708 1816 777 1876 nach
825 1819 968 1879 Charcot
1007 1821 1071 1881 und
1114 1822 1276 1882 Bernheim
1333 1823 1365 1883 er
1412 1825 1649 1885 ausgezeichnet

1688 1855 1765 1915 dort
1791 1856 2012 1916 beglaubigten
2049 1858 2239 1918 Freundes;
2261 1862 2358 1922 dieses
2384 1861 2482 1921 Stück
2524 1862 2631 1922 wurde
2673 1864 2869 1924 Schnitzlers

470 1864 627 1924 geradezu
682 1864 879 1924 meisterhaft
924 1864 1061 1924 nannte.
1101 1867 1278 1927 Schnitzler
1323 1868 1382 1928 hat
1426 1870 1549 1930 später,
1584 1870 1653 1930 nach

1691 1902 1785 1962 erster
1831 1902 1896 1962 und
1942 1903 2042 1963 letzter
2093 1904 2263 1964 Durchfall
2304 1907 2343 1967 am
2399 1909 2590 1969 „Deutschen
2626 1909 2846 1969 Volkstheater

485 1906 607 1966 Freuds
637 1908 759 1968 eigenem
799 1911 960 1971 Zeugnis,
980 1909 1024 1969 als
1054 1912 1181 1972 Dichter
1206 1912 1382 1972 gefunden,
1402 1915 1465 1975 was
1495 1917 1578 1977 jener
1603 1913 1651 1973 als

1697 1949 1736 2009 (1.
1757 1947 1932 2007 Dezember
1958 1947 2058 2007 1893).
2079 1950 2224 2010 Dennoch
2260 1950 2310 2010 kam
2356 1950 2385 2010 er
2411 1952 2491 2012 schon
2522 1953 2597 2013 1894
2622 1953 2647 2013 in
2678 1956 2733 2016 den
2763 1956 2858 2016 Hafen

119 1952 155 2012 it
187 1951 217 2011 23
249 1953 373 2013 Jahren
412 1953 436 2013 in

480 1950 628 2010 Forscher
657 1953 791 2013 entdeckt
820 1953 925 2013 hatte.
964 1953 1035 2013 Von
1074 1958 1260 2018 besonderer
1294 1958 1485 2018 Bedeutung
1519 1961 1576 2021 für
1606 1957 1653 2017 die

1688 1992 1739 2052 S.
1755 1995 1908 2055 Fischers,
1924 1992 1975 2052 der
2001 1992 2021 2052 im
2063 1995 2145 2055 Jahr
2171 1995 2289 2055 darauf
2310 1996 2356 2056 die
2377 1998 2510 2058 Novelle
2531 1998 2711 2058 „Sterben“
2732 2001 2865 2061 heraus¬

171 1996 227 2056 den
269 1998 434 2058 ärztlichen

482 1996 702 2056 Entwicklung
732 1998 927 2058 Schnitzlers
971 2001 1107 2061 scheinen
1162 2003 1230 2063 auch
1284 2004 1367 2064 seine
1397 2004 1533 2064 Kritiken
1577 2004 1650 2064 über

1689 2042 1749 2102 gab
1777 2040 1837 2100 und
1866 2040 1910 2100 die
1933 2040 2032 2100 beiden
2060 2040 2176 2100 andern
2204 2042 2331 2102 Bücher
2354 2045 2403 2105 für
2426 2046 2525 2106 seinen
2554 2048 2669 2108 Verlag
2698 2049 2835 2109 erwarb.

115 2045 220 2105 geübt
250 2043 317 2103 hat.
332 2045 384 2105 Es
415 2041 451 2101 ist

481 2043 614 2103 sexuelle
640 2046 835 2106 Pathologie
867 2046 923 2106 und
954 2048 1185 2108 Psychopathie
1212 2049 1391 2109 (Ribbing,
1407 2050 1638 2110 Krafft=Ebing

156 2089 445 2149 Fachschrift¬

482 2089 663 2149 Schuster).
678 2089 727 2149 Am
767 2089 810 2149 23.
831 2088 1011 2148 November
1036 2093 1105 2153 1890
1135 2094 1296 2154 berichtete
1326 2094 1355 2154 er
1381 2094 1458 2154 über
1484 2094 1537 2154 das
1567 2094 1659 2154 Werl

2020 2114 2095 2174 Der
2121 2117 2208 2177 erste
2234 2118 2534 2178 Theatererfolg.

129 2134 223 2194 war
255 2136 302 2196 der
340 2135 429 2195 Sohn
477 2133 534 2193 des
566 2133 734 2193 Schweden
772 2136 818 2196 S.
840 2138 1003 2198 Ribbing:
1051 2139 1129 2199 „Die
1161 2141 1287 2201 sexuelle
1319 2141 1461 2201 Hygiene
1493 2141 1556 2201 und
1583 2141 1651 2201 ihre

1782 2170 1829 2230 Im
1872 2174 1960 2234 selben
1988 2174 2111 2234 Jahre,
2126 2174 2159 2234 am
2195 2176 2228 2236 9.
2249 2177 2380 2237 Oktober
2408 2178 2490 2238 1895,
2511 2181 2627 2241 brachte
2649 2183 2724 2243 Max
2752 2183 2861 2243 Burck¬

104 2182 225 2242 Johann
263 2180 445 2240 Schnitzler,

477 2180 627 2240 ethischen
662 2180 949 2240 Konsequenzen“;
995 2182 1095 2242 dieses
1131 2186 1261 2246 Referat
1312 2186 1397 2246 wäre
1448 2186 1508 2246 mit
1553 2186 1653 2246 seinen

1683 2220 1785 2280 hard,
1818 2222 1871 2282 der
1931 2223 2011 2283 neue
2055 2222 2205 2282 Direktor
2271 2225 2324 2285 des
2373 2228 2632 2288 Burgtheaters,
2670 2231 2858 2291 Schnitzleri

107 2229 189 2289 Pgab
229 2225 291 2285 and
326 2228 349 2288 in
384 2227 437 2287 den

483 2227 704 2287 prinzipiellen
740 2228 1092 2288 Auseinandersetzung
1133 2232 1208 2292 über
1244 2231 1455 2291 „unsittliche“
1491 2233 1657 2293 Literatur

103 2273 171 2333 ur,
194 2271 262 2331 1886
292 2273 343 2333 bis
372 2269 440 2329 1888

484 2274 678 2334 interessant
698 2275 821 2335 genug,
841 2275 879 2335 um
919 2275 1036 2335 wieder
1062 2278 1198 2338 gedruckt
1225 2278 1250 2338 zu
1284 2277 1426 2337 werden.
1446 2280 1653 2340 Literarische
1687 2271 1862 2331 „Liebelei"
1888 2272 1946 2332 zur
1973 2271 2180 2331 Aufführung
2214 2275 2271 2335 und
2305 2276 2356 2336 zum
2402 2276 2492 2336 ersten
2526 2278 2701 2338 namhaften
2740 2280 2863 2340 Erfolg.

116 2317 174 2377 ind
195 2319 273 2379 dann
300 2319 447 2379 Assistent

1691 2318 1770 2378 Aber
1802 2320 1871 2380 auch
1903 2321 1955 2381 das
1987 2321 2050 2381 war
2077 2321 2135 2381 kein
2167 2324 2346 2384 Primeur.
2363 2324 2452 2384 Das
2479 2325 2585 2385 erste
2612 2327 2738 2387 Stück
2760 2327 2865 2387 Artur

480 2321 645 2381 Anklänge
696 2322 751 2382 hat
802 2321 872 2381 auch
908 2321 953 2381 die
984 2324 1200 2384 Besprechung
1241 2324 1316 2384 über
1347 2324 1539 2384 Lombrosos
1574 2327 1654 2387 „Der

125 2366 322 2426 Poliklinik,
365 2367 445 2427 auch

481 2367 604 2427 geniale
631 2366 776 2426 Mensch“
804 2367 846 2427 (4.
869 2365 992 2425 Jänner
1020 2368 1127 2428 1891),
1144 2368 1197 2428 das
1225 2370 1397 2430 Schnitzler
1425 2371 1473 2431 ein
1506 2370 1650 2430 wunder=
1684 2368 1883 2428 Schnitzlers
1910 2368 1980 2428 war
2002 2370 2083 2430 schon
2132 2369 2169 2429 am
2213 2370 2260 2430 11.
2299 2371 2400 2431 April
2444 2371 2514 2431 1891
2563 2372 2590 2432 im
2633 2375 2864 2435 „Rudolfs¬

481 2415 578 2475 bares
603 2413 692 2473 Buch
717 2413 822 2473 nennt
847 2413 911 2473 und
945 2415 994 2475 dem
1036 2416 1067 2476 er
1093 2417 1165 2477 doch
1190 2419 1320 2479 gewisse
1345 2419 1500 2479 Vorhalte
1525 2419 1646 2479 machen
1688 2419 1858 2479 heimer
1876 2419 2226 2479 Volkstheater"
2243 2422 2372 2482 gegeben
2407 2423 2553 2483 worden,
2570 2424 2683 2484 einmal
2708 2422 2764 2482 ugs
2790 2422 2862 2482 dan¬

1703 2515 1822 2575 gestellt
1848 2515 1905 2575 von
1937 2515 2049 2575 Eleven
2082 2515 2138 2575 der
2164 2515 2289 2575 Wiener
2322 2516 2605 2576 Schauspielschule
2631 2515 2687 2575 Lev
2720 2515 2896 2575 Friedrich,

1703 2562 1761 2622 vor
1788 2562 1962 2622 geladenen
1995 2562 2126 2622 Gästen.
2148 2562 2190 2622 An
2227 2562 2322 2622 diesem
2365 2563 2544 2623 Samstag,
2566 2562 2619 2622 der
2662 2562 2740 2622 schon
2794 2561 2883 2621 durch

1704 2607 2038 2667 Bezirksratswahlen
2072 2609 2152 2669 (auch
2180 2609 2201 2669 in
2234 2610 2483 2670 Rudolfsheim)
2505 2610 2564 2670 und
2597 2610 2677 2670 durch
2711 2608 2753 2668 die
2775 2610 2888 2670 Eröff¬

1700 2657 1785 2717 nung
1811 2658 1861 2718 des
1887 2656 2090 2716 Reichsrates
2111 2657 2232 2717 bewegt
2253 2658 2339 2718 war,
2355 2659 2425 2719 fand
2451 2658 2572 2718 abends
2599 2655 2623 2715 im
2665 2657 2887 2717 Burgtheater

1703 2706 1750 2766 die
1777 2706 1941 2766 Premiere
1968 2706 2020 2766 von
2053 2706 2169 2766 Ibsens
2212 2706 2582 2766 „Kronprätendenten"
2609 2705 2634 2765 in
2662 2703 2889 2763 Anwesenheit

1704 2752 1757 2812 des
1785 2751 1931 2811 Dichters
1959 2753 2046 2813 statt,
2068 2752 2116 2812 der
2144 2752 2225 2812 dann
2258 2753 2312 2813 von
2351 2753 2437 2813 einer
2465 2753 2665 2813 Gesellschaft
2693 2751 2796 2811 (Kafka
2829 2748 2888 2808 und

1707 2798 1839 2858 Joachim
1878 2798 1916 2858 an
1944 2798 1998 2858 der
2021 2800 2147 2860 Spitze)
2186 2800 2213 2860 im
2258 2801 2461 2861 „Kaiserhof“
2484 2801 2571 2861 durch
2600 2799 2643 2859 ein
2677 2798 2814 2858 Bankett
2837 2794 2886 2854 ge¬

1704 2847 1798 2907 feiert
1826 2846 1947 2906 wurde.
1970 2845 2075 2905 Arr
2103 2846 2279 2906 Schnitzler
2308 2846 2418 2906 dürfte
2446 2846 2540 2906 dabei
2563 2847 2695 2907 gewesen
2729 2843 2806 2903 sein,
2828 2843 2889 2903 wie

1704 2891 1735 2951 er
1763 2894 1838 2954 denn
1871 2896 1941 2956 auch
1975 2896 2028 2956 mit
2056 2894 2315 2954 Hofmannsthal
2343 2894 2412 2954 balb
2441 2894 2559 2954 darauf
2581 2894 2607 2954 im
2651 2891 2808 2951 Ausschuß
2841 2889 2889 2949 des

1703 2937 1861 2997 Vereines
1888 2941 2036 3001 „Wiener
2058 2942 2147 3002 Freie
2169 2941 2307 3001 Bühne"
2334 2941 2417 3001 war,
2429 2941 2481 3001 der
2503 2941 2555 3001 bei
2577 2939 2671 2999 seiner
2699 2938 2883 2998 Gründung

1703 2988 1734 3048 im
1772 2989 1925 3049 Sommer
1957 2989 2025 3049 1891
2048 2991 2147 3051 Ibsen
2180 2990 2232 3050 zum
2275 2989 2528 3049 Ehrenmitglied
2556 2988 2687 3048 wählte.
2709 2988 2788 3048 Man
2821 2986 2894 3046 darf

1706 3037 1752 3097 sich
1783 3035 1865 3095 nicht
1891 3037 2066 3097 wundern,
2088 3036 2138 3096 daß
2176 3036 2211 3096 an
2243 3037 2329 3097 jenem
2376 3035 2634 3095 ereignisreichen
2671 3034 2753 3094 Tage
2779 3034 2887 3094 Artur

1704 3084 1896 3144 Schnitzlers
1925 3083 2077 3143 Lustspiel
2101 3083 2202 3143 „Das
2231 3085 2497 3145 Abenteuer
2521 3082 2661 3142 seines
2690 3081 2893 3141 Lebens",

1699 3130 1755 3190 das
1782 3132 1843 3192 mit
1870 3132 1910 3192 ein
1943 3130 2019 3190 paar
2046 3129 2164 3189 andern
2196 3131 2371 3191 Einaktern
2403 3132 2429 3192 in
2460 3129 2547 3189 jener
2574 3129 2729 3189 Vorstadt
2750 3128 2879 3188 gegeben

1698 3180 1830 3240 wurde,
1853 3181 1913 3241 fast
1941 3179 2074 3239 gänzlich
2108 3177 2273 3237 übersehen
2313 3177 2434 3237 worden
2473 3177 2523 3237 ist.
2546 3177 2623 3237 Nur
2651 3177 2728 3237 zwei
2756 3177 2883 3237 Wiener

1699 3226 1837 3286 Blätter
1869 3226 1961 3286 gaben
1998 3225 2095 3285 davon
2132 3225 2260 3285 Kunde,
2276 3226 2436 3286 darunter
2467 3226 2518 3286 das
2549 3225 2683 3285 „Neue
2709 3223 2889 3283 Wiener

1696 3273 1949 3333 Tagblatt"
1973 3273 2020 3333 am
2068 3273 2126 3333 14.
2144 3273 2285 3333 April
2316 3273 2410 3333 1891
2446 3273 2504 3333 mit
2528 3274 2693 3334 folgenden
2729 3270 2887 3330 Worten:

1710 3321 1903 3381 „Samstag,
1920 3321 1974 3381 den
2002 3321 2050 3381 14.
2072 3321 2115 3381 d.,
2132 3321 2201 3381 fand
2229 3321 2250 3381 im
2294 3321 2558 3381 Rudolfsheimer
2581 3318 2802 3378 Volkstheater
2830 3318 2883 3378 vor

1694 3368 1791 3428 einem
1833 3368 2018 3428 zahlreichen
2054 3367 2209 3427 Publikum
2256 3367 2296 3427 ein
2328 3367 2487 3427 Gastspiel
2514 3365 2559 3425 der
2586 3364 2879 3424 Schauspieleleven

1703 3417 1751 3477 des
1772 3416 1953 3476 Professors
1975 3414 2027 3474 Leo
2049 3414 2203 3474 Friedrich
2225 3416 2314 3476 statt.
2326 3416 2383 3476 Die
2400 3414 2511 3474 jungen
2538 3413 2703 3473 Darsteller
2725 3412 2809 3472 boten
2836 3411 2889 3471 fast

1702 3461 1862 3521 durchweg
1892 3461 2213 3521 anerkennenswerte
2239 3463 2445 3523 Leistungen.
2461 3461 2641 3521 Besondere
2667 3458 2877 3518 Erwähnung

1704 3511 1868 3571 verdienen
1900 3509 1946 3569 die
1972 3509 2090 3569 Damen
2127 3509 2240 3569 Terka,
2256 3509 2384 3569 Kraus,
2405 3506 2575 3566 Schrötter
2601 3507 2657 3567 und
2689 3506 2734 3566 die
2761 3506 2879 3566 Herren

1705 3559 1782 3619 Lutz
1798 3559 1865 3619 und
1886 3559 2087 3619 Baumann.
2103 3558 2169 3618 Zur
2195 3556 2407 3616 Aufführung
2438 3556 2603 3616 gelangten
2635 3553 2727 3613 unter
2754 3550 2871 3610 anderm

1703 3606 1751 3666 die
1806 3606 1961 3666 Einakter
2011 3604 2129 3664 zweier
2179 3602 2659 3662 vielversprechender
2714 3601 2886 3661 junger

1700 3654 1878 3714 Wiener
1911 3652 2138 3712 Antoren,
2154 3652 2262 3712 Artur
2289 3651 2527 3711 Schnitzler
2555 3649 2619 3709 und
2663 3646 2727 3706 Leo
2771 3646 2889 3706 Stein,

1698 3700 1756 3760 von
1795 3702 1886 3762 denen
1925 3700 1994 3760 der
2022 3698 2183 3758 erstere
2211 3700 2308 3760 eine
2352 3699 2567 3759 poetische
2616 3694 2891 3754 Plauderei,

1706 3748 1805 3808 „Das
1832 3746 2095 3806 Abenteuer
2116 3744 2263 3804 seines
2291 3744 2491 3804 Lebens',
2523 3741 2575 3801 der
2602 3742 2717 3802 letztere
2744 3741 2786 3801 ein
2818 3741 2880 3801 sehr

1701 3795 1846 3855 hübsches
1879 3794 2030 3854 Lustspiel
2052 3793 2117 3853 mit
2139 3792 2241 3852 feinem
2279 3793 2419 3853 Dialog,
2441 3789 2717 3849 Fächersprache',
2734 3787 2873 3847 lieferte.

1695 3846 1765 3906 Der
1787 3842 1889 3902 andre
1912 3840 2041 3900 Bericht
2064 3840 2144 3900 stand
2172 3840 2199 3900 im
2248 3841 2486 3901 „Illustrierten
2519 3834 2649 3894 Wiener
2671 3835 2882 3895 Extrablatt“

1701 3891 1763 3951 und
1791 3891 1960 3951 bedauerte
1989 3888 2051 3948 nur
2080 3888 2124 3948 die
2147 3888 2254 3948 Kürze
2277 3888 2328 3948 des
2357 3886 2565 3946 „geistreichen
2600 3882 2882 3942 Lustspielchens:

1709 3942 1795 4002 „Für
1825 3936 1903 3996 einen
1940 3936 2026 3996 Sohn
2063 3934 2113 3994 des
2142 3933 2308 3993 bekannten
2345 3935 2524 3995 Professors
2554 3932 2719 3992 Schnitzler
2742 3932 2799 3992 hat
2821 3929 2856 3989 de

1703 3989 1834 4049 Dichter
1860 3986 1941 4046 einen
1973 3986 2034 4046 viel
2054 3986 2084 4046 zu
2110 3983 2216 4043 kurzen
2248 3983 2372 4043 Atem."
