3344 4384
1460 312 1579 372 box
1662 312 1834 372 43/5

204 320 280 380 2.
330 321 931 381 Schnitzlers
1001 321 1232 381 Deatl

876 670 947 730 Die
969 673 1091 733 nächste
1113 675 1286 735 Nummer
1308 677 1358 737 der
1390 680 1533 740 „Neuen
1555 682 1677 742 Freien
1709 682 1831 742 Presse

1900 694 2029 754 blauen.
2052 697 2114 757 So,
2138 698 2267 758 zwischen
2301 702 2494 762 Kahlenberg
2522 704 2579 764 und
2614 709 2879 769 Stephansturia,
2897 712 3020 772 schwebt

867 724 1037 784 erscheint
1066 727 1225 787 Montag
1254 727 1521 787 nachmittags.

1903 739 1953 799 sein
2000 742 2147 802 geistiger
2176 745 2323 805 Anblick,
2364 748 2488 808 Anblick
2522 751 2579 811 und
2614 754 2761 814 Ausblick
2796 760 2920 820 zugleich

1899 786 1985 846 auch,
2009 788 2118 848 zeitlich
2147 793 2320 853 umgrenzt,
2339 796 2413 856 seine
2442 799 2558 859 geistige
2582 799 2639 859 und
2668 802 2790 862 sittliche
2813 805 3015 865 Erscheinung

1908 832 1929 892 im
1972 835 2220 895 Abenddämmer
2242 839 2290 899 des
2318 843 2707 903 franzisco-josephinischen
2740 848 2847 908 Wien.
2864 853 3020 913 Schnitzler

1125 873 1472 933 Feuilleton.

1901 879 1938 939 ist
1961 880 2025 940 vier
2047 882 2149 942 Jahre
2177 882 2225 942 vor
2258 886 2306 946 der
2334 888 2474 948 Schlacht
2496 888 2544 948 von
2577 895 2771 955 Königgrätz
2793 898 2949 958 geboren;
2988 900 3014 960 er

1904 927 1953 987 hat
1981 927 2030 987 den
2064 930 2207 990 Umsturz
2235 930 2290 990 und
2324 933 2439 993 Zerfall
2473 936 2522 996 des
2556 939 2632 999 alten
2666 942 2842 1002 Oesterreich
2887 945 2919 1005 um
2970 945 3008 1005 ein

1903 972 2032 1032 Dutzend
2060 975 2157 1035 Jahre
2180 977 2336 1037 überlebt.
2353 981 2482 1041 Rechnet
2510 983 2574 1043 man
2603 987 2748 1047 Eingang
2781 990 2835 1050 und
2863 993 3008 1053 Ausgang

797 988 965 1048 Arthur
1000 993 1230 1053 Schnitzler
1265 993 1297 1053 im
1352 995 1488 1055 Bilde
1522 999 1657 1059 seiner
1691 999 1806 1059 Zeit.

1896 1015 1947 1075 ab,
1981 1021 2009 1081 so
2038 1020 2134 1080 bleibt
2157 1024 2219 1084 eine
2248 1026 2384 1086 Epoche,
2419 1028 2463 1088 die
2487 1030 2537 1090 sich
2566 1032 2719 1092 ungefähr
2748 1034 2804 1094 mit
2827 1035 2878 1095 den
2913 1037 3008 1097 letzten

823 1050 900 1110 Wer
931 1050 979 1110 sich
1016 1053 1215 1113 unterfängt,
1252 1054 1294 1114 ein
1331 1053 1402 1113 Bild
1434 1057 1566 1117 Arthur
1591 1062 1778 1122 Schnitzlers
1821 1064 1850 1124 zu

1898 1062 1958 1122 drei
1981 1067 2191 1127 Jahrzehnten
2225 1068 2274 1128 der
2297 1073 2557 1133 Regierungszeit
2580 1076 2629 1136 des
2658 1079 2735 1139 alten
2769 1080 2896 1140 Kaisers
2924 1084 3018 1144 decht.

733 1094 919 1154 entwerfen,
965 1097 1015 1157 der
1050 1099 1118 1159 darf
1147 1100 1219 1160 über
1248 1101 1293 1161 dem
1339 1102 1480 1162 örtlichen
1521 1104 1582 1164 auch
1617 1106 1667 1166 den
1708 1107 1854 1167 zeitlichen

1903 1106 1951 1166 Ein
1989 1111 2059 1171 noch
2097 1114 2161 1174 halb
2194 1118 2410 1178 romantisches
2448 1121 2528 1181 Wien
2572 1121 2620 1181 der
2648 1126 2917 1186 Gasbeleuchtung
2956 1128 3009 1188 und

190 1140 486 1200 RVER

731 1142 939 1202 Hintergrund
974 1144 1055 1204 nicht
1085 1148 1362 1208 vernachlässigen.
1409 1148 1455 1208 Es
1490 1151 1553 1211 gibt
1583 1154 1704 1214 Köpfe,
1728 1154 1773 1214 die
1809 1157 1831 1217 im

1897 1154 1946 1214 des
1979 1157 2095 1217 offenen
2135 1160 2322 1220 Wienbettes
2356 1166 2521 1226 bezeichnet
2550 1169 2627 1229 ihren
2667 1171 2810 1231 Anfang,
2838 1175 2893 1235 das
2921 1177 3009 1237 Wien

730 1187 827 1247 Leeren
866 1190 1045 1250 schweben;
1094 1193 1328 1253 monumentale
1361 1195 1529 1255 Gesichter,
1567 1199 1610 1259 die
1654 1202 1757 1262 zeitlos
1806 1202 1833 1262 im

180 1199 494 1259 konzessioniertes

1902 1199 1944 1259 der
1972 1203 2138 1263 Brotkarte
2182 1206 2241 1266 und
2274 1210 2327 1270 des
2360 1212 2484 1272 sozialen
2517 1215 2678 1275 Umbaues
2706 1217 2754 1277 ihr
2781 1220 2883 1280 Ende.
2927 1223 3013 1283 Aber

183 1240 534 1300 tungs-Ausschnitte

733 1235 848 1295 Raume
878 1238 993 1298 stehen,
1023 1238 1109 1298 dessen
1150 1241 1387 1301 Unendlichkeit
1411 1241 1497 1301 ihnen
1539 1244 1584 1304 als
1620 1249 1729 1309 einzige
1764 1247 1850 1307 Folie

1901 1248 2028 1308 zwischen
2061 1253 2216 1313 Dämmer
2239 1254 2294 1314 und
2328 1259 2427 1319 Staub
2456 1259 2550 1319 bleibt
2572 1262 2627 1322 das
2650 1262 2771 1322 Gesicht
2800 1265 2844 1325 des
2872 1270 3016 1330 Dichters

727 1281 823 1341 dient.
874 1285 948 1345 Das
983 1285 1095 1345 Haupt
1125 1285 1243 1345 Cäsars
1289 1288 1397 1348 bedarf
1437 1289 1544 1349 keiner
1585 1294 1845 1354 landschaftlichen

181 1302 396 1362 DLLZEILE
440 1301 489 1361 11

1893 1294 2044 1354 dasselbe,
2083 1297 2126 1357 ein
2159 1300 2294 1360 Gesicht,
2333 1303 2376 1363 ein
2409 1305 2495 1365 Kopf
2523 1306 2577 1366 aus
2610 1309 2664 1369 den
2703 1311 2866 1371 neunziger
2893 1316 3006 1376 Jahren

728 1327 976 1387 Untermalung,
1010 1330 1081 1390 noch
1121 1333 1181 1393 das
1226 1336 1336 1396 Haupt
1375 1336 1536 1396 Dantes;
1586 1339 1624 1399 sie
1664 1341 1724 1401 sind
1774 1340 1851 1400 nicht

206 1351 384 1411 R-23-0-43

1893 1339 1937 1399 des
1971 1342 2092 1402 vorigen
2126 1348 2387 1408 Jahrhunderts.
2432 1351 2493 1411 Ein
2527 1354 2648 1414 weicher
2677 1357 2855 1417 Spitzbart,
2889 1362 2943 1422 der
2972 1363 3004 1423 an

726 1376 876 1436 organisch
906 1378 957 1438 aus
987 1378 1067 1438 ihrer
1091 1380 1160 1440 Zeit
1184 1381 1241 1441 und
1265 1381 1444 1441 Umgebung
1474 1384 1607 1444 erblüht,
1631 1385 1694 1445 eher
1718 1387 1850 1447 kristall¬

1896 1388 2039 1448 Daudets
2073 1393 2205 1453 lockigen
2244 1393 2299 1453 und
2339 1399 2498 1459 launigen,
2527 1399 2587 1459 nur
2615 1403 2726 1463 freilich
2765 1406 3002 1466 geckenhafteren

728 1423 810 1483 artig
866 1425 926 1485 aus
977 1426 1059 1486 ihren
1115 1426 1248 1486 Kräften
1304 1432 1664 1492 zusammengeschossen.
1736 1435 1857 1495 Arthur

1894 1437 2114 1497 Erzählerbart
2143 1441 2306 1501 erinnerte,
2330 1444 2386 1504 und
2415 1444 2476 1504 eine
2505 1449 2635 1509 unruhig
2664 1451 2816 1511 gezipfelte
2845 1456 3014 1516 malerische

728 1471 907 1531 Schnitzlers
943 1474 1110 1534 menschlich
1146 1474 1221 1534 nahe
1256 1477 1314 1537 und
1350 1477 1476 1537 geliebte
1506 1483 1592 1543 Züge
1622 1483 1761 1543 bedürfen
1796 1483 1848 1543 der

1895 1484 2238 1544 Lavallière=Krawatte
2271 1489 2393 1549 waren,
2416 1492 2492 1552 wenn
2532 1493 2598 1553 auch
2632 1497 2769 1557 entfärbt
2798 1498 2853 1558 und
2887 1502 3013 1562 lässiger

725 1518 905 1578 Anlehnung
940 1518 975 1578 an
1010 1519 1056 1579 die
1086 1521 1283 1581 Landschaft,
1301 1524 1382 1584 deren
1418 1526 1562 1586 Farben,
1586 1529 1609 1589 ja
1644 1529 1731 1589 sogar
1761 1529 1836 1589 deren

1894 1529 2061 1589 geknüpft,
2080 1533 2122 1593 bis
2146 1533 2248 1593 zuletzt
2274 1535 2297 1595 im
2340 1536 2441 1596 Bilde.
2460 1539 2586 1599 Geistig,
2605 1543 2743 1603 richtiger
2768 1545 2930 1605 denkerisch
2961 1548 3008 1608 hat

727 1563 830 1623 Linien
865 1566 922 1626 mit
946 1566 992 1626 den
1027 1569 1235 1629 Jahreszeiten
1270 1569 1425 1629 wechseln.
1449 1573 1559 1633 Rüstig
1588 1575 1744 1635 schreitend
1773 1576 1848 1636 sieht

190 1577 324 1637 Presse
364 1581 459 1641 Wien

1899 1574 2011 1634 Arthur
2034 1578 2197 1638 Schnitzler
2226 1581 2300 1641 seine
2329 1584 2396 1644 Zeit
2419 1584 2644 1644 überwachsen,
2668 1590 2690 1650 im
2730 1591 2820 1651 Bilde
2849 1593 2905 1653 und
2939 1596 3006 1656 auch

729 1611 792 1671 man
829 1611 876 1671 ihn
914 1612 940 1672 in
977 1614 1140 1674 Gedanken
1194 1614 1246 1674 den
1278 1617 1490 1677 Wienerwald
1532 1622 1732 1682 durchqueren
1781 1621 1849 1681 oder

1894 1623 1916 1683 in
1951 1621 2001 1681 den
2036 1625 2183 1685 Bildern,
2207 1626 2252 1686 die
2275 1627 2309 1687 er
2332 1629 2389 1689 von
2418 1631 2463 1691 ihr
2492 1632 2656 1692 bewahrte,
2679 1635 2719 1695 ist
2743 1637 2770 1697 er
2799 1639 2850 1699 ihr
2874 1641 2935 1701 treu
2964 1639 3015 1699 ge¬

724 1653 757 1713 am
803 1659 943 1719 offenen,
967 1662 1289 1722 sonnenbeschienenen
1323 1665 1447 1725 Fenster
1482 1668 1578 1728 seines
1612 1668 1837 1728 hochgelegenen

1887 1669 1997 1729 blieben
2032 1672 2079 1732 bis
2109 1674 2160 1734 zum
2201 1674 2294 1734 letzten
2330 1678 2492 1738 Atemzug.
2522 1680 2603 1740 Noch
2638 1681 2661 1741 in
2697 1683 2789 1743 seiner
2819 1686 2912 1746 letzten
2947 1685 3010 1745 No¬

727 1706 997 1766 Arbeitszimmers
1028 1710 1074 1770 die
1099 1710 1175 1770 schon
1211 1712 1399 1772 angejahrten
1435 1713 1547 1773 Gärten
1583 1714 1629 1774 der
1660 1715 1836 1775 Umgebung

1890 1715 1960 1775 velle
1996 1718 2125 1778 „Flucht
2155 1719 2179 1779 in
2215 1720 2262 1780 die
2292 1723 2504 1783 Finsternis",
2540 1724 2622 1784 deren
2658 1727 2829 1787 Erscheinen
2871 1734 2917 1794 sich
2953 1733 3011 1793 mit

725 1749 817 1809 seiner
847 1752 933 1812 Villa
963 1756 1130 1816 überragen
1171 1757 1229 1817 und
1258 1757 1304 1817 die
1333 1758 1362 1818 im
1403 1760 1513 1820 Dunst
1542 1762 1710 1822 aufgelöste
1739 1763 1848 1823 Stadt,

184 1769 276 1829 KT.
295 1766 407 1826 1931

1894 1761 1984 1821 seinem
2024 1766 2250 1826 Entschwinden
2279 1770 2397 1830 kreuzt,
2421 1772 2590 1832 verörtlicht
2614 1775 2669 1835 und
2698 1777 2879 1837 verzeitlicht
2897 1779 2924 1839 er
2953 1781 3003 1841 den

727 1798 803 1858 deren
845 1805 1063 1865 Straßenzüge
1093 1805 1151 1865 und
1187 1806 1464 1866 Kirchturmspitzen
1506 1809 1529 1869 in
1565 1808 1618 1868 der
1648 1810 1747 1870 Ferne
1777 1809 1841 1869 ver¬

1887 1811 2034 1871 spannend
2069 1814 2268 1874 entwickelten
2309 1820 2542 1880 pathologischen
2577 1826 2724 1886 Vorgang
2759 1827 2787 1887 im
2833 1829 2941 1889 Wien,
2964 1832 2992 1892 im

677 1972 771 2032 ere
824 1975 1611 2035 Damen-Konfektion

1790 1984 2341 2044 Gescllschafts-.
2362 1992 2903 2052 Abendkleider

687 2035 881 2095 stzückende
914 2038 1101 2098 Neuheiten
1141 2040 1200 2100 für
1233 2039 1284 2099 die
1324 2043 1654 2103 Wintersaison:

1778 2044 1842 2104 aus
1884 2044 2006 2104 Crèpe
2060 2049 2300 2109 Georgette,
2341 2051 2534 2111 Mongol,
2570 2055 2699 2115 Crêpe
2746 2059 2904 2119 romain

1781 2092 1843 2152 und
1879 2094 2004 2154 Crêpe
2045 2094 2091 2154 de
2126 2095 2275 2155 Chine,
2310 2100 2539 2160 allerneueste
2575 2102 2729 2162 Modelle
2770 2104 2833 2164 mit
2862 2108 2919 2168 ge¬

919 2116 1227 2176 Mäntel

1774 2141 2054 2201 schmackvoller
2087 2143 2389 2203 Linienführung,
2422 2146 2449 2206 in
2487 2149 2638 2209 schönen
2681 2153 2907 2213 Modelarben

514 2170 575 2230 aus
599 2170 699 2230 keinem
746 2171 830 2231 Tuch
870 2174 931 2234 und
963 2175 1155 2235 englischen
1187 2177 1411 2237 Modestolten
1443 2180 1512 2240 mit
1536 2178 1651 2238 Edel¬

2050 2190 2115 2250 und
2151 2192 2430 2252 raichhaltigster
2461 2196 2650 2256 Auswahl.

508 2218 937 2278 fellverbrämungen,
986 2223 1050 2283 wie
1103 2226 1350 2286 Persianer,
1404 2228 1656 2288 Astrachan,

508 2266 756 2326 White-cont
804 2270 869 2330 und
923 2271 1178 2331 Naturbiaau
1250 2274 1284 2334 in
1333 2276 1510 2336 eleganter
1558 2277 1658 2337 Aus¬

1774 2292 1954 2352 Ausstellung
1983 2292 2157 2352 akfueller
2186 2296 2491 2356 Mode-Neuheiten
2536 2296 2558 2356 in
2587 2298 2637 2358 der
2660 2301 2919 2361 Herzmensky¬

671 2318 814 2378 führung
851 2319 916 2379 und
953 2322 1259 2382 ausgezeichneter
1284 2325 1482 2385 Passtorm.

207 2334 327 2394 2522

1770 2333 1938 2393 Pasenge,
1966 2334 2076 2394 täglich,
2098 2334 2161 2394 auch
2188 2334 2330 2394 Sonnlag,
2352 2337 2394 2397 bis
2416 2337 2425 2397 8
2452 2337 2510 2397 Uhr
2537 2340 2642 2400 abends
2675 2341 2727 2401 trei
2744 2345 2917 2405 rugänglich.

2188 2405 2218 2465 V

758 2677 839 2737 hatte
865 2678 913 2738 den
939 2680 1020 2740 Weg
1046 2683 1069 2743 zu
1103 2683 1184 2743 einem
1227 2684 1325 2744 solchen
1359 2685 1506 2745 Bündnis
1532 2689 1679 2749 geebnet,
1696 2690 1819 2750 obwohl
1836 2689 1868 2749 er

2011 2710 2079 2770 Wie
2120 2714 2149 2774 in
2178 2716 2317 2776 Holland
2363 2716 2421 2776 und
2451 2719 2594 2779 England
2636 2719 2705 2779 war
2746 2719 2803 2779 das
2832 2719 2930 2779 Leben
2971 2719 3023 2779 des

749 2728 890 2788 zunächst
919 2728 980 2788 nur
1009 2729 1037 2789 zu
1071 2728 1155 2788 einem
1195 2731 1370 2791 Austausch
1404 2734 1454 2794 von
1489 2734 1708 2794 Höflichkeiten
1743 2740 1867 2800 geführt

177 2749 244 2809 sef
279 2749 371 2809 und
405 2749 497 2809 das
532 2749 691 2809 Eliso¬

1922 2761 2104 2821 preußischen
2147 2762 2241 2822 Hofes
2277 2764 2347 2824 eher
2378 2766 2483 2826 einfach
2519 2766 2565 2826 als
2596 2767 2784 2827 prunkyoll,
2814 2767 2844 2827 da
2880 2767 3026 2827 Viktoria

743 2773 837 2833 hatte.
855 2776 898 2836 In
927 2776 976 2836 dem
1011 2777 1244 2837 regelmäßigen
1272 2779 1484 2839 Briefwechsel
1501 2782 1634 2842 zwischen
1668 2785 1784 2845 Mutter
1807 2785 1863 2845 und

1923 2803 1970 2863 sich
2001 2808 2169 2868 begnügte,
2200 2809 2254 2869 nur
2285 2809 2332 2869 bei
2363 2810 2513 2870 offiziellen
2550 2812 2701 2872 Anlässen
2738 2814 2761 2874 zu
2798 2812 2949 2872 glänzen.
2973 2813 3033 2873 Int

195 2817 381 2877 Hofrat
422 2820 689 2880 Professor

749 2820 870 2880 Tochter
893 2823 1003 2883 jedoch,
1026 2821 1070 2881 die
1093 2823 1148 2883 nun
1182 2823 1226 2883 als
1254 2826 1448 2886 Königinnen
1482 2826 1587 2886 zweier
1604 2829 1870 2889 Nachbarmächte

1923 2851 2067 2911 Verlaufe
2091 2853 2136 2913 der
2160 2855 2258 2915 Jahre
2281 2854 2338 2914 und
2368 2856 2419 2916 mit
2443 2856 2489 2916 der
2513 2857 2732 2917 Befriedigung
2756 2859 2836 2919 ihres
2860 2860 3021 2920 Ehrgeizes

748 2868 891 2928 einander
933 2868 1113 2928 ebenbürtig
1160 2869 1283 2929 waren,
1319 2871 1427 2931 wurde
1469 2871 1525 2931 der
1551 2876 1705 2936 Gedanke
1742 2877 1865 2937 weiter¬

1916 2898 2017 2958 wurde
2052 2901 2085 2961 sie
2119 2901 2147 2961 in
2182 2901 2260 2961 ihren
2300 2904 2480 2964 Neigungen
2521 2904 2684 2964 einfacher,
2707 2907 2774 2967 ihre
2797 2904 3028 2964 Dankbarkeit

743 2915 882 2975 geführt,
906 2913 957 2973 und
992 2915 1050 2975 mit
1074 2918 1247 2978 gemischten
1276 2919 1426 2979 Gefühlen
1462 2922 1612 2982 erkannte
1641 2925 1681 2985 die
1705 2925 1866 2985 Kaiserin,

1916 2946 1983 3006 über
2013 2946 2057 3006 die
2081 2949 2239 3009 Genesung
2268 2949 2353 3009 ihres
2376 2952 2506 3012 Gatten,
2530 2952 2574 3012 als
2598 2952 2626 3012 er
2649 2953 2699 3013 sich
2728 2952 2779 3012 von
2808 2954 2859 3014 der
2882 2952 3029 3012 Schwelle

172 2965 404 3025 doten."
463 2965 542 3025 Von
594 2970 680 3030 Leo

744 2961 794 3021 daß
829 2961 931 3021 früher
960 2961 1028 3021 oder
1063 2964 1159 3024 später
1188 2967 1370 3027 irgendeine
1399 2967 1519 3027 Gefahr
1548 2968 1598 3028 den
1633 2971 1775 3031 Schatten
1815 2973 1871 3033 auf

1916 2991 1961 3051 des
1995 2992 2096 3052 Todes
2131 2995 2401 3055 zurückgewandt,
2425 2997 2503 3057 hatte
2532 2997 2582 3057 ihr
2605 2997 2712 3057 Wesen
2746 3000 2864 3060 sanfter
2893 3000 3028 3060 gemacht

746 3007 808 3067 ihre
837 3009 966 3069 Heimat
995 3009 1102 3069 werfen
1142 3011 1198 3071 und
1227 3013 1254 3073 so
1283 3015 1430 3075 England
1458 3015 1644 3075 veranlassen
1685 3018 1814 3078 könnte,
1832 3019 1859 3079 in

1919 3038 1975 3098 und
2003 3038 2065 3098 ihre
2088 3041 2279 3101 männlichen
2308 3041 2364 3101 und
2393 3042 2629 3102 kämpferischen
2658 3044 2742 3104 Züge
2766 3044 2793 3104 in
2822 3044 2872 3104 den
2901 3044 3030 3104 Hinter¬

747 3056 840 3116 dieses
870 3056 1015 3116 Bündnis
1046 3057 1292 3117 einzuwilligen.

1918 3085 2011 3145 grund
2040 3087 2211 3147 gedrängt.
2228 3088 2266 3148 In
2295 3088 2344 3148 den
2378 3089 2477 3149 Augen
2511 3089 2560 3149 von
2588 3090 2693 3150 Kaiser
2721 3090 2776 3150 und
2799 3092 2937 3152 Kaiserin
2965 3092 3031 3152 war

179 3116 437 3176 Berthold
472 3119 696 3179 Sprung.

1913 3130 1941 3190 es
1977 3132 2149 3192 wichtiger,
2173 3134 2276 3194 Eugen
2317 3134 2513 3194 Richter,
2537 3137 2634 3197 diesen
2670 3139 2779 3199 großen
2820 3138 3033 3198 Brummbär,

1018 3140 1107 3200 Der
1141 3143 1338 3203 russische
1372 3145 1593 3205 Vertrag.

1919 3178 1960 3238 für
1984 3178 2048 3238 eine
2067 3179 2314 3239 Teegesellschaft
2338 3180 2361 3240 in
2385 3180 2520 3240 Potsdam
2562 3184 2585 3244 zu
2615 3185 2791 3245 gewinnen,
2810 3185 2856 3245 als
2881 3185 3015 3245 Paraden

174 3200 435 3260 Guten"."
460 3206 688 3266 Zuschriften

841 3213 890 3273 Als
919 3212 968 3272 der
998 3215 1198 3275 Vertrag
1227 3218 1312 3278 mit
1334 3219 1556 3279 Rußland
1585 3223 1613 3283 im
1650 3226 1749 3286 März
1772 3224 1856 3284 1890

1910 3225 2085 3285 abzuhalten
2149 3224 2211 3284 und
2268 3227 2467 3287 Denkmäler
2536 3230 2780 3290 einzuweihen,
2837 3233 2928 3293 wenn
2985 3233 3024 3293 sie

741 3261 787 3321 zur
840 3261 1048 3321 Erinnerung
1101 3263 1245 3323 kommen
1303 3265 1408 3325 sollte,
1449 3270 1640 3330 zögerte
1693 3271 1865 3331 Kaiser

1913 3271 2154 3331 Mommsen
2190 3271 2325 3331 bewegen
2367 3274 2520 3334 konnten,
2550 3276 2596 3336 sich
2632 3277 2714 3337 ihrem
2768 3280 2920 3340 geselligen
2962 3279 3015 3339 und

742 3307 989 3367 Friedrich,
1014 3310 1201 3370 obzwar
1232 3310 1335 3370 kein
1372 3313 1553 3373 Freund
1591 3316 1868 3376 Rußlands,

1916 3316 2151 3376 intellektuellen
2199 3317 2305 3377 Kreise
2347 3319 2570 3379 anzuschließen
2618 3322 2676 3382 und
2724 3322 2788 3382 mit
2824 3325 3030 3385 Rickert,

166 3324 299 3384 uch."
356 3322 433 3382 von
474 3325 678 3385 Ludwig

731 3353 898 3413 beinen
939 3355 1240 3415 Augenblick.
1275 3357 1437 3417 Biswarck
1472 3361 1535 3421 war
1576 3361 1605 3421 im
1652 3362 1744 3422 stillen
1791 3363 1854 3423 froh

1917 3364 2211 3424 Bamberger,
2231 3367 2588 3427 Stauffenburg
2627 3368 2695 3428 oder
2721 3370 2946 3430 Schrader
2978 3370 3022 3430 die

734 3402 802 3462 über
831 3400 881 3460 die
905 3401 1092 3461 angebotene
1121 3403 1365 3463 Verlängerung
1394 3406 1450 3466 auf
1474 3409 1547 3469 sechs
1576 3409 1695 3469 anstatt
1718 3412 1774 3472 auf
1798 3410 1860 3470 drei

1920 3410 2054 3470 Zukunft
2079 3412 2226 3472 Europas
2257 3414 2288 3474 zu
2320 3415 2509 3475 besprechen,
2534 3414 2632 3474 hatten
2670 3415 2706 3475 sie
2738 3415 2786 3475 das
2824 3418 3026 3478 Empfinden,

743 3448 858 3508 Jahre,
870 3448 940 3508 denn
969 3448 992 3508 in
1021 3448 1114 3508 seinen
1144 3450 1248 3510 Augen
1271 3454 1334 3514 war
1358 3452 1399 3512 die
1422 3456 1857 3516 Sicherheitseines

1910 3457 2005 3517 etwas
2040 3457 2174 3517 geleistet
2203 3460 2231 3520 zu
2265 3460 2395 3520 haben;
2424 3460 2525 3520 keiner
2554 3460 2604 3520 von
2644 3462 2746 3522 beiden
2780 3463 2881 3523 dachte
2910 3465 3028 3525 daran,

739 3492 925 3552 Reiches
956 3497 1348 3557 unwiderruflich
1379 3498 1427 3558 an
1464 3500 1614 3560 diesen
1652 3504 1856 3564 Vertrag

169 3504 229 3564 t:
266 3501 502 3561 „Roman
548 3504 687 3564 einer

1910 3501 1963 3561 mit
1987 3502 2082 3562 seinem
2124 3504 2194 3564 oder
2225 3504 2301 3564 ihrem
2349 3504 2455 3564 Wissen
2491 3506 2538 3566 vor
2568 3508 2757 3568 Professoren
2788 3510 2858 3570 oder
2883 3510 3012 3570 anderen

741 3540 1000 3600 gehnüpft:
1024 3543 1100 3603 Wer
1125 3544 1172 3604 ihn
1208 3545 1372 3605 kündigte,
1391 3546 1497 3606 würde
1527 3546 1573 3606 die
1598 3551 1768 3611 Russen
1810 3549 1850 3609 in

1914 3549 2087 3609 Fachleuten
2124 3551 2148 3611 zu
2185 3552 2346 3612 prunken,
2366 3552 2491 3612 obwohl
2510 3552 2564 3612 das
2595 3555 2763 3615 Viktorias
2794 3555 2926 3615 ziemlich
2957 3558 3022 3618 um¬

167 3570 318 3630 lten.
351 3570 449 3630 Geite
481 3571 519 3631 28
542 3573 611 3633 und
642 3572 694 3632 20.

737 3585 810 3645 die
844 3587 973 3647 Arme
1014 3588 1086 3648 der
1127 3593 1386 3653 Franzosen
1432 3594 1612 3654 treiben
1658 3597 1719 3657 und
1759 3597 1838 3657 einem

1917 3594 2018 3654 fassend
2055 3597 2139 3657 war.
2163 3597 2229 3657 Kam
2278 3599 2434 3659 irgendein
2471 3600 2549 3660 Fall
2573 3603 2724 3663 protziger
2755 3603 3019 3663 Verschwendung

741 3636 1124 3696 Zukunftskrieg
1160 3639 1253 3699 nach
1295 3640 1395 3700 zwei
1431 3642 1636 3702 Fronten
1684 3645 1766 3705 nur
1808 3645 1848 3705 zu

1912 3644 1959 3704 bei
1983 3642 2065 3702 einer
2095 3645 2378 3705 Regimentsmesse
2408 3648 2437 3708 zu
2467 3648 2573 3708 Ohren
2609 3648 2661 3708 des
2697 3648 2838 3708 Kaisers,
2868 3651 2891 3711 so
2921 3651 3009 3711 erließ

164 3656 283 3716 gen.
311 3657 422 3717 Seite
442 3657 505 3717 29.

734 3683 1106 3743 wahrscheinlich
1148 3684 1324 3744 nachen.
1343 3686 1389 3746 In
1420 3687 1644 3747 Wirklichheit
1668 3690 1744 3750 barg
1774 3689 1856 3749 jedes

1910 3688 1957 3748 der
1975 3689 2105 3749 Oberste
2123 3689 2313 3749 Kriegsherr
2337 3692 2449 3752 strenge
2473 3692 2591 3752 Befehle
2615 3692 2668 3752 zur
2687 3694 2893 3754 Einfachheit.
2912 3696 3012 3756 Wann

737 3726 892 3786 Erlöschen
927 3728 1019 3788 dieses
1048 3730 1169 3790 Paktes
1199 3731 1244 3791 die
1274 3732 1423 3792 Drohung
1459 3734 1539 3794 eines
1569 3736 1782 3796 Weltkrieges
1823 3737 1851 3797 in

1910 3734 2014 3794 immer
2048 3734 2075 3794 er
2104 3734 2158 3794 von
2192 3737 2469 3797 Mißhandlungen
2503 3737 2530 3797 in
2564 3737 2619 3797 der
2647 3740 2757 3800 Armee
2791 3743 2891 3803 hörte,
2913 3743 3024 3803 unter¬

743 3774 823 3834 sich;
841 3776 910 3836 auch
933 3776 979 3836 die
1003 3779 1153 3839 Stellung
1176 3778 1400 3838 Deutschlands
1430 3781 1574 3841 England
1598 3782 1787 3842 gegenüber,
1805 3782 1839 3842 um

1917 3779 2000 3839 suchte
2025 3779 2054 3839 er
2085 3781 2132 3841 den
2164 3782 2241 3842 Fall
2266 3782 2314 3842 bis
2344 3784 2393 3844 ins
2423 3785 2561 3845 kleinste,
2580 3785 2724 3845 fürchtete
2749 3787 2827 3847 nicht
2852 3791 2906 3851 den
2936 3793 3014 3853 Zorn

204 3800 655 3860 Memansrala

738 3818 787 3878 das
815 3821 976 3881 Bismarck
1010 3824 1093 3884 nicht
1116 3825 1143 3885 zu
1171 3826 1248 3886 offen
1282 3824 1393 3884 werben
1427 3827 1549 3887 wollte,
1566 3827 1671 3887 mußte
1699 3827 1782 3887 durch
1811 3828 1854 3888 die

1910 3827 1954 3887 der
1983 3827 2254 3887 Junkerfamilien
2295 3830 2351 3890 und
2391 3830 2493 3890 sandte
2539 3830 2600 3890 ihre
2635 3832 2832 3892 Sprößlinge
2873 3835 2906 3895 in
2952 3833 3019 3893 eine

184 3868 228 3928 is
264 3867 320 3927 de
356 3867 678 3927 Miomandre

743 3868 996 3928 Unterzeichnung
1045 3869 1097 3929 des
1139 3869 1292 3929 russischen
1329 3871 1505 3931 Vertrages
1547 3875 1694 3935 gebessert
1724 3875 1859 3935 werden.

1912 3872 2011 3932 elende
2040 3875 2311 3935 Grenzgarnison,
2333 3878 2418 3938 wenn
2454 3879 2489 3939 sie
2518 3878 2567 3938 der
2597 3881 2860 3941 Leuteschindere(
2882 3882 3010 3942 schuldig

740 3915 855 3975 Ebenso
885 3916 1029 3976 einmütig
1052 3916 1167 3976 blieben
1269 3917 1297 3977 er
1320 3918 1377 3978 und
1400 3922 1537 3982 Kanzler
1559 3922 1588 3982 in
1610 3922 1689 3982 allen
1719 3924 1856 3984 Fragen,

1918 3921 2054 3981 befunden
2093 3922 2236 3982 wurden.
