3344 4256
582 102 596 162 a

212 366 382 426 Neue
437 359 679 419 Lodzer
734 356 985 416 Zeitung

783 532 1116 592 N

380 688 1215 748 KunstWissen

384 811 460 871 Zu
532 804 791 864 Arthur
853 804 1243 864 Schnitzlers

703 880 921 940 Tode.

390 953 465 1013 Wie
497 955 557 1015 wir
588 956 669 1016 schon
711 954 888 1014 mitgeteilt
914 953 1041 1013 haben,
1067 953 1102 1013 ist
1133 952 1168 1012 am
1220 950 1321 1010 Mitt¬

312 1004 391 1064 woch
422 1006 520 1066 abend
551 1004 604 1064 der
630 1005 783 1065 bekannte
809 1004 932 1064 Dichter
957 1002 1021 1062 Dr.
1042 1001 1165 1061 Arthur
1191 999 1314 1059 Schnitz

312 1052 360 1112 ler
394 1052 417 1112 im
466 1052 519 1112 70.
543 1055 765 1115 Lebensjahre
799 1054 880 1114 einem
929 1053 1165 1113 Schlaganfall
1190 1049 1333 1109 erlegen.

317 1101 447 1161 Arthur
470 1102 662 1162 Schnitzler,
680 1106 730 1166 der
754 1105 826 1165 noch
850 1103 877 1163 in
906 1103 957 1163 den
992 1101 1093 1161 letzten
1121 1100 1229 1160 Tagen
1258 1093 1330 1153 ver=

354 1201 507 1261 schiedene
534 1201 680 1261 Freunde
708 1201 765 1261 und
792 1204 955 1264 Bekannte
982 1209 1098 1269 besucht
1125 1210 1224 1270 hatte,
1241 1213 1351 1273 unter¬

1458 1214 1537 1274 Doch
1570 1216 1633 1276 sehr
1666 1219 1739 1279 rasch
1778 1222 1878 1282 wuchs
1911 1222 1942 1282 er
1969 1222 2048 1282 über
2076 1225 2134 1285 das
2166 1228 2277 1288 Lokale
2309 1230 2378 1290 hin¬

344 1249 423 1309 nahm
466 1249 497 1309 am
540 1250 703 1310 Mittwoch
730 1252 793 1312 früh
825 1252 877 1312 wie
904 1256 1089 1316 gewöhnlich
1116 1259 1216 1319 seinen
1248 1260 1343 1320 Mor=
1380 1261 1459 1321 aus.
1496 1264 1544 1324 In
1576 1265 1681 1325 Berlin
1713 1267 1797 1327 faßte
1825 1269 1919 1329 man,
1941 1270 2014 1330 seine
2046 1274 2236 1334 vornehme,
2258 1279 2379 1339 geistige

347 1297 637 1357 genspaziergang,
668 1300 723 1360 von
764 1300 813 1360 dem
864 1300 894 1360 er
930 1303 999 1363 kurz
1030 1306 1100 1366 nach
1141 1309 1175 1369 11
1211 1309 1276 1369 Uhr
1312 1312 1336 1372 in

1379 1312 1534 1372 Qualität
1560 1314 1756 1374 erkennend,
1787 1317 1913 1377 alsbald
1943 1320 2104 1380 Interesse
2135 1323 2185 1383 für
2216 1326 2291 1386 ihn,
2316 1329 2376 1389 und

352 1344 426 1404 seine
452 1346 628 1406 Wohnung
660 1347 886 1407 zurückkehrte.
928 1350 1013 1410 Bald
1044 1354 1164 1414 darauf
1185 1358 1286 1418 klagte
1317 1359 1346 1419 er

1374 1362 1461 1422 ganz
1492 1362 1698 1422 Deutschland
1735 1365 1868 1425 stimmte
1900 1367 1956 1427 dem
2023 1371 2079 1431 zu.
2121 1372 2203 1432 Auch
2260 1376 2378 1436 Paris,

352 1392 446 1452 seiner
477 1395 722 1455 Wirtschafterin
753 1398 933 1458 gegenüber
959 1398 968 1458 —
1024 1403 1149 1463 Arthur
1174 1406 1340 1466 Schnitzler
1380 1409 1541 1469 London,
1561 1410 1626 1470 New
1671 1413 1751 1473 York
1782 1413 1842 1473 und
1872 1415 1917 1475 die
1947 1417 2082 1477 anderen
2118 1421 2298 1481 Weltstädte
2324 1422 2378 1482 lie¬

347 1441 427 1501 lebte
453 1443 503 1503 von
538 1446 634 1506 seiner
660 1446 740 1506 Frau
771 1446 942 1506 geschieden
973 1446 983 1506 —
1034 1451 1109 1511 über
1135 1455 1255 1515 leichtes
1281 1457 1346 1517 Un¬

1381 1460 1430 1520 ßen
1466 1458 1511 1518 sich
1548 1458 1602 1518 von
1638 1460 1810 1520 Schnitzler
1841 1463 1936 1523 wililg
1967 1465 2118 1525 erobern.
2159 1469 2285 1529 Seinem
2331 1471 2381 1531 be¬

344 1491 510 1551 wohlsein.
556 1493 666 1553 Gegen
708 1495 839 1555 mittag,
870 1497 914 1557 als
950 1500 1076 1560 Arthur
1107 1502 1279 1562 Schnitzler
1310 1504 1334 1564 in

1383 1506 1560 1566 strickenden
1588 1507 1705 1567 Scharm
1747 1511 1859 1571 konnte
1888 1511 1957 1571 eben
1986 1512 2135 1572 niemand
2159 1518 2382 1578 widerstehen.

339 1538 447 1598 seinem
499 1541 784 1601 Arbeitszimmer
821 1544 893 1604 saß,
919 1547 1012 1607 brach
1049 1549 1080 1609 er
1116 1552 1256 1612 plötzlich
1293 1551 1349 1611 be¬

1383 1554 1446 1614 Und
1476 1556 1554 1616 seine
1580 1556 1756 1616 kultivierte
1787 1559 1988 1619 vibrierende
2013 1565 2303 1625 Empfindsamkeit
2328 1568 2381 1628 ge¬

341 1590 492 1650 wußtlos
522 1592 732 1652 zusammen.
757 1592 825 1652 Wie
855 1595 908 1655 der
933 1598 1016 1658 Arzt
1041 1598 1148 1658 später
1173 1603 1349 1663 feststellte,
1379 1604 1471 1664 wann
1506 1604 1554 1664 ihm
1594 1605 1642 1665 die
1667 1607 1809 1667 Herzen,
1829 1608 2015 1668 namentlich
2045 1611 2098 1671 der
2123 1615 2269 1675 Frauen.
2294 1617 2367 1677 Sein

342 1640 472 1700 infolge
508 1640 598 1700 einer
630 1643 932 1703 Gehirnblutung.
953 1649 1053 1709 Ohne
1084 1651 1144 1711 das
1185 1655 1351 1715 Bewußt¬

1374 1652 1466 1712 erster
1498 1654 1611 1714 großer
1642 1655 1751 1715 Erfolg
1787 1655 1895 1715 wurde
1927 1658 2040 1718 (1895)
2067 1661 2262 1721 „Liebelei“.
2299 1664 2371 1724 Alle

341 1691 404 1751 sein
439 1691 705 1751 wiedererlangt
735 1694 763 1754 zu
799 1694 926 1754 haben,
952 1700 1094 1760 verstarb
1129 1700 1182 1760 der
1218 1702 1344 1762 Dichter

1376 1700 1609 1760 Eigenschaften
1640 1702 1691 1762 des
1723 1703 1889 1763 Menschen
1921 1705 1982 1765 und
2014 1708 2174 1768 Künstlers
2206 1713 2376 1773 Schnitzler

339 1735 364 1795 in
401 1739 457 1799 den
493 1742 745 1802 Abendstunden
782 1744 822 1804 um
864 1745 935 1805 6,45
967 1747 1054 1807 Uhr.
1081 1750 1142 1810 Die
1168 1753 1338 1813 Nachricht
1374 1750 1492 1810 blitzten
1524 1750 1610 1810 darin
1642 1751 1714 1811 auf,
1730 1752 1812 1812 seine
1838 1753 1935 1813 ganze
1962 1756 2311 1816 Liebenswürdigkeit,
2332 1761 2378 1821 all

329 1789 386 1849 von
428 1792 537 1852 seinem
591 1792 690 1852 Tode
722 1793 805 1853 riefe
837 1798 1067 1858 allenthalben
1110 1802 1214 1862 tiefste
1251 1804 1329 1864 Teil

1378 1798 1454 1858 seine
1479 1798 1612 1858 Grazie,
1636 1801 1717 1861 nicht
1742 1801 1865 1861 minder
1895 1804 1971 1864 seine
2000 1804 2057 1864 von
2086 1805 2214 1865 Technik
2239 1807 2372 1867 umwit¬

329 1840 462 1900 nahme
491 1843 631 1903 hervor.

1363 1846 1466 1906 terte,
1486 1848 1634 1908 ironische
1664 1849 1984 1909 Lebensstimmung.
2029 1852 2112 1912 Aber
2143 1855 2280 1915 darüber
2305 1856 2378 1916 hin¬

1369 1892 1432 1952 aus
1459 1896 1554 1956 zeigte
1581 1897 1655 1957 sich,
1677 1896 1729 1956 wie
1756 1899 1846 1959 sicher
1873 1899 1904 1959 er
1931 1899 1984 1959 das
2016 1899 2180 1959 Szenische
2207 1902 2260 1962 der
2287 1904 2371 1964 Büh¬

1364 1941 1412 2001 ne
1440 1943 1652 2003 beherrschte.

1456 1992 1525 2052 Mit
1553 1995 1769 2055 „Freiwild“,
1791 1995 1845 2055 dem
1894 1998 2088 2058 „Einsamen
2143 2002 2262 2062 Weg",
2306 2004 2359 2064 den

1369 2040 1544 2100 Einaktern
1580 2042 1629 2102 des
1665 2043 1815 2103 „Grünen
1856 2046 2026 2106 Kakadu“,
2047 2048 2127 2108 dann
2168 2049 2268 2109 später
2298 2051 2348 2111 dem

1366 2090 1524 2150 „Jungen
1563 2090 1795 2150 Medardus",
1822 2093 1874 2153 dem
1928 2093 2071 2153 „Weiten
2108 2095 2240 2155 Land“,
2273 2101 2373 2161 „Fink

1374 2138 1435 2198 und
1472 2138 1729 2198 Fliederbusch",
1755 2141 1791 2201 un
1843 2141 1904 2201 nur
1936 2144 2038 2204 einige
2070 2142 2126 2202 der
2178 2149 2363 2209 wichtigsten

1371 2186 1546 2246 Komödien
1582 2189 1607 2249 zu
1648 2189 1793 2249 nennen,
1814 2192 1904 2252 faßte
1930 2192 2101 2252 Schnitzler
2132 2195 2242 2255 weiter
2273 2197 2358 2257 festen

1369 2237 1437 2297 Fuß
1475 2237 1532 2297 auf
1564 2237 1617 2297 der
1649 2237 1781 2297 Bühne.
1829 2240 1897 2300 Und
1930 2239 1992 2299 erst
2019 2239 2066 2299 die
2098 2242 2241 2302 neueste,
2263 2246 2362 2306 gewiß

1369 2284 1454 2344 nicht
1485 2284 1657 2344 besonders
1693 2287 1875 2347 erfreuliche
1906 2287 2128 2347 Entwicklung
2164 2290 2219 2350 hat
2246 2293 2296 2353 ihn
2337 2291 2366 2351 ei

1368 2332 1426 2392 nen
1461 2333 1613 2393 seltneren
1649 2335 1727 2395 Gast
1752 2335 1811 2395 auf
1836 2335 1889 2395 den
1924 2335 2071 2395 Brettern
2107 2340 2229 2400 werden
2264 2341 2376 2401 lassen.

1375 2382 1586 2442 Gelegentlich
1611 2383 1670 2443 gab
1700 2383 1729 2443 es
1754 2386 1822 2446 auch
1853 2386 1960 2446 Streit
1986 2386 2019 2446 um
2059 2386 2103 2446 ihn
2133 2386 2147 2446 —
2197 2389 2285 2449 welch
2310 2390 2373 2450 ech¬

1371 2431 1415 2491 tem
1461 2431 1667 2491 Dramatiker
1699 2431 1778 2491 hätte
1809 2434 1864 2494 der
1890 2434 1990 2494 fehlen
2026 2437 2156 2497 dürfen!
2202 2434 2278 2494 Wer
2309 2436 2358 2496 er¬

1369 2478 1479 2538 innert
1504 2478 1550 2538 sich
1580 2479 1660 2539 nicht
1686 2481 1736 2541 der
1762 2482 1928 2542 Skandale
1953 2481 2013 2541 und
2045 2483 2094 2543 des
2125 2487 2306 2547 Prozesses,
2327 2485 2371 2545 die

1373 2528 1415 2588 sich
1445 2526 1454 2586 —
1507 2529 1597 2589 wann
1631 2529 1698 2589 war
1722 2529 1755 2589 es
1779 2530 1846 2590 doch
1875 2532 2056 2592 eigentlich?
2081 2531 2094 2591 —
2143 2534 2180 2594 um
2224 2535 2266 2595 die
2291 2535 2372 2595 Dia¬

1371 2574 1505 2634 logserie
1541 2577 1623 2637 „Der
1655 2580 1799 2640 Reigen“
1836 2580 2016 2640 entspann?
2069 2584 2182 2644 Lang,
2208 2586 2280 2646 lang
2317 2583 2368 2643 ists

1370 2625 1438 2685 her,
1463 2625 1576 2685 möchte
1606 2627 1674 2687 man
1709 2628 1821 2688 sagen.
1861 2628 1940 2688 Ach,
1965 2629 2023 2689 und
2053 2629 2082 2689 es
2117 2630 2180 2690 war
2210 2631 2273 2691 doch
2303 2633 2371 2693 bei¬

1370 2672 1452 2732 nahe
1481 2675 1684 2735 vorgestern.

1449 2718 1523 2778 Doch
1558 2723 1643 2783 nicht
1668 2725 1722 2785 dem
1767 2726 1975 2786 Dramatiker
2006 2726 2095 2786 allein
2130 2727 2205 2787 darf
2235 2729 2304 2789 man
2339 2729 2363 2789 in

1370 2771 1542 2831 Schnitzler
1562 2774 1729 2834 huldigen.
1769 2774 1817 2834 Er
1842 2774 1906 2834 war
1931 2776 1999 2836 auch
2030 2777 2073 2837 ein
2103 2777 2241 2837 überaus
2271 2779 2368 2839 feiner

647 2815 777 2875 Arthur
804 2819 1024 2879 Schnitzler.

1371 2819 1541 2879 Erzähler.
1578 2822 1660 2882 Hier
1686 2822 1768 2882 ganz
1795 2825 1965 2885 besonders
1991 2825 2073 2885 zeigt
2100 2825 2145 2885 sich
2177 2825 2244 2885 eine
2270 2827 2368 2887 seiner

1370 2866 1551 2926 erlesensten
1586 2869 1723 2929 Gaben:
1753 2872 1831 2932 seine
1861 2872 2008 2932 eminent
2038 2872 2146 2932 subtile
2176 2872 2278 2932 Kunst
2308 2873 2371 2933 zer¬

418 2904 513 2964 Ganz
538 2909 785 2969 überrraschend
816 2911 936 2971 kommt
962 2913 1037 2973 diese
1068 2914 1249 2974 Nachricht.
1270 2914 1339 2974 Mit
1370 2917 1572 2977 gliedernder
1602 2919 1874 2979 Seelenmalerei.
1915 2920 2040 2980 Zumal
2067 2921 2091 2981 in
2122 2922 2217 2982 seinen
2253 2920 2373 2980 Novel¬

326 2956 498 3016 Schnitzler
524 2959 605 3019 sinkt
626 2960 671 3020 ein
702 2962 885 3022 lebendiges
917 2962 1013 3022 Stück
1034 2962 1089 3022 von
1125 2962 1236 3022 Wiens
1268 2963 1328 3023 Kai

1363 2963 1434 3023 len,
1464 2965 1521 3025 vor
1555 2968 1636 3028 allem
1685 2968 1713 3028 in
1752 2968 2078 3028 „Dämmerseelen“,
2103 2969 2184 3029 dann
2228 2970 2300 3030 auch
2339 2971 2362 3031 in

336 3007 446 3067 serzeit
472 3007 522 3067 ins
553 3009 664 3069 Grad.
705 3010 871 3070 Innerlich
902 3011 1038 3071 wurzelt
1064 3012 1093 3072 er
1124 3010 1205 3070 ganz
1231 3010 1255 3070 in
1291 3010 1326 3070 de

1369 3013 1525 3073 „Masken
1556 3016 1611 3076 und
1642 3016 1823 3076 Wunder“,
1844 3019 1945 3079 „Frau
1976 3019 2077 3079 Beate
2098 3019 2158 3079 und
2184 3017 2229 3077 ihr
2255 3018 2340 3078 Sohn

331 3055 382 3115 ren
418 3057 649 3117 Atmosphäre.
691 3057 752 3117 Die
779 3057 860 3117 neue
887 3059 979 3119 Zeit,
1000 3060 1056 3120 mit
1082 3060 1169 3120 ihrem
1211 3059 1236 3119 so
1267 3059 1339 3119 völ=
1370 3061 1431 3121 und
1458 3063 1565 3123 zuletzt
1592 3066 1658 3126 noch
1689 3064 1859 3124 „Fräulein
1890 3063 1997 3123 Else“,
2014 3066 2183 3126 entwickelt
2209 3067 2255 3127 sich
2281 3067 2368 3127 höch¬

334 3105 373 3165 lig
409 3105 529 3165 anders
565 3108 802 3168 eingestellten,
827 3108 893 3168 viel
919 3108 1110 3168 strafferen,
1136 3108 1200 3168 viel
1231 3108 1336 3168 derbe¬

1364 3108 1403 3168 ste
1439 3111 1677 3171 Meisterschaft
1713 3114 1738 3174 in
1779 3114 2032 3174 prägnantester
2088 3115 2209 3175 Kürze.
2261 3117 2351 3177 Kaum

323 3153 375 3213 ren
409 3155 662 3215 Lebenstempo,
682 3157 720 3217 ist
740 3157 839 3217 seinem
878 3156 983 3216 zarten
1017 3158 1074 3218 und
1103 3157 1323 3217 gemächlichen
1367 3158 1495 3218 minder
1520 3159 1663 3219 verraten
1693 3161 1879 3221 Schnitzlers
1908 3162 2075 3222 Romane,
2090 3162 2147 3222 vor
2167 3165 2242 3225 allem
2286 3164 2367 3224 „Der

334 3201 439 3261 Wesen
475 3203 499 3263 im
545 3207 721 3267 Seelischen
752 3207 827 3267 stets
853 3207 1114 3267 ferngeblieben.

1368 3205 1441 3265 Weg
1472 3207 1495 3267 is
1526 3207 1658 3267 Freie“,
1678 3210 1732 3270 den
1762 3210 1859 3270 hohen
1895 3210 2027 3270 Könner
2057 3210 2111 3270 wie
2141 3213 2268 3273 überall
2293 3213 2362 3273 auch

412 3254 505 3314 Denn
545 3255 716 3315 Schnitzler
751 3254 819 3314 war
849 3254 893 3314 ein
933 3257 1045 3317 stiller,
1075 3257 1339 3317 nachdenklicher,

1370 3257 1419 3317 den
1453 3257 1752 3317 stimmungsvollen
1786 3258 1928 3318 Poeten.
1968 3260 2036 3320 Und
2066 3260 2124 3320 fast
2144 3261 2359 3321 allenthalben

325 3302 497 3362 ironischer
527 3304 827 3364 Lebensgenießer.
872 3305 979 3365 Diesem
1029 3305 1157 3365 Wiener
1187 3307 1255 3367 Typ
1285 3306 1333 3366 ge¬

1369 3305 1403 3365 ist
1434 3305 1469 3365 es
1505 3306 1555 3366 die
1590 3306 1721 3366 Wiener
1752 3308 1988 3368 Atmosphäre,
2014 3308 2064 3368 die
2100 3308 2159 3368 uns
2195 3311 2371 3371 umstrickt;

331 3350 405 3410 hört
426 3350 460 3410 er
486 3352 541 3412 an,
561 3351 656 3411 diesen
692 3352 756 3412 Typ
787 3353 841 3413 hat
867 3352 897 3412 er
922 3350 932 3410 —
983 3352 1012 3412 in
1043 3356 1208 3416 wahrhaft
1233 3355 1333 3415 klassi=
1369 3356 1554 3416 manchmal
1584 3356 1724 3416 gestreift
1755 3356 1815 3416 von
1850 3356 1940 3416 einem
2011 3356 2216 3416 wärmenden
2262 3363 2361 3423 Hauch

331 3398 400 3458 scher
431 3401 546 3461 Weise,
562 3401 637 3461 darf
657 3402 727 3462 man
758 3402 848 3462 sagen
878 3402 888 3462 —
939 3403 1059 3463 fixiert.
1095 3404 1139 3464 Er
1165 3404 1245 3464 schuf
1265 3405 1335 3465 ihn,
1367 3402 1421 3462 des
1452 3403 1602 3463 Südens.
1643 3405 1703 3465 Die
1734 3407 1828 3467 ganze
1859 3407 2034 3467 Klaviatur
2060 3405 2115 3465 des
2146 3409 2356 3469 wienerischen

331 3449 400 3509 noch
426 3451 476 3511 ols
497 3451 612 3511 junger
638 3451 784 3511 Mensch,
800 3451 824 3511 in
856 3451 956 3511 seinem
997 3452 1178 3512 „Anatol“,
1194 3453 1339 3513 zunächst

1366 3454 1581 3514 Empfindens
1607 3454 1662 3514 hat
1687 3454 1717 3514 er
1743 3454 1802 3514 wie
1828 3454 1868 3514 ein
1904 3456 2049 3516 Virtuose
2075 3455 2266 3515 beherrscht,
2281 3459 2366 3519 wohl

330 3498 420 3558 wohl
445 3499 521 3559 kaum
569 3499 665 3559 dabei
694 3499 727 3559 an
766 3499 813 3559 die
843 3500 962 3560 Bühne
992 3502 1150 3562 denkend.
1193 3502 1236 3562 In
1275 3502 1327 3562 den

1364 3502 1413 3562 hie
1444 3502 1504 3562 und
1540 3502 1575 3562 da
1611 3504 1670 3564 mit
1696 3505 1786 3565 leiser
1817 3505 2049 3565 zweiflerischer
2084 3505 2200 3565 Kühle,
2226 3507 2366 3567 niemals

325 3550 585 3610 verschiedensten
620 3547 867 3607 Lebenslagen,
886 3550 954 3610 doch
988 3550 1041 3610 nie
1071 3551 1148 3611 ohne
1177 3550 1327 3610 Verliebt

1370 3552 1424 3612 mit
1449 3553 1576 3613 innerer
1601 3553 1713 3613 Kälte.
1753 3554 1954 3614 Jedenfalls,
1979 3555 2072 3615 unter
2097 3555 2200 3615 allen,
2220 3556 2263 3616 die
2293 3556 2362 3616 nach

326 3596 408 3656 heit,
424 3599 490 3659 auch
522 3598 568 3658 nie
594 3598 671 3658 ohne
692 3598 1022 3658 selbstpersiflierende
1048 3601 1336 3661 Schmerzlichkeit,
1363 3602 1414 3662 ihm
1466 3601 1569 3661 kamen
1605 3602 1636 3662 im
1683 3603 1708 3663 so
1744 3602 1858 3662 reichen
1900 3604 2028 3664 Wiener
2059 3603 2177 3663 Reigen
2219 3603 2270 3663 der
2302 3602 2368 3662 Ta¬

331 3649 413 3709 zeigt
444 3647 500 3707 uns
533 3648 707 3708 Schnitzler
734 3648 832 3708 diesen
868 3648 1033 3708 eleganten
1070 3648 1199 3708 Wiener
1231 3651 1318 3711 Jüng

1363 3650 1463 3710 lente,
1483 3651 1554 3711 gibt
1573 3651 1606 3711 es
1636 3652 1759 3712 keinen,
1779 3651 1831 3711 der
1860 3651 1908 3711 ihm
1951 3652 2032 3712 nicht
2052 3653 2228 3713 irgendwie
2257 3654 2367 3714 inner¬

329 3693 393 3753 ling
429 3693 438 3753 —
494 3695 549 3755 von
589 3696 684 3756 dessen
720 3696 961 3756 Lebensberuf,
986 3698 1061 3758 falls
1092 3699 1121 3759 er
1157 3699 1241 3759 einen
1277 3696 1332 3756 ha=
1368 3695 1418 3755 lich
1448 3701 1643 3761 verpflichtet
1664 3700 1799 3760 gewesen
1835 3702 1935 3762 wäre.
1971 3700 2050 3760 Sein
2081 3701 2211 3761 Einfluß
2241 3701 2296 3761 auf
2317 3697 2361 3757 die

1365 3745 1566 3805 Stilbildung
1600 3747 1669 3807 war
1703 3748 1791 3808 wohl
1820 3750 1890 3810 noch
1928 3744 2205 3804 durchgreifender
2238 3744 2285 3804 als
2318 3745 2369 3805 bei

326 3744 380 3804 ben
421 3746 526 3806 sollte,
552 3747 612 3807 wir
643 3746 738 3806 nichts
774 3747 895 3807 ahnen,
921 3747 945 3807 in
986 3749 1082 3809 dessen
1123 3749 1318 3809 leichtbeweg

1365 3794 1656 3854 Hofmannsthal.
1686 3795 1757 3855 Wie
1791 3795 1843 3855 die
1872 3795 2020 3855 gesamte
2039 3794 2178 3854 deutsche
2193 3795 2345 3855 Dichtung

329 3795 442 3855 liches,
458 3796 784 3856 leichtentzündliches
811 3796 893 3856 Herz
920 3795 976 3855 wir
1002 3796 1075 3856 aber
1101 3800 1168 3860 Zug
1195 3801 1246 3861 für
1267 3801 1334 3861 Zug

1368 3845 1390 3905 so
1423 3843 1554 3903 verliert
1577 3845 1804 3905 insbesondere
1832 3842 1923 3902 Wien
1955 3843 1977 3903 in
2010 3842 2055 3902 ihm
2101 3842 2169 3902 eine
2196 3845 2296 3905 seiner
2319 3842 2369 3902 re¬

330 3845 590 3905 hineinschauen.
635 3845 693 3905 Ein
728 3845 924 3905 Kaffeehaus
954 3842 968 3902 =
989 3845 1223 3905 Lebejüngling
1258 3843 1331 3903 mag

1365 3893 1630 3953 präsentativsten
1670 3893 1944 3953 Erscheinungen.
1994 3890 2097 3950 Schon
2132 3891 2200 3951 jetzt
2230 3893 2357 3953 planten

328 3893 362 3953 er
387 3893 475 3953 wohl
501 3893 578 3953 sein,
599 3893 682 3953 wenn
717 3893 785 3953 auch
815 3893 869 3953 von
899 3893 953 3953 der
983 3893 1233 3953 verfeinertesten
1268 3890 1331 3950 Art

1366 3941 1489 4001 manche
1521 3941 1650 4001 Wiener
1681 3941 1815 4001 Bühnen
1847 3941 1877 4001 zu
1909 3939 2099 3999 Schnitzlers
2126 3939 2182 3999 70.
2204 3941 2368 4001 Geburts¬

334 3940 431 4000 Wäre
463 3941 494 4001 er
520 3942 586 4002 dies
618 3943 716 4003 nicht,
737 3943 767 4003 er
794 3943 881 4003 wäre
913 3944 938 4004 ja
970 3943 1031 4003 kein
1068 3942 1165 4002 echter
1192 3941 1326 4001 Wiener

331 3989 397 4049 Und
428 3991 454 4051 so
480 3992 515 4052 ist
536 3992 608 4052 denn
644 3991 711 4051 auch
742 3991 911 4051 Schnitzler
937 3992 1024 4052 selbst
1051 3992 1101 4052 von
1138 3991 1220 4051 einem
1261 3989 1333 4049 lite=
1354 3990 1456 4050 tage,
1482 3989 1533 4049 den
1570 3989 1605 4049 er
1637 3991 1672 4051 am
1719 3989 1775 4049 15.
1801 3989 1878 4049 Mai
1909 3989 1960 4049 des
1991 3989 2196 4049 kommenden
2238 3991 2356 4051 Jahres

1363 4039 1447 4099 hätte
1480 4039 1574 4099 feiern
1617 4036 1728 4096 sollen,
1760 4036 2008 4096 Aufführungen
2067 4039 2167 4099 seiner
2205 4039 2368 4099 Dramen.

329 4039 691 4099 rarisch-interessierten
724 4039 1020 4099 Koffeehauskreise
1053 4039 1204 4099 natürlich
1237 4039 1312 4099 unte

335 4087 462 4147 Weihen
492 4087 663 4147 Hermann
703 4087 829 4147 Bahrs,
855 4088 996 4148 zunächst
1026 4087 1163 4147 entdeckt
1188 4087 1339 4147 worden.

1367 4087 1474 4147 Leider
1507 4087 1626 4147 werden
1665 4087 1697 4147 es
1725 4087 1795 4147 jetzt
1817 4087 2022 4147 Totenfeiern
2056 4087 2207 4147 werden.

332 4123 496 4183 Gleichlam
543 4128 585 4188 ein
618 4123 749 4183 Wiener
777 4129 1039 4189 Lokalereianie.
