<?xml version="1.0" encoding="UTF-8" standalone="yes"?>
<PcGts xmlns="http://schema.primaresearch.org/PAGE/gts/pagecontent/2013-07-15" xmlns:xsi="http://www.w3.org/2001/XMLSchema-instance" xsi:schemaLocation="http://schema.primaresearch.org/PAGE/gts/pagecontent/2013-07-15 http://schema.primaresearch.org/PAGE/gts/pagecontent/2013-07-15/pagecontent.xsd">
    <Metadata>
        <Creator>prov=READ-COOP:name=PyLaia@TranskribusPlatform:version=2.12.1:model_id=39995:lm=none:date=09_04_2024_22:50</Creator>
        <Created>2019-10-07T20:39:09.231+02:00</Created>
        <LastChange>2024-04-09T22:50:53.030+02:00</LastChange>
        <TranskribusMetadata docId="224459" pageId="9582398" pageNr="418" tsid="157630459" status="IN_PROGRESS" userId="64420" imgUrl="https://files.transkribus.eu/Get?id=NDQEJMONRFDIMXGQRKTWGYGG&amp;fileType=view" xmlUrl="https://files.transkribus.eu/Get?id=BZSEFLBZFJVITAFMWZHPFDHS" imageId="6209169"/>
    </Metadata>
    <Page imageFilename="224459_0418.jpeg" imageWidth="3344" imageHeight="4256">
        <ReadingOrder>
            <OrderedGroup id="ro_1712938148194" caption="Regions reading order">
                <RegionRefIndexed index="0" regionRef="tr_1"/>
                <RegionRefIndexed index="1" regionRef="tr_2"/>
            </OrderedGroup>
        </ReadingOrder>
        <TextRegion orientation="0.0" id="tr_1" custom="readingOrder {index:0;}">
            <Coords points="259,150 259,4074 1047,4074 1047,150"/>
            <TextLine id="tr_1_tl_1" custom="readingOrder {index:0;}">
                <Coords points="365,182 1000,183 1000,151 952,147 365,142"/>
                <Baseline points="370,170 401,170 433,170 464,170 496,172 528,173 559,173 591,173 622,173 654,173 686,173 717,173 749,173 780,173 812,173 844,173 875,173 907,173 938,173 970,173 1002,173"/>
                <Word id="tr_1_tl_1_w1" custom="readingOrder {index:0;}">
                    <Coords points="358,130 358,190 510,190 510,130"/>
                    <TextEquiv>
                        <Unicode>Iösterr.</Unicode>
                    </TextEquiv>
                </Word>
                <Word id="tr_1_tl_1_w2" custom="readingOrder {index:1;}">
                    <Coords points="522,133 522,193 674,193 674,133"/>
                    <TextEquiv>
                        <Unicode>behördl.</Unicode>
                    </TextEquiv>
                </Word>
                <Word id="tr_1_tl_1_w3" custom="readingOrder {index:2;}">
                    <Coords points="686,133 686,193 990,193 990,133"/>
                    <TextEquiv>
                        <Unicode>konzessioniertes</Unicode>
                    </TextEquiv>
                </Word>
                <TextEquiv>
                    <Unicode>Iösterr. behördl. konzessioniertes</Unicode>
                </TextEquiv>
            </TextLine>
            <TextLine id="tr_1_tl_2" custom="readingOrder {index:1;}">
                <Coords points="314,217 1045,224 1045,166 920,189 314,176"/>
                <Baseline points="319,208 355,208 391,208 428,209 464,210 501,208 537,211 573,211 610,211 646,212 683,214 719,211 755,213 792,212 828,211 865,212 901,214 937,212 974,211 1010,211 1047,208"/>
                <Word id="tr_1_tl_2_w1" custom="readingOrder {index:0;}">
                    <Coords points="308,168 308,228 541,228 541,168"/>
                    <TextEquiv>
                        <Unicode>Unternehmen</Unicode>
                    </TextEquiv>
                </Word>
                <Word id="tr_1_tl_2_w2" custom="readingOrder {index:1;}">
                    <Coords points="570,171 570,231 619,231 619,171"/>
                    <TextEquiv>
                        <Unicode>für</Unicode>
                    </TextEquiv>
                </Word>
                <Word id="tr_1_tl_2_w3" custom="readingOrder {index:2;}">
                    <Coords points="644,171 644,231 1037,231 1037,171"/>
                    <TextEquiv>
                        <Unicode>Zeitungs-Ausschnitte</Unicode>
                    </TextEquiv>
                </Word>
                <TextEquiv>
                    <Unicode>Unternehmen für Zeitungs-Ausschnitte</Unicode>
                </TextEquiv>
            </TextLine>
            <TextLine id="tr_1_tl_3" custom="readingOrder {index:2;}">
                <Coords points="368,278 576,289 616,271 909,299 997,283 997,245 904,225 367,218"/>
                <Baseline points="373,271 404,265 435,262 466,263 498,267 529,269 560,271 592,271 623,269 654,269 686,271 717,273 748,274 779,274 811,274 842,274 873,274 905,274 936,274 967,274 999,274"/>
                <Word id="tr_1_tl_3_w1" custom="readingOrder {index:0;}">
                    <Coords points="369,222 369,282 507,282 507,222"/>
                    <TextEquiv>
                        <Unicode>WIEN,</Unicode>
                    </TextEquiv>
                </Word>
                <Word id="tr_1_tl_3_w2" custom="readingOrder {index:1;}">
                    <Coords points="539,231 539,291 582,291 582,231"/>
                    <TextEquiv>
                        <Unicode>I.,</Unicode>
                    </TextEquiv>
                </Word>
                <Word id="tr_1_tl_3_w3" custom="readingOrder {index:2;}">
                    <Coords points="615,234 615,294 898,294 898,234"/>
                    <TextEquiv>
                        <Unicode>WOLLZEILE</Unicode>
                    </TextEquiv>
                </Word>
                <Word id="tr_1_tl_3_w4" custom="readingOrder {index:3;}">
                    <Coords points="949,234 949,294 986,294 986,234"/>
                    <TextEquiv>
                        <Unicode>11</Unicode>
                    </TextEquiv>
                </Word>
                <TextEquiv>
                    <Unicode>WIEN, I., WOLLZEILE 11</Unicode>
                </TextEquiv>
            </TextLine>
            <TextLine id="tr_1_tl_4" custom="readingOrder {index:3;}">
                <Coords points="463,329 565,342 854,326 899,339 899,289 875,285 842,300 776,282 703,295 608,275 576,289 463,283"/>
                <Baseline points="468,322 493,320 518,319 544,321 569,323 595,325 620,324 646,322 671,324 697,325 722,325 748,325 773,325 799,324 824,322 850,322 875,322 901,322"/>
                <Word id="tr_1_tl_4_w1" custom="readingOrder {index:0;}">
                    <Coords points="462,282 462,342 675,342 675,282"/>
                    <TextEquiv>
                        <Unicode>TELEPHON</Unicode>
                    </TextEquiv>
                </Word>
                <Word id="tr_1_tl_4_w2" custom="readingOrder {index:1;}">
                    <Coords points="710,284 710,344 883,344 883,284"/>
                    <TextEquiv>
                        <Unicode>R-23-0-43</Unicode>
                    </TextEquiv>
                </Word>
                <TextEquiv>
                    <Unicode>TELEPHON R-23-0-43</Unicode>
                </TextEquiv>
            </TextLine>
            <TextLine id="tr_1_tl_5" custom="readingOrder {index:4;}">
                <Coords points="254,469 305,481 403,464 481,481 527,469 606,490 614,435 580,420 461,411 434,422 406,413 372,433 311,412 253,419"/>
                <Baseline points="259,459 284,459 310,459 335,459 361,459 386,459 412,460 438,462 463,462 489,462 514,462 540,462 565,462 591,462 617,462"/>
                <Word id="tr_1_tl_5_w1" custom="readingOrder {index:0;}">
                    <Coords points="253,419 253,479 481,479 481,419"/>
                    <TextEquiv>
                        <Unicode>Ausschnitt</Unicode>
                    </TextEquiv>
                </Word>
                <Word id="tr_1_tl_5_w2" custom="readingOrder {index:1;}">
                    <Coords points="507,422 507,482 603,482 603,422"/>
                    <TextEquiv>
                        <Unicode>aus:</Unicode>
                    </TextEquiv>
                </Word>
                <TextEquiv>
                    <Unicode>Ausschnitt aus:</Unicode>
                </TextEquiv>
            </TextLine>
            <TextLine id="tr_1_tl_6" custom="readingOrder {index:5;}">
                <Coords points="448,680 538,666 578,695 749,676 801,704 1001,690 990,615 887,638 772,611 734,634 711,615 447,618"/>
                <Baseline points="453,665 480,663 507,663 535,664 562,665 590,665 617,665 645,666 672,668 700,670 727,671 754,671 782,671 809,671 837,671 864,671 892,671 919,671 947,671 974,673 1002,677"/>
                <Word id="tr_1_tl_6_w1" custom="readingOrder {index:0;}">
                    <Coords points="452,623 452,683 511,683 511,623"/>
                    <TextEquiv>
                        <Unicode>The</Unicode>
                    </TextEquiv>
                </Word>
                <Word id="tr_1_tl_6_w2" custom="readingOrder {index:1;}">
                    <Coords points="543,626 543,686 749,686 749,626"/>
                    <TextEquiv>
                        <Unicode>New-York,</Unicode>
                    </TextEquiv>
                </Word>
                <Word id="tr_1_tl_6_w3" custom="readingOrder {index:2;}">
                    <Coords points="765,631 765,691 895,691 895,631"/>
                    <TextEquiv>
                        <Unicode>Herald,</Unicode>
                    </TextEquiv>
                </Word>
                <Word id="tr_1_tl_6_w4" custom="readingOrder {index:3;}">
                    <Coords points="911,631 911,691 993,691 993,631"/>
                    <TextEquiv>
                        <Unicode>Puriz</Unicode>
                    </TextEquiv>
                </Word>
                <TextEquiv>
                    <Unicode>The New-York, Herald, Puriz</Unicode>
                </TextEquiv>
            </TextLine>
            <TextLine id="tr_1_tl_7" custom="readingOrder {index:6;}">
                <Coords points="258,696 294,696 311,688 344,700 357,693 380,702 379,660 360,655 335,637 322,647 310,639 281,648 274,644 268,651 257,652"/>
                <Baseline points="262,680 292,682 322,683 352,683 382,683"/>
                <Word id="tr_1_tl_7_w1" custom="readingOrder {index:0;}">
                    <Coords points="256,642 256,702 369,702 369,642"/>
                    <TextEquiv>
                        <Unicode>vom:</Unicode>
                    </TextEquiv>
                </Word>
                <TextEquiv>
                    <Unicode>vom:</Unicode>
                </TextEquiv>
            </TextLine>
            <TextLine id="tr_1_tl_8" custom="readingOrder {index:7;}">
                <Coords points="514,750 577,757 641,736 681,751 716,739 758,752 893,749 885,700 779,719 714,704 684,675 668,687 643,675 620,697 577,695 551,670 513,675"/>
                <Baseline points="519,737 544,737 569,737 594,736 619,734 644,733 669,731 694,733 719,734 744,736 769,737 794,737 819,737 844,737 869,736 895,734"/>
                <TextEquiv>
                    <Unicode></Unicode>
                </TextEquiv>
            </TextLine>
            <TextLine id="tr_1_tl_9" custom="readingOrder {index:8;}">
                <Coords points="287,843 428,834 577,844 665,875 872,874 871,777 501,766 439,791 286,767"/>
                <Baseline points="292,829 321,833 350,836 379,838 408,836 437,835 466,835 495,837 524,839 553,840 583,841 612,841 641,839 670,838 699,838 728,838 757,839 786,841 815,841 844,843 874,847"/>
                <Word id="tr_1_tl_9_w1" custom="readingOrder {index:0;}">
                    <Coords points="300,795 300,855 397,855 397,795"/>
                    <TextEquiv>
                        <Unicode>DR.</Unicode>
                    </TextEquiv>
                </Word>
                <Word id="tr_1_tl_9_w2" custom="readingOrder {index:1;}">
                    <Coords points="448,798 448,858 854,858 854,798"/>
                    <TextEquiv>
                        <Unicode>SCHNITZLER,</Unicode>
                    </TextEquiv>
                </Word>
                <TextEquiv>
                    <Unicode>DR. SCHNITZLER,</Unicode>
                </TextEquiv>
            </TextLine>
            <TextLine id="tr_1_tl_10" custom="readingOrder {index:9;}">
                <Coords points="308,959 497,946 625,979 805,943 977,964 976,900 918,869 695,869 658,897 616,873 307,877"/>
                <Baseline points="313,937 346,935 379,934 412,934 446,934 479,934 512,935 545,937 579,937 612,939 645,940 678,940 712,937 745,939 778,940 811,940 845,937 878,939 911,941 944,943 978,946"/>
                <Word id="tr_1_tl_10_w1" custom="readingOrder {index:0;}">
                    <Coords points="319,899 319,959 951,959 951,899"/>
                    <TextEquiv>
                        <Unicode>AUSTRIANAUTHOR,</Unicode>
                    </TextEquiv>
                </Word>
                <TextEquiv>
                    <Unicode>AUSTRIANAUTHOR,</Unicode>
                </TextEquiv>
            </TextLine>
            <TextLine id="tr_1_tl_11" custom="readingOrder {index:10;}">
                <Coords points="430,1046 488,1064 718,1033 805,1070 880,1046 942,1070 1000,1054 999,980 969,968 610,985 429,970"/>
                <Baseline points="435,1032 463,1034 491,1035 520,1035 548,1035 576,1035 605,1037 633,1038 661,1038 690,1036 718,1035 746,1035 775,1037 803,1038 831,1038 860,1038 888,1038 916,1038 945,1039 973,1041 1002,1041"/>
                <Word id="tr_1_tl_11_w1" custom="readingOrder {index:0;}">
                    <Coords points="439,995 439,1055 561,1055 561,995"/>
                    <TextEquiv>
                        <Unicode>DIES</Unicode>
                    </TextEquiv>
                </Word>
                <Word id="tr_1_tl_11_w2" custom="readingOrder {index:1;}">
                    <Coords points="615,998 615,1058 665,1058 665,998"/>
                    <TextEquiv>
                        <Unicode>IN</Unicode>
                    </TextEquiv>
                </Word>
                <Word id="tr_1_tl_11_w3" custom="readingOrder {index:2;}">
                    <Coords points="740,998 740,1058 966,1058 966,998"/>
                    <TextEquiv>
                        <Unicode>VIENNA</Unicode>
                    </TextEquiv>
                </Word>
                <TextEquiv>
                    <Unicode>DIES IN VIENNA</Unicode>
                </TextEquiv>
            </TextLine>
            <TextLine id="tr_1_tl_12" custom="readingOrder {index:11;}">
                <Coords points="281,1172 531,1185 682,1161 980,1189 991,1122 847,1140 607,1097 421,1133 280,1115"/>
                <Baseline points="286,1160 321,1160 356,1160 392,1160 427,1160 462,1160 498,1162 533,1163 568,1162 604,1160 639,1163 674,1163 710,1163 745,1163 780,1163 816,1163 851,1165 886,1165 922,1164 957,1169 993,1169"/>
                <Word id="tr_1_tl_12_w1" custom="readingOrder {index:0;}">
                    <Coords points="282,1120 282,1180 545,1180 545,1120"/>
                    <TextEquiv>
                        <Unicode>Dramatist,</Unicode>
                    </TextEquiv>
                </Word>
                <Word id="tr_1_tl_12_w2" custom="readingOrder {index:1;}">
                    <Coords points="591,1120 591,1180 640,1180 640,1120"/>
                    <TextEquiv>
                        <Unicode>69</Unicode>
                    </TextEquiv>
                </Word>
                <Word id="tr_1_tl_12_w3" custom="readingOrder {index:2;}">
                    <Coords points="697,1123 697,1183 835,1183 835,1123"/>
                    <TextEquiv>
                        <Unicode>Years</Unicode>
                    </TextEquiv>
                </Word>
                <Word id="tr_1_tl_12_w4" custom="readingOrder {index:3;}">
                    <Coords points="887,1126 887,1186 986,1186 986,1126"/>
                    <TextEquiv>
                        <Unicode>Old,</Unicode>
                    </TextEquiv>
                </Word>
                <TextEquiv>
                    <Unicode>Dramatist, 69 Years Old,</Unicode>
                </TextEquiv>
            </TextLine>
            <TextLine id="tr_1_tl_13" custom="readingOrder {index:12;}">
                <Coords points="386,1235 523,1227 588,1247 652,1228 693,1250 828,1253 900,1240 899,1199 856,1180 699,1198 659,1175 385,1185"/>
                <Baseline points="390,1220 415,1220 441,1220 466,1220 492,1220 517,1220 543,1220 568,1220 594,1220 619,1220 645,1220 671,1220 696,1220 722,1221 747,1223 773,1223 798,1223 824,1223 849,1223 875,1223 901,1223"/>
                <Word id="tr_1_tl_13_w1" custom="readingOrder {index:0;}">
                    <Coords points="387,1180 387,1240 580,1240 580,1180"/>
                    <TextEquiv>
                        <Unicode>Suffered</Unicode>
                    </TextEquiv>
                </Word>
                <Word id="tr_1_tl_13_w2" custom="readingOrder {index:1;}">
                    <Coords points="630,1183 630,1243 878,1243 878,1183"/>
                    <TextEquiv>
                        <Unicode>Apoplectic</Unicode>
                    </TextEquiv>
                </Word>
                <TextEquiv>
                    <Unicode>Suffered Apoplectic</Unicode>
                </TextEquiv>
            </TextLine>
            <TextLine id="tr_1_tl_14" custom="readingOrder {index:13;}">
                <Coords points="538,1294 640,1303 666,1287 721,1305 738,1303 738,1255 698,1255 668,1237 635,1249 605,1238 587,1247 537,1231"/>
                <Baseline points="543,1280 571,1280 599,1280 627,1280 655,1280 683,1280 711,1282 740,1283"/>
                <Word id="tr_1_tl_14_w1" custom="readingOrder {index:0;}">
                    <Coords points="538,1240 538,1300 728,1300 728,1240"/>
                    <TextEquiv>
                        <Unicode>Stroke.</Unicode>
                    </TextEquiv>
                </Word>
                <TextEquiv>
                    <Unicode>Stroke.</Unicode>
                </TextEquiv>
            </TextLine>
            <TextLine id="tr_1_tl_15" custom="readingOrder {index:14;}">
                <Coords points="412,1404 659,1396 730,1413 866,1399 865,1335 772,1365 546,1340 412,1356"/>
                <Baseline points="417,1387 442,1387 467,1387 492,1387 517,1387 542,1387 567,1387 592,1387 617,1387 642,1387 667,1387 692,1387 717,1387 742,1387 767,1387 792,1388 817,1390 842,1390 868,1387"/>
                <Word id="tr_1_tl_15_w1" custom="readingOrder {index:0;}">
                    <Coords points="417,1347 417,1407 552,1407 552,1347"/>
                    <TextEquiv>
                        <Unicode>(Special</Unicode>
                    </TextEquiv>
                </Word>
                <Word id="tr_1_tl_15_w2" custom="readingOrder {index:1;}">
                    <Coords points="573,1347 573,1407 602,1407 602,1347"/>
                    <TextEquiv>
                        <Unicode>to</Unicode>
                    </TextEquiv>
                </Word>
                <Word id="tr_1_tl_15_w3" custom="readingOrder {index:2;}">
                    <Coords points="628,1347 628,1407 688,1407 688,1347"/>
                    <TextEquiv>
                        <Unicode>The</Unicode>
                    </TextEquiv>
                </Word>
                <Word id="tr_1_tl_15_w4" custom="readingOrder {index:3;}">
                    <Coords points="714,1347 714,1407 859,1407 859,1347"/>
                    <TextEquiv>
                        <Unicode>Herald.)</Unicode>
                    </TextEquiv>
                </Word>
                <TextEquiv>
                    <Unicode>(Special to The Herald.)</Unicode>
                </TextEquiv>
            </TextLine>
            <TextLine id="tr_1_tl_16" custom="readingOrder {index:15;}">
                <Coords points="326,1440 995,1452 989,1387 912,1414 326,1405"/>
                <Baseline points="331,1432 364,1432 397,1432 430,1433 464,1435 497,1433 530,1432 563,1432 597,1432 630,1432 663,1433 696,1435 730,1432 763,1434 796,1435 829,1435 863,1438 896,1438 929,1438 962,1438 996,1435"/>
                <Word id="tr_1_tl_16_w1" custom="readingOrder {index:0;}">
                    <Coords points="324,1392 324,1452 483,1452 483,1392"/>
                    <TextEquiv>
                        <Unicode>VIENNA,</Unicode>
                    </TextEquiv>
                </Word>
                <Word id="tr_1_tl_16_w2" custom="readingOrder {index:1;}">
                    <Coords points="511,1392 511,1452 719,1452 719,1392"/>
                    <TextEquiv>
                        <Unicode>Wednesday.</Unicode>
                    </TextEquiv>
                </Word>
                <Word id="tr_1_tl_16_w3" custom="readingOrder {index:2;}">
                    <Coords points="733,1392 733,1452 746,1452 746,1392"/>
                    <TextEquiv>
                        <Unicode>—</Unicode>
                    </TextEquiv>
                </Word>
                <Word id="tr_1_tl_16_w4" custom="readingOrder {index:3;}">
                    <Coords points="791,1395 791,1455 848,1455 848,1395"/>
                    <TextEquiv>
                        <Unicode>Dr.</Unicode>
                    </TextEquiv>
                </Word>
                <Word id="tr_1_tl_16_w5" custom="readingOrder {index:4;}">
                    <Coords points="871,1398 871,1458 986,1458 986,1398"/>
                    <TextEquiv>
                        <Unicode>Arthur</Unicode>
                    </TextEquiv>
                </Word>
                <TextEquiv>
                    <Unicode>VIENNA, Wednesday. — Dr. Arthur</Unicode>
                </TextEquiv>
            </TextLine>
            <TextLine id="tr_1_tl_17" custom="readingOrder {index:16;}">
                <Coords points="275,1481 991,1483 974,1446 275,1436"/>
                <Baseline points="280,1471 315,1473 351,1472 386,1472 422,1474 458,1474 493,1474 529,1474 565,1474 600,1474 636,1474 672,1474 707,1474 743,1474 779,1474 814,1477 850,1475 886,1476 921,1477 957,1477 993,1474"/>
                <Word id="tr_1_tl_17_w1" custom="readingOrder {index:0;}">
                    <Coords points="277,1432 277,1492 473,1492 473,1432"/>
                    <TextEquiv>
                        <Unicode>Schnitzler,</Unicode>
                    </TextEquiv>
                </Word>
                <Word id="tr_1_tl_17_w2" custom="readingOrder {index:1;}">
                    <Coords points="486,1434 486,1494 532,1494 532,1434"/>
                    <TextEquiv>
                        <Unicode>69,</Unicode>
                    </TextEquiv>
                </Word>
                <Word id="tr_1_tl_17_w3" custom="readingOrder {index:2;}">
                    <Coords points="545,1434 545,1494 694,1494 694,1434"/>
                    <TextEquiv>
                        <Unicode>foremost</Unicode>
                    </TextEquiv>
                </Word>
                <Word id="tr_1_tl_17_w4" custom="readingOrder {index:3;}">
                    <Coords points="712,1434 712,1494 849,1494 849,1434"/>
                    <TextEquiv>
                        <Unicode>Austrian</Unicode>
                    </TextEquiv>
                </Word>
                <Word id="tr_1_tl_17_w5" custom="readingOrder {index:4;}">
                    <Coords points="875,1437 875,1497 983,1497 983,1437"/>
                    <TextEquiv>
                        <Unicode>author</Unicode>
                    </TextEquiv>
                </Word>
                <TextEquiv>
                    <Unicode>Schnitzler, 69, foremost Austrian author</Unicode>
                </TextEquiv>
            </TextLine>
            <TextLine id="tr_1_tl_18" custom="readingOrder {index:17;}">
                <Coords points="284,1517 994,1527 994,1487 964,1483 284,1495"/>
                <Baseline points="289,1510 324,1510 359,1510 395,1511 430,1513 465,1513 501,1513 536,1513 571,1513 607,1513 642,1513 677,1513 713,1513 748,1513 783,1513 819,1516 854,1516 889,1516 925,1516 960,1516 996,1516"/>
                <Word id="tr_1_tl_18_w1" custom="readingOrder {index:0;}">
                    <Coords points="278,1470 278,1530 332,1530 332,1470"/>
                    <TextEquiv>
                        <Unicode>and</Unicode>
                    </TextEquiv>
                </Word>
                <Word id="tr_1_tl_18_w2" custom="readingOrder {index:1;}">
                    <Coords points="367,1473 367,1533 553,1533 553,1473"/>
                    <TextEquiv>
                        <Unicode>dramatist,</Unicode>
                    </TextEquiv>
                </Word>
                <Word id="tr_1_tl_18_w3" custom="readingOrder {index:2;}">
                    <Coords points="579,1473 579,1533 642,1533 642,1473"/>
                    <TextEquiv>
                        <Unicode>died</Unicode>
                    </TextEquiv>
                </Word>
                <Word id="tr_1_tl_18_w4" custom="readingOrder {index:3;}">
                    <Coords points="681,1473 681,1533 714,1533 714,1473"/>
                    <TextEquiv>
                        <Unicode>of</Unicode>
                    </TextEquiv>
                </Word>
                <Word id="tr_1_tl_18_w5" custom="readingOrder {index:4;}">
                    <Coords points="740,1473 740,1533 778,1533 778,1473"/>
                    <TextEquiv>
                        <Unicode>an</Unicode>
                    </TextEquiv>
                </Word>
                <Word id="tr_1_tl_18_w6" custom="readingOrder {index:5;}">
                    <Coords points="812,1476 812,1536 986,1536 986,1476"/>
                    <TextEquiv>
                        <Unicode>apoplectic</Unicode>
                    </TextEquiv>
                </Word>
                <TextEquiv>
                    <Unicode>and dramatist, died of an apoplectic</Unicode>
                </TextEquiv>
            </TextLine>
            <TextLine id="tr_1_tl_19" custom="readingOrder {index:18;}">
                <Coords points="275,1565 997,1560 997,1527 508,1538 275,1513"/>
                <Baseline points="280,1548 317,1550 355,1551 393,1551 431,1551 469,1551 507,1551 544,1551 582,1551 620,1551 658,1552 696,1554 734,1554 771,1554 809,1556 847,1555 885,1554 923,1554 961,1554 999,1554"/>
                <Word id="tr_1_tl_19_w1" custom="readingOrder {index:0;}">
                    <Coords points="277,1510 277,1570 380,1570 380,1510"/>
                    <TextEquiv>
                        <Unicode>stroke</Unicode>
                    </TextEquiv>
                </Word>
                <Word id="tr_1_tl_19_w2" custom="readingOrder {index:1;}">
                    <Coords points="415,1511 415,1571 488,1571 488,1511"/>
                    <TextEquiv>
                        <Unicode>here</Unicode>
                    </TextEquiv>
                </Word>
                <Word id="tr_1_tl_19_w3" custom="readingOrder {index:2;}">
                    <Coords points="523,1511 523,1571 583,1571 583,1511"/>
                    <TextEquiv>
                        <Unicode>this</Unicode>
                    </TextEquiv>
                </Word>
                <Word id="tr_1_tl_19_w4" custom="readingOrder {index:3;}">
                    <Coords points="618,1514 618,1574 803,1574 803,1514"/>
                    <TextEquiv>
                        <Unicode>afternoon,</Unicode>
                    </TextEquiv>
                </Word>
                <Word id="tr_1_tl_19_w5" custom="readingOrder {index:4;}">
                    <Coords points="829,1514 829,1574 911,1574 911,1514"/>
                    <TextEquiv>
                        <Unicode>after</Unicode>
                    </TextEquiv>
                </Word>
                <Word id="tr_1_tl_19_w6" custom="readingOrder {index:5;}">
                    <Coords points="946,1514 946,1574 980,1574 980,1514"/>
                    <TextEquiv>
                        <Unicode>an</Unicode>
                    </TextEquiv>
                </Word>
                <TextEquiv>
                    <Unicode>stroke here this afternoon, after an</Unicode>
                </TextEquiv>
            </TextLine>
            <TextLine id="tr_1_tl_20" custom="readingOrder {index:19;}">
                <Coords points="281,1597 699,1602 711,1568 280,1561"/>
                <Baseline points="286,1590 311,1588 336,1587 361,1587 386,1587 411,1587 436,1588 461,1590 486,1589 512,1587 537,1589 562,1590 587,1590 612,1590 637,1590 662,1591 687,1593 713,1593"/>
                <Word id="tr_1_tl_20_w1" custom="readingOrder {index:0;}">
                    <Coords points="278,1547 278,1607 387,1607 387,1547"/>
                    <TextEquiv>
                        <Unicode>illness</Unicode>
                    </TextEquiv>
                </Word>
                <Word id="tr_1_tl_20_w2" custom="readingOrder {index:1;}">
                    <Coords points="413,1547 413,1607 442,1607 442,1547"/>
                    <TextEquiv>
                        <Unicode>of</Unicode>
                    </TextEquiv>
                </Word>
                <Word id="tr_1_tl_20_w3" custom="readingOrder {index:2;}">
                    <Coords points="467,1548 467,1608 589,1608 589,1548"/>
                    <TextEquiv>
                        <Unicode>several</Unicode>
                    </TextEquiv>
                </Word>
                <Word id="tr_1_tl_20_w4" custom="readingOrder {index:3;}">
                    <Coords points="611,1550 611,1610 703,1610 703,1550"/>
                    <TextEquiv>
                        <Unicode>days.</Unicode>
                    </TextEquiv>
                </Word>
                <TextEquiv>
                    <Unicode>illness of several days.</Unicode>
                </TextEquiv>
            </TextLine>
            <TextLine id="tr_1_tl_21" custom="readingOrder {index:20;}">
                <Coords points="324,1637 994,1638 993,1601 323,1598"/>
                <Baseline points="328,1626 361,1628 394,1628 428,1627 461,1629 495,1629 528,1629 561,1629 595,1629 628,1629 662,1629 695,1630 728,1632 762,1632 795,1632 829,1632 862,1632 895,1632 929,1632 962,1631 996,1629"/>
                <Word id="tr_1_tl_21_w1" custom="readingOrder {index:0;}">
                    <Coords points="321,1587 321,1647 383,1647 383,1587"/>
                    <TextEquiv>
                        <Unicode>The</Unicode>
                    </TextEquiv>
                </Word>
                <Word id="tr_1_tl_21_w2" custom="readingOrder {index:1;}">
                    <Coords points="408,1587 408,1647 462,1647 462,1587"/>
                    <TextEquiv>
                        <Unicode>end</Unicode>
                    </TextEquiv>
                </Word>
                <Word id="tr_1_tl_21_w3" custom="readingOrder {index:2;}">
                    <Coords points="491,1589 491,1649 574,1649 574,1589"/>
                    <TextEquiv>
                        <Unicode>came</Unicode>
                    </TextEquiv>
                </Word>
                <Word id="tr_1_tl_21_w4" custom="readingOrder {index:3;}">
                    <Coords points="600,1589 600,1649 732,1649 732,1589"/>
                    <TextEquiv>
                        <Unicode>without</Unicode>
                    </TextEquiv>
                </Word>
                <Word id="tr_1_tl_21_w5" custom="readingOrder {index:4;}">
                    <Coords points="758,1592 758,1652 844,1652 844,1592"/>
                    <TextEquiv>
                        <Unicode>pain,</Unicode>
                    </TextEquiv>
                </Word>
                <Word id="tr_1_tl_21_w6" custom="readingOrder {index:5;}">
                    <Coords points="862,1592 862,1652 986,1652 986,1592"/>
                    <TextEquiv>
                        <Unicode>accord¬</Unicode>
                    </TextEquiv>
                </Word>
                <TextEquiv>
                    <Unicode>The end came without pain, accord¬</Unicode>
                </TextEquiv>
            </TextLine>
            <TextLine id="tr_1_tl_22" custom="readingOrder {index:21;}">
                <Coords points="281,1678 991,1682 974,1639 281,1642"/>
                <Baseline points="286,1668 321,1670 356,1668 392,1666 427,1668 462,1668 498,1668 533,1668 568,1668 604,1668 639,1668 674,1668 710,1668 745,1668 780,1668 816,1671 851,1671 886,1671 922,1671 957,1671 993,1671"/>
                <Word id="tr_1_tl_22_w1" custom="readingOrder {index:0;}">
                    <Coords points="283,1629 283,1689 328,1689 328,1629"/>
                    <TextEquiv>
                        <Unicode>ing</Unicode>
                    </TextEquiv>
                </Word>
                <Word id="tr_1_tl_22_w2" custom="readingOrder {index:1;}">
                    <Coords points="354,1627 354,1687 383,1687 383,1627"/>
                    <TextEquiv>
                        <Unicode>to</Unicode>
                    </TextEquiv>
                </Word>
                <Word id="tr_1_tl_22_w3" custom="readingOrder {index:2;}">
                    <Coords points="408,1628 408,1688 587,1688 587,1628"/>
                    <TextEquiv>
                        <Unicode>physicians</Unicode>
                    </TextEquiv>
                </Word>
                <Word id="tr_1_tl_22_w4" custom="readingOrder {index:3;}">
                    <Coords points="608,1628 608,1688 670,1688 670,1628"/>
                    <TextEquiv>
                        <Unicode>who</Unicode>
                    </TextEquiv>
                </Word>
                <Word id="tr_1_tl_22_w5" custom="readingOrder {index:4;}">
                    <Coords points="696,1628 696,1688 770,1688 770,1628"/>
                    <TextEquiv>
                        <Unicode>were</Unicode>
                    </TextEquiv>
                </Word>
                <Word id="tr_1_tl_22_w6" custom="readingOrder {index:5;}">
                    <Coords points="796,1630 796,1690 829,1690 829,1630"/>
                    <TextEquiv>
                        <Unicode>at</Unicode>
                    </TextEquiv>
                </Word>
                <Word id="tr_1_tl_22_w7" custom="readingOrder {index:6;}">
                    <Coords points="846,1631 846,1691 895,1691 895,1631"/>
                    <TextEquiv>
                        <Unicode>his</Unicode>
                    </TextEquiv>
                </Word>
                <Word id="tr_1_tl_22_w8" custom="readingOrder {index:7;}">
                    <Coords points="917,1631 917,1691 987,1691 987,1631"/>
                    <TextEquiv>
                        <Unicode>bed¬</Unicode>
                    </TextEquiv>
                </Word>
                <TextEquiv>
                    <Unicode>ing to physicians who were at his bed¬</Unicode>
                </TextEquiv>
            </TextLine>
            <TextLine id="tr_1_tl_23" custom="readingOrder {index:22;}">
                <Coords points="281,1716 997,1721 974,1679 281,1688"/>
                <Baseline points="286,1707 321,1707 357,1707 392,1707 428,1707 464,1707 499,1707 535,1707 571,1707 606,1707 642,1707 678,1707 713,1707 749,1708 785,1710 820,1707 856,1709 892,1710 927,1710 963,1710 999,1710"/>
                <Word id="tr_1_tl_23_w1" custom="readingOrder {index:0;}">
                    <Coords points="284,1667 284,1727 363,1727 363,1667"/>
                    <TextEquiv>
                        <Unicode>side.</Unicode>
                    </TextEquiv>
                </Word>
                <Word id="tr_1_tl_23_w2" custom="readingOrder {index:1;}">
                    <Coords points="394,1667 394,1727 443,1727 443,1667"/>
                    <TextEquiv>
                        <Unicode>He</Unicode>
                    </TextEquiv>
                </Word>
                <Word id="tr_1_tl_23_w3" custom="readingOrder {index:2;}">
                    <Coords points="470,1667 470,1727 527,1727 527,1667"/>
                    <TextEquiv>
                        <Unicode>was</Unicode>
                    </TextEquiv>
                </Word>
                <Word id="tr_1_tl_23_w4" custom="readingOrder {index:3;}">
                    <Coords points="554,1667 554,1727 682,1727 682,1667"/>
                    <TextEquiv>
                        <Unicode>himself</Unicode>
                    </TextEquiv>
                </Word>
                <Word id="tr_1_tl_23_w5" custom="readingOrder {index:4;}">
                    <Coords points="704,1667 704,1727 718,1727 718,1667"/>
                    <TextEquiv>
                        <Unicode>a</Unicode>
                    </TextEquiv>
                </Word>
                <Word id="tr_1_tl_23_w6" custom="readingOrder {index:5;}">
                    <Coords points="749,1667 749,1727 926,1727 926,1667"/>
                    <TextEquiv>
                        <Unicode>physician,</Unicode>
                    </TextEquiv>
                </Word>
                <Word id="tr_1_tl_23_w7" custom="readingOrder {index:6;}">
                    <Coords points="944,1670 944,1730 992,1730 992,1670"/>
                    <TextEquiv>
                        <Unicode>al¬</Unicode>
                    </TextEquiv>
                </Word>
                <TextEquiv>
                    <Unicode>side. He was himself a physician, al¬</Unicode>
                </TextEquiv>
            </TextLine>
            <TextLine id="tr_1_tl_24" custom="readingOrder {index:23;}">
                <Coords points="287,1754 986,1758 976,1718 287,1717"/>
                <Baseline points="292,1742 326,1744 361,1745 396,1745 431,1745 465,1745 500,1745 535,1745 570,1745 604,1745 639,1745 674,1747 709,1747 743,1745 778,1748 813,1748 848,1748 882,1748 917,1748 952,1750 987,1751"/>
                <Word id="tr_1_tl_24_w1" custom="readingOrder {index:0;}">
                    <Coords points="285,1704 285,1764 396,1764 396,1704"/>
                    <TextEquiv>
                        <Unicode>though</Unicode>
                    </TextEquiv>
                </Word>
                <Word id="tr_1_tl_24_w2" custom="readingOrder {index:1;}">
                    <Coords points="427,1705 427,1765 461,1765 461,1705"/>
                    <TextEquiv>
                        <Unicode>he</Unicode>
                    </TextEquiv>
                </Word>
                <Word id="tr_1_tl_24_w3" custom="readingOrder {index:2;}">
                    <Coords points="483,1705 483,1765 538,1765 538,1705"/>
                    <TextEquiv>
                        <Unicode>had</Unicode>
                    </TextEquiv>
                </Word>
                <Word id="tr_1_tl_24_w4" custom="readingOrder {index:3;}">
                    <Coords points="569,1705 569,1765 633,1765 633,1705"/>
                    <TextEquiv>
                        <Unicode>long</Unicode>
                    </TextEquiv>
                </Word>
                <Word id="tr_1_tl_24_w5" custom="readingOrder {index:4;}">
                    <Coords points="659,1707 659,1767 741,1767 741,1707"/>
                    <TextEquiv>
                        <Unicode>since</Unicode>
                    </TextEquiv>
                </Word>
                <Word id="tr_1_tl_24_w6" custom="readingOrder {index:5;}">
                    <Coords points="767,1708 767,1768 848,1768 848,1708"/>
                    <TextEquiv>
                        <Unicode>given</Unicode>
                    </TextEquiv>
                </Word>
                <Word id="tr_1_tl_24_w7" custom="readingOrder {index:6;}">
                    <Coords points="879,1708 879,1768 913,1768 913,1708"/>
                    <TextEquiv>
                        <Unicode>up</Unicode>
                    </TextEquiv>
                </Word>
                <Word id="tr_1_tl_24_w8" custom="readingOrder {index:7;}">
                    <Coords points="939,1710 939,1770 990,1770 990,1710"/>
                    <TextEquiv>
                        <Unicode>ac¬</Unicode>
                    </TextEquiv>
                </Word>
                <TextEquiv>
                    <Unicode>though he had long since given up ac¬</Unicode>
                </TextEquiv>
            </TextLine>
            <TextLine id="tr_1_tl_25" custom="readingOrder {index:24;}">
                <Coords points="284,1791 961,1801 991,1794 990,1758 283,1756"/>
                <Baseline points="289,1787 324,1787 359,1785 394,1784 429,1784 465,1787 500,1787 535,1786 570,1785 605,1787 641,1787 676,1787 711,1786 746,1784 781,1784 817,1786 852,1787 887,1787 922,1787 957,1790 993,1787"/>
                <Word id="tr_1_tl_25_w1" custom="readingOrder {index:0;}">
                    <Coords points="285,1747 285,1807 343,1807 343,1747"/>
                    <TextEquiv>
                        <Unicode>tive</Unicode>
                    </TextEquiv>
                </Word>
                <Word id="tr_1_tl_25_w2" custom="readingOrder {index:1;}">
                    <Coords points="364,1744 364,1804 498,1804 498,1744"/>
                    <TextEquiv>
                        <Unicode>practice</Unicode>
                    </TextEquiv>
                </Word>
                <Word id="tr_1_tl_25_w3" custom="readingOrder {index:2;}">
                    <Coords points="523,1745 523,1805 548,1805 548,1745"/>
                    <TextEquiv>
                        <Unicode>in</Unicode>
                    </TextEquiv>
                </Word>
                <Word id="tr_1_tl_25_w4" custom="readingOrder {index:3;}">
                    <Coords points="577,1747 577,1807 665,1807 665,1747"/>
                    <TextEquiv>
                        <Unicode>order</Unicode>
                    </TextEquiv>
                </Word>
                <Word id="tr_1_tl_25_w5" custom="readingOrder {index:4;}">
                    <Coords points="691,1746 691,1806 719,1806 719,1746"/>
                    <TextEquiv>
                        <Unicode>to</Unicode>
                    </TextEquiv>
                </Word>
                <Word id="tr_1_tl_25_w6" custom="readingOrder {index:5;}">
                    <Coords points="745,1744 745,1804 849,1804 849,1744"/>
                    <TextEquiv>
                        <Unicode>devote</Unicode>
                    </TextEquiv>
                </Word>
                <Word id="tr_1_tl_25_w7" custom="readingOrder {index:6;}">
                    <Coords points="875,1747 875,1807 920,1807 920,1747"/>
                    <TextEquiv>
                        <Unicode>all</Unicode>
                    </TextEquiv>
                </Word>
                <Word id="tr_1_tl_25_w8" custom="readingOrder {index:7;}">
                    <Coords points="942,1749 942,1809 987,1809 987,1749"/>
                    <TextEquiv>
                        <Unicode>his</Unicode>
                    </TextEquiv>
                </Word>
                <TextEquiv>
                    <Unicode>tive practice in order to devote all his</Unicode>
                </TextEquiv>
            </TextLine>
            <TextLine id="tr_1_tl_26" custom="readingOrder {index:25;}">
                <Coords points="284,1833 991,1834 981,1796 284,1791"/>
                <Baseline points="289,1823 324,1825 359,1824 394,1823 429,1823 465,1826 500,1826 535,1826 570,1826 605,1826 641,1826 676,1826 711,1826 746,1826 781,1826 817,1826 852,1826 887,1826 922,1826 957,1826 993,1823"/>
                <Word id="tr_1_tl_26_w1" custom="readingOrder {index:0;}">
                    <Coords points="282,1784 282,1844 350,1844 350,1784"/>
                    <TextEquiv>
                        <Unicode>time</Unicode>
                    </TextEquiv>
                </Word>
                <Word id="tr_1_tl_26_w2" custom="readingOrder {index:1;}">
                    <Coords points="381,1783 381,1843 411,1843 411,1783"/>
                    <TextEquiv>
                        <Unicode>to</Unicode>
                    </TextEquiv>
                </Word>
                <Word id="tr_1_tl_26_w3" custom="readingOrder {index:2;}">
                    <Coords points="437,1786 437,1846 578,1846 578,1786"/>
                    <TextEquiv>
                        <Unicode>writing.</Unicode>
                    </TextEquiv>
                </Word>
                <Word id="tr_1_tl_26_w4" custom="readingOrder {index:3;}">
                    <Coords points="604,1786 604,1846 638,1846 638,1786"/>
                    <TextEquiv>
                        <Unicode>In</Unicode>
                    </TextEquiv>
                </Word>
                <Word id="tr_1_tl_26_w5" custom="readingOrder {index:4;}">
                    <Coords points="673,1786 673,1846 737,1846 737,1786"/>
                    <TextEquiv>
                        <Unicode>1908</Unicode>
                    </TextEquiv>
                </Word>
                <Word id="tr_1_tl_26_w6" custom="readingOrder {index:5;}">
                    <Coords points="768,1786 768,1846 806,1846 806,1786"/>
                    <TextEquiv>
                        <Unicode>he</Unicode>
                    </TextEquiv>
                </Word>
                <Word id="tr_1_tl_26_w7" custom="readingOrder {index:6;}">
                    <Coords points="837,1786 837,1846 892,1846 892,1786"/>
                    <TextEquiv>
                        <Unicode>won</Unicode>
                    </TextEquiv>
                </Word>
                <Word id="tr_1_tl_26_w8" custom="readingOrder {index:7;}">
                    <Coords points="931,1786 931,1846 978,1846 978,1786"/>
                    <TextEquiv>
                        <Unicode>the</Unicode>
                    </TextEquiv>
                </Word>
                <TextEquiv>
                    <Unicode>time to writing. In 1908 he won the</Unicode>
                </TextEquiv>
            </TextLine>
            <TextLine id="tr_1_tl_27" custom="readingOrder {index:26;}">
                <Coords points="281,1872 995,1883 995,1840 919,1828 281,1831"/>
                <Baseline points="286,1862 321,1864 357,1865 392,1865 428,1865 463,1865 499,1865 534,1865 570,1865 605,1865 641,1865 676,1865 712,1865 747,1865 783,1865 818,1865 854,1865 889,1865 925,1865 960,1865 996,1868"/>
                <Word id="tr_1_tl_27_w1" custom="readingOrder {index:0;}">
                    <Coords points="283,1825 283,1885 472,1885 472,1825"/>
                    <TextEquiv>
                        <Unicode>Grillparzer</Unicode>
                    </TextEquiv>
                </Word>
                <Word id="tr_1_tl_27_w2" custom="readingOrder {index:1;}">
                    <Coords points="502,1825 502,1885 579,1885 579,1825"/>
                    <TextEquiv>
                        <Unicode>prize</Unicode>
                    </TextEquiv>
                </Word>
                <Word id="tr_1_tl_27_w3" custom="readingOrder {index:2;}">
                    <Coords points="610,1825 610,1885 669,1885 669,1825"/>
                    <TextEquiv>
                        <Unicode>and</Unicode>
                    </TextEquiv>
                </Word>
                <Word id="tr_1_tl_27_w4" custom="readingOrder {index:3;}">
                    <Coords points="704,1825 704,1885 759,1885 759,1825"/>
                    <TextEquiv>
                        <Unicode>had</Unicode>
                    </TextEquiv>
                </Word>
                <Word id="tr_1_tl_27_w5" custom="readingOrder {index:4;}">
                    <Coords points="794,1825 794,1885 875,1885 875,1825"/>
                    <TextEquiv>
                        <Unicode>since</Unicode>
                    </TextEquiv>
                </Word>
                <Word id="tr_1_tl_27_w6" custom="readingOrder {index:5;}">
                    <Coords points="910,1825 910,1885 974,1885 974,1825"/>
                    <TextEquiv>
                        <Unicode>been</Unicode>
                    </TextEquiv>
                </Word>
                <TextEquiv>
                    <Unicode>Grillparzer prize and had since been</Unicode>
                </TextEquiv>
            </TextLine>
            <TextLine id="tr_1_tl_28" custom="readingOrder {index:27;}">
                <Coords points="287,1910 562,1939 665,1913 991,1929 991,1883 931,1873 287,1871"/>
                <Baseline points="292,1904 327,1904 362,1904 397,1904 432,1904 467,1904 502,1904 537,1904 572,1904 607,1904 642,1904 677,1904 712,1904 747,1904 782,1904 817,1906 852,1907 887,1907 922,1907 957,1907 993,1904"/>
                <Word id="tr_1_tl_28_w1" custom="readingOrder {index:0;}">
                    <Coords points="285,1864 285,1924 333,1924 333,1864"/>
                    <TextEquiv>
                        <Unicode>the</Unicode>
                    </TextEquiv>
                </Word>
                <Word id="tr_1_tl_28_w2" custom="readingOrder {index:1;}">
                    <Coords points="356,1864 356,1924 474,1924 474,1864"/>
                    <TextEquiv>
                        <Unicode>subject</Unicode>
                    </TextEquiv>
                </Word>
                <Word id="tr_1_tl_28_w3" custom="readingOrder {index:2;}">
                    <Coords points="492,1864 492,1924 523,1924 523,1864"/>
                    <TextEquiv>
                        <Unicode>of</Unicode>
                    </TextEquiv>
                </Word>
                <Word id="tr_1_tl_28_w4" custom="readingOrder {index:3;}">
                    <Coords points="537,1864 537,1924 708,1924 708,1864"/>
                    <TextEquiv>
                        <Unicode>numerous</Unicode>
                    </TextEquiv>
                </Word>
                <Word id="tr_1_tl_28_w5" custom="readingOrder {index:4;}">
                    <Coords points="726,1864 726,1924 828,1924 828,1864"/>
                    <TextEquiv>
                        <Unicode>essays</Unicode>
                    </TextEquiv>
                </Word>
                <Word id="tr_1_tl_28_w6" custom="readingOrder {index:5;}">
                    <Coords points="846,1867 846,1927 898,1927 898,1867"/>
                    <TextEquiv>
                        <Unicode>and</Unicode>
                    </TextEquiv>
                </Word>
                <Word id="tr_1_tl_28_w7" custom="readingOrder {index:6;}">
                    <Coords points="925,1867 925,1927 986,1927 986,1867"/>
                    <TextEquiv>
                        <Unicode>mo¬</Unicode>
                    </TextEquiv>
                </Word>
                <TextEquiv>
                    <Unicode>the subject of numerous essays and mo¬</Unicode>
                </TextEquiv>
            </TextLine>
            <TextLine id="tr_1_tl_29" custom="readingOrder {index:28;}">
                <Coords points="287,1958 320,1954 337,1968 347,1959 365,1965 385,1954 404,1971 437,1976 465,1968 466,1919 434,1924 408,1911 374,1923 359,1911 331,1924 315,1916 287,1919"/>
                <Baseline points="292,1945 317,1945 342,1945 367,1945 392,1945 417,1945 442,1944 468,1942"/>
                <Word id="tr_1_tl_29_w1" custom="readingOrder {index:0;}">
                    <Coords points="287,1905 287,1965 459,1965 459,1905"/>
                    <TextEquiv>
                        <Unicode>nographs.</Unicode>
                    </TextEquiv>
                </Word>
                <TextEquiv>
                    <Unicode>nographs.</Unicode>
                </TextEquiv>
            </TextLine>
            <TextLine id="tr_1_tl_30" custom="readingOrder {index:29;}">
                <Coords points="415,2027 741,2029 791,2045 857,2031 848,1978 823,1993 756,1974 597,2000 527,1976 482,2000 415,1985"/>
                <Baseline points="420,2020 445,2020 471,2020 497,2020 523,2020 549,2020 574,2020 600,2020 626,2020 652,2020 678,2020 704,2021 729,2023 755,2023 781,2023 807,2021 833,2020 859,2020"/>
                <Word id="tr_1_tl_30_w1" custom="readingOrder {index:0;}">
                    <Coords points="419,1980 419,2040 543,2040 543,1980"/>
                    <TextEquiv>
                        <Unicode>Ranked</Unicode>
                    </TextEquiv>
                </Word>
                <Word id="tr_1_tl_30_w2" custom="readingOrder {index:1;}">
                    <Coords points="568,1980 568,2040 601,2040 601,1980"/>
                    <TextEquiv>
                        <Unicode>as</Unicode>
                    </TextEquiv>
                </Word>
                <Word id="tr_1_tl_30_w3" custom="readingOrder {index:2;}">
                    <Coords points="621,1980 621,2040 716,2040 716,1980"/>
                    <TextEquiv>
                        <Unicode>Great</Unicode>
                    </TextEquiv>
                </Word>
                <Word id="tr_1_tl_30_w4" custom="readingOrder {index:3;}">
                    <Coords points="736,1982 736,2042 846,2042 846,1982"/>
                    <TextEquiv>
                        <Unicode>Artist.</Unicode>
                    </TextEquiv>
                </Word>
                <TextEquiv>
                    <Unicode>Ranked as Great Artist.</Unicode>
                </TextEquiv>
            </TextLine>
            <TextLine id="tr_1_tl_31" custom="readingOrder {index:30;}">
                <Coords points="287,2083 988,2081 988,2047 865,2027 705,2052 666,2032 287,2033"/>
                <Baseline points="292,2065 326,2070 361,2071 396,2070 431,2068 466,2068 501,2070 536,2071 571,2070 606,2068 641,2068 675,2070 710,2071 745,2071 780,2071 815,2069 850,2069 885,2071 920,2071 955,2071 990,2071"/>
                <Word id="tr_1_tl_31_w1" custom="readingOrder {index:0;}">
                    <Coords points="305,2029 305,2089 506,2089 506,2029"/>
                    <TextEquiv>
                        <Unicode>Dramatist,</Unicode>
                    </TextEquiv>
                </Word>
                <Word id="tr_1_tl_31_w2" custom="readingOrder {index:1;}">
                    <Coords points="521,2028 521,2088 670,2088 670,2028"/>
                    <TextEquiv>
                        <Unicode>novelist,</Unicode>
                    </TextEquiv>
                </Word>
                <Word id="tr_1_tl_31_w3" custom="readingOrder {index:2;}">
                    <Coords points="680,2031 680,2091 766,2091 766,2031"/>
                    <TextEquiv>
                        <Unicode>poet,</Unicode>
                    </TextEquiv>
                </Word>
                <Word id="tr_1_tl_31_w4" custom="readingOrder {index:3;}">
                    <Coords points="781,2030 781,2090 982,2090 982,2030"/>
                    <TextEquiv>
                        <Unicode>wit—Arthur</Unicode>
                    </TextEquiv>
                </Word>
                <TextEquiv>
                    <Unicode>Dramatist, novelist, poet, wit—Arthur</Unicode>
                </TextEquiv>
            </TextLine>
            <TextLine id="tr_1_tl_32" custom="readingOrder {index:31;}">
                <Coords points="281,2110 991,2117 991,2081 940,2076 281,2082"/>
                <Baseline points="286,2104 321,2109 356,2108 392,2107 427,2107 462,2107 498,2107 533,2107 568,2107 604,2107 639,2107 674,2109 710,2109 745,2107 780,2107 816,2107 851,2107 886,2108 922,2110 957,2110 993,2107"/>
                <Word id="tr_1_tl_32_w1" custom="readingOrder {index:0;}">
                    <Coords points="284,2067 284,2127 473,2127 473,2067"/>
                    <TextEquiv>
                        <Unicode>Schuitzler,</Unicode>
                    </TextEquiv>
                </Word>
                <Word id="tr_1_tl_32_w2" custom="readingOrder {index:1;}">
                    <Coords points="492,2067 492,2127 540,2127 540,2067"/>
                    <TextEquiv>
                        <Unicode>the</Unicode>
                    </TextEquiv>
                </Word>
                <Word id="tr_1_tl_32_w3" custom="readingOrder {index:2;}">
                    <Coords points="567,2067 567,2127 681,2127 681,2067"/>
                    <TextEquiv>
                        <Unicode>author</Unicode>
                    </TextEquiv>
                </Word>
                <Word id="tr_1_tl_32_w4" custom="readingOrder {index:3;}">
                    <Coords points="708,2067 708,2127 809,2127 809,2067"/>
                    <TextEquiv>
                        <Unicode>whose</Unicode>
                    </TextEquiv>
                </Word>
                <Word id="tr_1_tl_32_w5" custom="readingOrder {index:4;}">
                    <Coords points="837,2067 837,2127 911,2127 911,2067"/>
                    <TextEquiv>
                        <Unicode>work</Unicode>
                    </TextEquiv>
                </Word>
                <Word id="tr_1_tl_32_w6" custom="readingOrder {index:5;}">
                    <Coords points="943,2069 943,2129 991,2129 991,2069"/>
                    <TextEquiv>
                        <Unicode>ty-</Unicode>
                    </TextEquiv>
                </Word>
                <TextEquiv>
                    <Unicode>Schuitzler, the author whose work ty-</Unicode>
                </TextEquiv>
            </TextLine>
            <TextLine id="tr_1_tl_33" custom="readingOrder {index:32;}">
                <Coords points="284,2162 994,2157 974,2115 284,2110"/>
                <Baseline points="289,2154 324,2148 359,2148 395,2148 430,2148 465,2148 501,2145 536,2147 571,2148 607,2148 642,2148 677,2148 713,2148 748,2148 783,2148 819,2148 854,2148 889,2148 925,2148 960,2149 996,2151"/>
                <Word id="tr_1_tl_33_w1" custom="readingOrder {index:0;}">
                    <Coords points="283,2108 283,2168 370,2168 370,2108"/>
                    <TextEquiv>
                        <Unicode>pified</Unicode>
                    </TextEquiv>
                </Word>
                <Word id="tr_1_tl_33_w2" custom="readingOrder {index:1;}">
                    <Coords points="399,2108 399,2168 444,2168 444,2108"/>
                    <TextEquiv>
                        <Unicode>the</Unicode>
                    </TextEquiv>
                </Word>
                <Word id="tr_1_tl_33_w3" custom="readingOrder {index:2;}">
                    <Coords points="464,2105 464,2165 528,2165 528,2105"/>
                    <TextEquiv>
                        <Unicode>easy</Unicode>
                    </TextEquiv>
                </Word>
                <Word id="tr_1_tl_33_w4" custom="readingOrder {index:3;}">
                    <Coords points="552,2108 552,2168 635,2168 635,2108"/>
                    <TextEquiv>
                        <Unicode>grace</Unicode>
                    </TextEquiv>
                </Word>
                <Word id="tr_1_tl_33_w5" custom="readingOrder {index:4;}">
                    <Coords points="659,2108 659,2168 714,2168 714,2108"/>
                    <TextEquiv>
                        <Unicode>and</Unicode>
                    </TextEquiv>
                </Word>
                <Word id="tr_1_tl_33_w6" custom="readingOrder {index:5;}">
                    <Coords points="738,2108 738,2168 859,2168 859,2108"/>
                    <TextEquiv>
                        <Unicode>mature</Unicode>
                    </TextEquiv>
                </Word>
                <Word id="tr_1_tl_33_w7" custom="readingOrder {index:6;}">
                    <Coords points="878,2108 878,2168 965,2168 965,2108"/>
                    <TextEquiv>
                        <Unicode>charm</Unicode>
                    </TextEquiv>
                </Word>
                <TextEquiv>
                    <Unicode>pified the easy grace and mature charm</Unicode>
                </TextEquiv>
            </TextLine>
            <TextLine id="tr_1_tl_34" custom="readingOrder {index:33;}">
                <Coords points="281,2194 991,2197 991,2157 281,2164"/>
                <Baseline points="286,2184 321,2186 356,2187 392,2187 427,2187 462,2187 498,2185 533,2186 568,2187 604,2187 639,2187 674,2187 710,2187 745,2187 780,2187 816,2184 851,2184 886,2185 922,2187 957,2187 993,2187"/>
                <Word id="tr_1_tl_34_w1" custom="readingOrder {index:0;}">
                    <Coords points="283,2144 283,2204 313,2204 313,2144"/>
                    <TextEquiv>
                        <Unicode>of</Unicode>
                    </TextEquiv>
                </Word>
                <Word id="tr_1_tl_34_w2" custom="readingOrder {index:1;}">
                    <Coords points="335,2147 335,2207 467,2207 467,2147"/>
                    <TextEquiv>
                        <Unicode>Vienna,</Unicode>
                    </TextEquiv>
                </Word>
                <Word id="tr_1_tl_34_w3" custom="readingOrder {index:2;}">
                    <Coords points="485,2145 485,2205 540,2205 540,2145"/>
                    <TextEquiv>
                        <Unicode>was</Unicode>
                    </TextEquiv>
                </Word>
                <Word id="tr_1_tl_34_w4" custom="readingOrder {index:3;}">
                    <Coords points="563,2147 563,2207 708,2207 708,2147"/>
                    <TextEquiv>
                        <Unicode>regarded</Unicode>
                    </TextEquiv>
                </Word>
                <Word id="tr_1_tl_34_w5" custom="readingOrder {index:4;}">
                    <Coords points="734,2147 734,2207 764,2207 764,2147"/>
                    <TextEquiv>
                        <Unicode>as</Unicode>
                    </TextEquiv>
                </Word>
                <Word id="tr_1_tl_34_w6" custom="readingOrder {index:5;}">
                    <Coords points="786,2146 786,2206 798,2206 798,2146"/>
                    <TextEquiv>
                        <Unicode>a</Unicode>
                    </TextEquiv>
                </Word>
                <Word id="tr_1_tl_34_w7" custom="readingOrder {index:6;}">
                    <Coords points="824,2144 824,2204 923,2204 923,2144"/>
                    <TextEquiv>
                        <Unicode>writer</Unicode>
                    </TextEquiv>
                </Word>
                <Word id="tr_1_tl_34_w8" custom="readingOrder {index:7;}">
                    <Coords points="945,2147 945,2207 974,2207 974,2147"/>
                    <TextEquiv>
                        <Unicode>on</Unicode>
                    </TextEquiv>
                </Word>
                <TextEquiv>
                    <Unicode>of Vienna, was regarded as a writer on</Unicode>
                </TextEquiv>
            </TextLine>
            <TextLine id="tr_1_tl_35" custom="readingOrder {index:34;}">
                <Coords points="281,2236 997,2238 997,2196 945,2193 281,2207"/>
                <Baseline points="286,2226 321,2226 357,2226 392,2226 428,2226 464,2226 499,2226 535,2226 571,2226 606,2226 642,2226 678,2226 713,2226 749,2226 785,2226 820,2226 856,2226 892,2226 927,2227 963,2229 999,2229"/>
                <Word id="tr_1_tl_35_w1" custom="readingOrder {index:0;}">
                    <Coords points="283,2186 283,2246 442,2246 442,2186"/>
                    <TextEquiv>
                        <Unicode>universal</Unicode>
                    </TextEquiv>
                </Word>
                <Word id="tr_1_tl_35_w2" custom="readingOrder {index:1;}">
                    <Coords points="460,2186 460,2246 580,2246 580,2186"/>
                    <TextEquiv>
                        <Unicode>themes</Unicode>
                    </TextEquiv>
                </Word>
                <Word id="tr_1_tl_35_w3" custom="readingOrder {index:2;}">
                    <Coords points="602,2186 602,2246 657,2246 657,2186"/>
                    <TextEquiv>
                        <Unicode>and</Unicode>
                    </TextEquiv>
                </Word>
                <Word id="tr_1_tl_35_w4" custom="readingOrder {index:3;}">
                    <Coords points="683,2186 683,2246 713,2246 713,2186"/>
                    <TextEquiv>
                        <Unicode>at</Unicode>
                    </TextEquiv>
                </Word>
                <Word id="tr_1_tl_35_w5" custom="readingOrder {index:4;}">
                    <Coords points="735,2186 735,2246 782,2246 782,2186"/>
                    <TextEquiv>
                        <Unicode>the</Unicode>
                    </TextEquiv>
                </Word>
                <Word id="tr_1_tl_35_w6" custom="readingOrder {index:5;}">
                    <Coords points="808,2186 808,2246 890,2246 890,2186"/>
                    <TextEquiv>
                        <Unicode>same</Unicode>
                    </TextEquiv>
                </Word>
                <Word id="tr_1_tl_35_w7" custom="readingOrder {index:6;}">
                    <Coords points="912,2188 912,2248 984,2248 984,2188"/>
                    <TextEquiv>
                        <Unicode>time</Unicode>
                    </TextEquiv>
                </Word>
                <TextEquiv>
                    <Unicode>universal themes and at the same time</Unicode>
                </TextEquiv>
            </TextLine>
            <TextLine id="tr_1_tl_36" custom="readingOrder {index:35;}">
                <Coords points="284,2280 925,2285 991,2265 977,2234 284,2238"/>
                <Baseline points="289,2265 324,2265 359,2265 394,2265 429,2265 465,2265 500,2265 535,2267 570,2268 605,2267 641,2265 676,2265 711,2265 746,2265 781,2265 817,2265 852,2265 887,2265 922,2266 957,2267 993,2262"/>
                <Word id="tr_1_tl_36_w1" custom="readingOrder {index:0;}">
                    <Coords points="283,2225 283,2285 343,2285 343,2225"/>
                    <TextEquiv>
                        <Unicode>was</Unicode>
                    </TextEquiv>
                </Word>
                <Word id="tr_1_tl_36_w2" custom="readingOrder {index:1;}">
                    <Coords points="367,2225 367,2285 418,2285 418,2225"/>
                    <TextEquiv>
                        <Unicode>the</Unicode>
                    </TextEquiv>
                </Word>
                <Word id="tr_1_tl_36_w3" custom="readingOrder {index:2;}">
                    <Coords points="447,2225 447,2285 517,2285 517,2225"/>
                    <TextEquiv>
                        <Unicode>very</Unicode>
                    </TextEquiv>
                </Word>
                <Word id="tr_1_tl_36_w4" custom="readingOrder {index:3;}">
                    <Coords points="541,2225 541,2285 761,2285 761,2225"/>
                    <TextEquiv>
                        <Unicode>quintessence</Unicode>
                    </TextEquiv>
                </Word>
                <Word id="tr_1_tl_36_w5" custom="readingOrder {index:4;}">
                    <Coords points="789,2225 789,2285 821,2285 821,2225"/>
                    <TextEquiv>
                        <Unicode>of</Unicode>
                    </TextEquiv>
                </Word>
                <Word id="tr_1_tl_36_w6" custom="readingOrder {index:5;}">
                    <Coords points="845,2225 845,2285 897,2285 897,2225"/>
                    <TextEquiv>
                        <Unicode>the</Unicode>
                    </TextEquiv>
                </Word>
                <Word id="tr_1_tl_36_w7" custom="readingOrder {index:6;}">
                    <Coords points="925,2226 925,2286 990,2286 990,2226"/>
                    <TextEquiv>
                        <Unicode>cul¬</Unicode>
                    </TextEquiv>
                </Word>
                <TextEquiv>
                    <Unicode>was the very quintessence of the cul¬</Unicode>
                </TextEquiv>
            </TextLine>
            <TextLine id="tr_1_tl_37" custom="readingOrder {index:36;}">
                <Coords points="287,2313 973,2323 997,2312 996,2265 925,2285 286,2279"/>
                <Baseline points="292,2304 327,2304 362,2304 398,2304 433,2304 468,2304 504,2304 539,2304 574,2304 610,2304 645,2304 680,2304 716,2305 751,2306 786,2304 822,2304 857,2304 892,2304 928,2305 963,2307 999,2307"/>
                <Word id="tr_1_tl_37_w1" custom="readingOrder {index:0;}">
                    <Coords points="284,2264 284,2324 364,2324 364,2264"/>
                    <TextEquiv>
                        <Unicode>tured</Unicode>
                    </TextEquiv>
                </Word>
                <Word id="tr_1_tl_37_w2" custom="readingOrder {index:1;}">
                    <Coords points="386,2264 386,2324 554,2324 554,2264"/>
                    <TextEquiv>
                        <Unicode>Viennese.</Unicode>
                    </TextEquiv>
                </Word>
                <Word id="tr_1_tl_37_w3" custom="readingOrder {index:2;}">
                    <Coords points="563,2264 563,2324 652,2324 652,2264"/>
                    <TextEquiv>
                        <Unicode>Since</Unicode>
                    </TextEquiv>
                </Word>
                <Word id="tr_1_tl_37_w4" custom="readingOrder {index:3;}">
                    <Coords points="674,2264 674,2324 722,2324 722,2264"/>
                    <TextEquiv>
                        <Unicode>the</Unicode>
                    </TextEquiv>
                </Word>
                <Word id="tr_1_tl_37_w5" custom="readingOrder {index:4;}">
                    <Coords points="741,2264 741,2324 926,2324 926,2264"/>
                    <TextEquiv>
                        <Unicode>publication</Unicode>
                    </TextEquiv>
                </Word>
                <Word id="tr_1_tl_37_w6" custom="readingOrder {index:5;}">
                    <Coords points="953,2267 953,2327 984,2327 984,2267"/>
                    <TextEquiv>
                        <Unicode>of</Unicode>
                    </TextEquiv>
                </Word>
                <TextEquiv>
                    <Unicode>tured Viennese. Since the publication of</Unicode>
                </TextEquiv>
            </TextLine>
            <TextLine id="tr_1_tl_38" custom="readingOrder {index:37;}">
                <Coords points="284,2360 994,2353 987,2311 284,2314"/>
                <Baseline points="289,2345 324,2342 359,2342 395,2342 430,2342 465,2342 501,2342 536,2342 571,2344 607,2344 642,2342 677,2342 713,2342 748,2342 783,2343 819,2345 854,2345 889,2345 925,2345 960,2344 996,2342"/>
                <Word id="tr_1_tl_38_w1" custom="readingOrder {index:0;}">
                    <Coords points="283,2303 283,2363 334,2363 334,2303"/>
                    <TextEquiv>
                        <Unicode>his</Unicode>
                    </TextEquiv>
                </Word>
                <Word id="tr_1_tl_38_w2" custom="readingOrder {index:1;}">
                    <Coords points="371,2302 371,2362 516,2362 516,2302"/>
                    <TextEquiv>
                        <Unicode>"Anatol“</Unicode>
                    </TextEquiv>
                </Word>
                <Word id="tr_1_tl_38_w3" custom="readingOrder {index:2;}">
                    <Coords points="549,2304 549,2364 633,2364 633,2304"/>
                    <TextEquiv>
                        <Unicode>cycle</Unicode>
                    </TextEquiv>
                </Word>
                <Word id="tr_1_tl_38_w4" custom="readingOrder {index:3;}">
                    <Coords points="666,2302 666,2362 694,2362 694,2302"/>
                    <TextEquiv>
                        <Unicode>in</Unicode>
                    </TextEquiv>
                </Word>
                <Word id="tr_1_tl_38_w5" custom="readingOrder {index:4;}">
                    <Coords points="737,2302 737,2362 820,2362 820,2302"/>
                    <TextEquiv>
                        <Unicode>1898,</Unicode>
                    </TextEquiv>
                </Word>
                <Word id="tr_1_tl_38_w6" custom="readingOrder {index:5;}">
                    <Coords points="844,2305 844,2365 886,2365 886,2305"/>
                    <TextEquiv>
                        <Unicode>he</Unicode>
                    </TextEquiv>
                </Word>
                <Word id="tr_1_tl_38_w7" custom="readingOrder {index:6;}">
                    <Coords points="924,2304 924,2364 979,2364 979,2304"/>
                    <TextEquiv>
                        <Unicode>had</Unicode>
                    </TextEquiv>
                </Word>
                <TextEquiv>
                    <Unicode>his "Anatol“ cycle in 1898, he had</Unicode>
                </TextEquiv>
            </TextLine>
            <TextLine id="tr_1_tl_39" custom="readingOrder {index:38;}">
                <Coords points="284,2399 991,2412 991,2353 284,2365"/>
                <Baseline points="289,2384 324,2384 359,2382 394,2381 429,2381 465,2384 500,2384 535,2384 570,2384 605,2384 641,2384 676,2382 711,2382 746,2384 781,2384 817,2382 852,2381 887,2382 922,2384 957,2384 993,2384"/>
                <Word id="tr_1_tl_39_w1" custom="readingOrder {index:0;}">
                    <Coords points="284,2343 284,2403 392,2403 392,2343"/>
                    <TextEquiv>
                        <Unicode>ranked</Unicode>
                    </TextEquiv>
                </Word>
                <Word id="tr_1_tl_39_w2" custom="readingOrder {index:1;}">
                    <Coords points="420,2344 420,2404 527,2404 527,2344"/>
                    <TextEquiv>
                        <Unicode>among</Unicode>
                    </TextEquiv>
                </Word>
                <Word id="tr_1_tl_39_w3" custom="readingOrder {index:2;}">
                    <Coords points="555,2344 555,2404 603,2404 603,2344"/>
                    <TextEquiv>
                        <Unicode>the</Unicode>
                    </TextEquiv>
                </Word>
                <Word id="tr_1_tl_39_w4" custom="readingOrder {index:3;}">
                    <Coords points="625,2342 625,2402 712,2402 712,2342"/>
                    <TextEquiv>
                        <Unicode>great</Unicode>
                    </TextEquiv>
                </Word>
                <Word id="tr_1_tl_39_w5" custom="readingOrder {index:4;}">
                    <Coords points="729,2343 729,2403 853,2403 853,2343"/>
                    <TextEquiv>
                        <Unicode>literary</Unicode>
                    </TextEquiv>
                </Word>
                <Word id="tr_1_tl_39_w6" custom="readingOrder {index:5;}">
                    <Coords points="881,2344 881,2404 983,2404 983,2344"/>
                    <TextEquiv>
                        <Unicode>artists</Unicode>
                    </TextEquiv>
                </Word>
                <TextEquiv>
                    <Unicode>ranked among the great literary artists</Unicode>
                </TextEquiv>
            </TextLine>
            <TextLine id="tr_1_tl_40" custom="readingOrder {index:39;}">
                <Coords points="281,2432 405,2429 426,2441 457,2428 473,2435 513,2430 523,2427 524,2389 447,2400 420,2392 399,2404 384,2394 303,2397 282,2388"/>
                <Baseline points="286,2423 312,2423 339,2423 365,2422 392,2420 418,2422 445,2423 471,2423 498,2422 525,2420"/>
                <Word id="tr_1_tl_40_w1" custom="readingOrder {index:0;}">
                    <Coords points="284,2383 284,2443 316,2443 316,2383"/>
                    <TextEquiv>
                        <Unicode>of</Unicode>
                    </TextEquiv>
                </Word>
                <Word id="tr_1_tl_40_w2" custom="readingOrder {index:1;}">
                    <Coords points="335,2382 335,2442 385,2442 385,2382"/>
                    <TextEquiv>
                        <Unicode>the</Unicode>
                    </TextEquiv>
                </Word>
                <Word id="tr_1_tl_40_w3" custom="readingOrder {index:2;}">
                    <Coords points="409,2383 409,2443 514,2443 514,2383"/>
                    <TextEquiv>
                        <Unicode>world.</Unicode>
                    </TextEquiv>
                </Word>
                <TextEquiv>
                    <Unicode>of the world.</Unicode>
                </TextEquiv>
            </TextLine>
            <TextLine id="tr_1_tl_41" custom="readingOrder {index:40;}">
                <Coords points="317,2469 991,2466 991,2412 965,2409 725,2415 631,2445 524,2422 317,2436"/>
                <Baseline points="322,2462 355,2462 389,2460 422,2460 456,2462 489,2462 523,2462 556,2462 590,2462 623,2460 657,2460 691,2462 724,2462 758,2462 791,2461 825,2460 858,2462 892,2462 925,2462 959,2462 993,2462"/>
                <Word id="tr_1_tl_41_w1" custom="readingOrder {index:0;}">
                    <Coords points="318,2422 318,2482 346,2482 346,2422"/>
                    <TextEquiv>
                        <Unicode>If</Unicode>
                    </TextEquiv>
                </Word>
                <Word id="tr_1_tl_41_w2" custom="readingOrder {index:1;}">
                    <Coords points="370,2420 370,2480 422,2480 422,2420"/>
                    <TextEquiv>
                        <Unicode>his</Unicode>
                    </TextEquiv>
                </Word>
                <Word id="tr_1_tl_41_w3" custom="readingOrder {index:2;}">
                    <Coords points="446,2422 446,2482 603,2482 603,2422"/>
                    <TextEquiv>
                        <Unicode>following</Unicode>
                    </TextEquiv>
                </Word>
                <Word id="tr_1_tl_41_w4" custom="readingOrder {index:3;}">
                    <Coords points="639,2420 639,2480 696,2480 696,2420"/>
                    <TextEquiv>
                        <Unicode>was</Unicode>
                    </TextEquiv>
                </Word>
                <Word id="tr_1_tl_41_w5" custom="readingOrder {index:4;}">
                    <Coords points="726,2421 726,2481 825,2481 825,2421"/>
                    <TextEquiv>
                        <Unicode>small</Unicode>
                    </TextEquiv>
                </Word>
                <Word id="tr_1_tl_41_w6" custom="readingOrder {index:5;}">
                    <Coords points="843,2422 843,2482 877,2482 877,2422"/>
                    <TextEquiv>
                        <Unicode>as</Unicode>
                    </TextEquiv>
                </Word>
                <Word id="tr_1_tl_41_w7" custom="readingOrder {index:6;}">
                    <Coords points="907,2422 907,2482 993,2482 993,2422"/>
                    <TextEquiv>
                        <Unicode>com¬</Unicode>
                    </TextEquiv>
                </Word>
                <TextEquiv>
                    <Unicode>If his following was small as com¬</Unicode>
                </TextEquiv>
            </TextLine>
            <TextLine id="tr_1_tl_42" custom="readingOrder {index:41;}">
                <Coords points="287,2521 997,2517 997,2464 761,2487 287,2471"/>
                <Baseline points="292,2504 327,2501 362,2499 398,2500 433,2501 468,2501 504,2501 539,2501 574,2501 610,2500 645,2498 680,2501 716,2501 751,2502 786,2503 822,2501 857,2501 892,2501 928,2501 963,2501 999,2501"/>
                <Word id="tr_1_tl_42_w1" custom="readingOrder {index:0;}">
                    <Coords points="286,2460 286,2520 374,2520 374,2460"/>
                    <TextEquiv>
                        <Unicode>pared</Unicode>
                    </TextEquiv>
                </Word>
                <Word id="tr_1_tl_42_w2" custom="readingOrder {index:1;}">
                    <Coords points="403,2460 403,2520 430,2520 430,2460"/>
                    <TextEquiv>
                        <Unicode>to</Unicode>
                    </TextEquiv>
                </Word>
                <Word id="tr_1_tl_42_w3" custom="readingOrder {index:2;}">
                    <Coords points="459,2461 459,2521 552,2521 552,2461"/>
                    <TextEquiv>
                        <Unicode>many</Unicode>
                    </TextEquiv>
                </Word>
                <Word id="tr_1_tl_42_w4" custom="readingOrder {index:3;}">
                    <Coords points="580,2460 580,2520 631,2520 631,2460"/>
                    <TextEquiv>
                        <Unicode>far</Unicode>
                    </TextEquiv>
                </Word>
                <Word id="tr_1_tl_42_w5" custom="readingOrder {index:4;}">
                    <Coords points="655,2461 655,2521 739,2521 739,2461"/>
                    <TextEquiv>
                        <Unicode>more</Unicode>
                    </TextEquiv>
                </Word>
                <Word id="tr_1_tl_42_w6" custom="readingOrder {index:5;}">
                    <Coords points="767,2461 767,2521 898,2521 898,2461"/>
                    <TextEquiv>
                        <Unicode>popular</Unicode>
                    </TextEquiv>
                </Word>
                <Word id="tr_1_tl_42_w7" custom="readingOrder {index:6;}">
                    <Coords points="927,2461 927,2521 982,2521 982,2461"/>
                    <TextEquiv>
                        <Unicode>and</Unicode>
                    </TextEquiv>
                </Word>
                <TextEquiv>
                    <Unicode>pared to many far more popular and</Unicode>
                </TextEquiv>
            </TextLine>
            <TextLine id="tr_1_tl_43" custom="readingOrder {index:42;}">
                <Coords points="287,2548 994,2544 994,2518 915,2510 287,2521"/>
                <Baseline points="292,2539 327,2539 362,2537 397,2538 432,2539 468,2539 503,2539 538,2537 573,2538 608,2539 644,2539 679,2539 714,2539 749,2539 784,2539 820,2539 855,2539 890,2539 925,2539 960,2538 996,2536"/>
                <Word id="tr_1_tl_43_w1" custom="readingOrder {index:0;}">
                    <Coords points="281,2497 281,2557 463,2557 463,2497"/>
                    <TextEquiv>
                        <Unicode>ephemeral</Unicode>
                    </TextEquiv>
                </Word>
                <Word id="tr_1_tl_43_w2" custom="readingOrder {index:1;}">
                    <Coords points="477,2497 477,2557 597,2557 597,2497"/>
                    <TextEquiv>
                        <Unicode>writers</Unicode>
                    </TextEquiv>
                </Word>
                <Word id="tr_1_tl_43_w3" custom="readingOrder {index:2;}">
                    <Coords points="615,2499 615,2559 646,2559 646,2499"/>
                    <TextEquiv>
                        <Unicode>of</Unicode>
                    </TextEquiv>
                </Word>
                <Word id="tr_1_tl_43_w4" custom="readingOrder {index:3;}">
                    <Coords points="664,2499 664,2559 780,2559 780,2499"/>
                    <TextEquiv>
                        <Unicode>Europe</Unicode>
                    </TextEquiv>
                </Word>
                <Word id="tr_1_tl_43_w5" custom="readingOrder {index:4;}">
                    <Coords points="802,2499 802,2559 860,2559 860,2499"/>
                    <TextEquiv>
                        <Unicode>and</Unicode>
                    </TextEquiv>
                </Word>
                <Word id="tr_1_tl_43_w6" custom="readingOrder {index:5;}">
                    <Coords points="883,2498 883,2558 989,2558 989,2498"/>
                    <TextEquiv>
                        <Unicode>Amer¬</Unicode>
                    </TextEquiv>
                </Word>
                <TextEquiv>
                    <Unicode>ephemeral writers of Europe and Amer¬</Unicode>
                </TextEquiv>
            </TextLine>
            <TextLine id="tr_1_tl_44" custom="readingOrder {index:43;}">
                <Coords points="290,2595 997,2590 997,2544 290,2551"/>
                <Baseline points="295,2578 330,2578 365,2578 400,2578 435,2578 471,2578 506,2578 541,2578 576,2578 611,2578 647,2578 682,2578 717,2578 752,2578 787,2578 823,2578 858,2578 893,2578 928,2578 963,2578 999,2578"/>
                <Word id="tr_1_tl_44_w1" custom="readingOrder {index:0;}">
                    <Coords points="288,2538 288,2598 345,2598 345,2538"/>
                    <TextEquiv>
                        <Unicode>ica,</Unicode>
                    </TextEquiv>
                </Word>
                <Word id="tr_1_tl_44_w2" custom="readingOrder {index:1;}">
                    <Coords points="359,2538 359,2598 380,2598 380,2538"/>
                    <TextEquiv>
                        <Unicode>it</Unicode>
                    </TextEquiv>
                </Word>
                <Word id="tr_1_tl_44_w3" custom="readingOrder {index:2;}">
                    <Coords points="403,2538 403,2598 464,2598 464,2538"/>
                    <TextEquiv>
                        <Unicode>was</Unicode>
                    </TextEquiv>
                </Word>
                <Word id="tr_1_tl_44_w4" custom="readingOrder {index:3;}">
                    <Coords points="487,2538 487,2598 693,2598 693,2538"/>
                    <TextEquiv>
                        <Unicode>undoubtedly</Unicode>
                    </TextEquiv>
                </Word>
                <Word id="tr_1_tl_44_w5" custom="readingOrder {index:4;}">
                    <Coords points="720,2538 720,2598 750,2598 750,2538"/>
                    <TextEquiv>
                        <Unicode>as</Unicode>
                    </TextEquiv>
                </Word>
                <Word id="tr_1_tl_44_w6" custom="readingOrder {index:5;}">
                    <Coords points="773,2538 773,2598 865,2598 865,2538"/>
                    <TextEquiv>
                        <Unicode>select</Unicode>
                    </TextEquiv>
                </Word>
                <Word id="tr_1_tl_44_w7" custom="readingOrder {index:6;}">
                    <Coords points="888,2538 888,2598 922,2598 922,2538"/>
                    <TextEquiv>
                        <Unicode>as</Unicode>
                    </TextEquiv>
                </Word>
                <Word id="tr_1_tl_44_w8" custom="readingOrder {index:7;}">
                    <Coords points="945,2538 945,2598 975,2598 975,2538"/>
                    <TextEquiv>
                        <Unicode>an</Unicode>
                    </TextEquiv>
                </Word>
                <TextEquiv>
                    <Unicode>ica, it was undoubtedly as select as an</Unicode>
                </TextEquiv>
            </TextLine>
            <TextLine id="tr_1_tl_45" custom="readingOrder {index:44;}">
                <Coords points="281,2621 997,2624 997,2591 947,2586 281,2586"/>
                <Baseline points="286,2620 321,2620 357,2618 392,2617 428,2617 464,2617 499,2617 535,2617 571,2617 606,2617 642,2617 678,2617 713,2617 749,2617 785,2617 820,2617 856,2617 892,2617 927,2617 963,2617 999,2617"/>
                <Word id="tr_1_tl_45_w1" custom="readingOrder {index:0;}">
                    <Coords points="284,2579 284,2639 392,2639 392,2579"/>
                    <TextEquiv>
                        <Unicode>author</Unicode>
                    </TextEquiv>
                </Word>
                <Word id="tr_1_tl_45_w2" custom="readingOrder {index:1;}">
                    <Coords points="425,2577 425,2637 510,2637 510,2577"/>
                    <TextEquiv>
                        <Unicode>could</Unicode>
                    </TextEquiv>
                </Word>
                <Word id="tr_1_tl_45_w3" custom="readingOrder {index:2;}">
                    <Coords points="543,2577 543,2637 610,2637 610,2577"/>
                    <TextEquiv>
                        <Unicode>wish</Unicode>
                    </TextEquiv>
                </Word>
                <Word id="tr_1_tl_45_w4" custom="readingOrder {index:3;}">
                    <Coords points="648,2577 648,2637 711,2637 711,2577"/>
                    <TextEquiv>
                        <Unicode>for.</Unicode>
                    </TextEquiv>
                </Word>
                <Word id="tr_1_tl_45_w5" custom="readingOrder {index:4;}">
                    <Coords points="752,2577 752,2637 901,2637 901,2577"/>
                    <TextEquiv>
                        <Unicode>Realistic</Unicode>
                    </TextEquiv>
                </Word>
                <Word id="tr_1_tl_45_w6" custom="readingOrder {index:5;}">
                    <Coords points="929,2577 929,2637 987,2637 987,2577"/>
                    <TextEquiv>
                        <Unicode>but</Unicode>
                    </TextEquiv>
                </Word>
                <TextEquiv>
                    <Unicode>author could wish for. Realistic but</Unicode>
                </TextEquiv>
            </TextLine>
            <TextLine id="tr_1_tl_46" custom="readingOrder {index:45;}">
                <Coords points="281,2675 991,2664 991,2624 281,2621"/>
                <Baseline points="286,2656 321,2656 356,2656 392,2656 427,2656 462,2656 498,2656 533,2656 568,2656 604,2656 639,2656 674,2656 710,2656 745,2656 780,2656 816,2656 851,2656 886,2656 922,2656 957,2656 993,2656"/>
                <Word id="tr_1_tl_46_w1" custom="readingOrder {index:0;}">
                    <Coords points="284,2616 284,2676 374,2676 374,2616"/>
                    <TextEquiv>
                        <Unicode>never</Unicode>
                    </TextEquiv>
                </Word>
                <Word id="tr_1_tl_46_w2" custom="readingOrder {index:1;}">
                    <Coords points="402,2616 402,2676 501,2676 501,2616"/>
                    <TextEquiv>
                        <Unicode>crass,</Unicode>
                    </TextEquiv>
                </Word>
                <Word id="tr_1_tl_46_w3" custom="readingOrder {index:2;}">
                    <Coords points="520,2616 520,2676 569,2676 569,2616"/>
                    <TextEquiv>
                        <Unicode>his</Unicode>
                    </TextEquiv>
                </Word>
                <Word id="tr_1_tl_46_w4" custom="readingOrder {index:3;}">
                    <Coords points="597,2616 597,2676 732,2676 732,2616"/>
                    <TextEquiv>
                        <Unicode>writings</Unicode>
                    </TextEquiv>
                </Word>
                <Word id="tr_1_tl_46_w5" custom="readingOrder {index:4;}">
                    <Coords points="764,2616 764,2676 836,2676 836,2616"/>
                    <TextEquiv>
                        <Unicode>were</Unicode>
                    </TextEquiv>
                </Word>
                <Word id="tr_1_tl_46_w6" custom="readingOrder {index:5;}">
                    <Coords points="864,2616 864,2676 981,2676 981,2616"/>
                    <TextEquiv>
                        <Unicode>urbane</Unicode>
                    </TextEquiv>
                </Word>
                <TextEquiv>
                    <Unicode>never crass, his writings were urbane</Unicode>
                </TextEquiv>
            </TextLine>
            <TextLine id="tr_1_tl_47" custom="readingOrder {index:46;}">
                <Coords points="290,2703 991,2704 992,2664 291,2668"/>
                <Baseline points="295,2698 329,2698 364,2695 399,2695 434,2695 469,2696 504,2698 539,2698 574,2696 609,2695 644,2695 678,2695 713,2697 748,2696 783,2696 818,2698 853,2695 888,2695 923,2695 958,2695 993,2695"/>
                <Word id="tr_1_tl_47_w1" custom="readingOrder {index:0;}">
                    <Coords points="284,2656 284,2716 410,2716 410,2656"/>
                    <TextEquiv>
                        <Unicode>without</Unicode>
                    </TextEquiv>
                </Word>
                <Word id="tr_1_tl_47_w2" custom="readingOrder {index:1;}">
                    <Coords points="434,2656 434,2716 518,2716 518,2656"/>
                    <TextEquiv>
                        <Unicode>being</Unicode>
                    </TextEquiv>
                </Word>
                <Word id="tr_1_tl_47_w3" custom="readingOrder {index:2;}">
                    <Coords points="547,2655 547,2715 677,2715 677,2655"/>
                    <TextEquiv>
                        <Unicode>overlaid</Unicode>
                    </TextEquiv>
                </Word>
                <Word id="tr_1_tl_47_w4" custom="readingOrder {index:3;}">
                    <Coords points="706,2656 706,2716 775,2716 775,2656"/>
                    <TextEquiv>
                        <Unicode>with</Unicode>
                    </TextEquiv>
                </Word>
                <Word id="tr_1_tl_47_w5" custom="readingOrder {index:4;}">
                    <Coords points="804,2655 804,2715 991,2715 991,2655"/>
                    <TextEquiv>
                        <Unicode>superficial</Unicode>
                    </TextEquiv>
                </Word>
                <TextEquiv>
                    <Unicode>without being overlaid with superficial</Unicode>
                </TextEquiv>
            </TextLine>
            <TextLine id="tr_1_tl_48" custom="readingOrder {index:47;}">
                <Coords points="287,2744 994,2746 994,2706 287,2704"/>
                <Baseline points="292,2736 327,2736 362,2734 397,2734 432,2736 468,2733 503,2733 538,2733 573,2733 608,2733 644,2733 679,2735 714,2735 749,2733 784,2733 820,2733 855,2733 890,2733 925,2733 960,2736 996,2736"/>
                <Word id="tr_1_tl_48_w1" custom="readingOrder {index:0;}">
                    <Coords points="286,2695 286,2755 403,2755 403,2695"/>
                    <TextEquiv>
                        <Unicode>glitter;</Unicode>
                    </TextEquiv>
                </Word>
                <Word id="tr_1_tl_48_w2" custom="readingOrder {index:1;}">
                    <Coords points="422,2693 422,2753 553,2753 553,2693"/>
                    <TextEquiv>
                        <Unicode>piquant</Unicode>
                    </TextEquiv>
                </Word>
                <Word id="tr_1_tl_48_w3" custom="readingOrder {index:2;}">
                    <Coords points="572,2693 572,2753 703,2753 703,2693"/>
                    <TextEquiv>
                        <Unicode>without</Unicode>
                    </TextEquiv>
                </Word>
                <Word id="tr_1_tl_48_w4" custom="readingOrder {index:3;}">
                    <Coords points="726,2693 726,2753 812,2753 812,2693"/>
                    <TextEquiv>
                        <Unicode>being</Unicode>
                    </TextEquiv>
                </Word>
                <Word id="tr_1_tl_48_w5" custom="readingOrder {index:4;}">
                    <Coords points="835,2693 835,2753 989,2753 989,2693"/>
                    <TextEquiv>
                        <Unicode>precious.</Unicode>
                    </TextEquiv>
                </Word>
                <TextEquiv>
                    <Unicode>glitter; piquant without being precious.</Unicode>
                </TextEquiv>
            </TextLine>
            <TextLine id="tr_1_tl_49" custom="readingOrder {index:48;}">
                <Coords points="275,2790 1000,2783 993,2744 275,2746"/>
                <Baseline points="280,2775 316,2775 352,2774 388,2772 424,2772 460,2772 496,2772 532,2772 568,2772 604,2772 641,2772 677,2772 713,2772 749,2772 785,2772 821,2775 857,2775 893,2773 929,2772 965,2772 1002,2772"/>
                <Word id="tr_1_tl_49_w1" custom="readingOrder {index:0;}">
                    <Coords points="279,2735 279,2795 341,2795 341,2735"/>
                    <TextEquiv>
                        <Unicode>And</Unicode>
                    </TextEquiv>
                </Word>
                <Word id="tr_1_tl_49_w2" custom="readingOrder {index:1;}">
                    <Coords points="376,2732 376,2792 462,2792 462,2732"/>
                    <TextEquiv>
                        <Unicode>while</Unicode>
                    </TextEquiv>
                </Word>
                <Word id="tr_1_tl_49_w3" custom="readingOrder {index:2;}">
                    <Coords points="487,2732 487,2792 534,2792 534,2732"/>
                    <TextEquiv>
                        <Unicode>his</Unicode>
                    </TextEquiv>
                </Word>
                <Word id="tr_1_tl_49_w4" custom="readingOrder {index:3;}">
                    <Coords points="559,2732 559,2792 684,2792 684,2732"/>
                    <TextEquiv>
                        <Unicode>literary</Unicode>
                    </TextEquiv>
                </Word>
                <Word id="tr_1_tl_49_w5" custom="readingOrder {index:4;}">
                    <Coords points="714,2732 714,2792 878,2792 878,2732"/>
                    <TextEquiv>
                        <Unicode>technique</Unicode>
                    </TextEquiv>
                </Word>
                <Word id="tr_1_tl_49_w6" custom="readingOrder {index:5;}">
                    <Coords points="903,2732 903,2792 931,2792 931,2732"/>
                    <TextEquiv>
                        <Unicode>is</Unicode>
                    </TextEquiv>
                </Word>
                <Word id="tr_1_tl_49_w7" custom="readingOrder {index:6;}">
                    <Coords points="956,2732 956,2792 984,2792 984,2732"/>
                    <TextEquiv>
                        <Unicode>as</Unicode>
                    </TextEquiv>
                </Word>
                <TextEquiv>
                    <Unicode>And while his literary technique is as</Unicode>
                </TextEquiv>
            </TextLine>
            <TextLine id="tr_1_tl_50" custom="readingOrder {index:49;}">
                <Coords points="290,2900 570,2898 617,2921 897,2892 989,2921 989,2864 919,2854 290,2866"/>
                <Baseline points="295,2892 329,2892 364,2892 399,2892 434,2894 468,2894 503,2892 538,2892 573,2892 607,2892 642,2892 677,2892 712,2892 746,2892 781,2892 816,2892 851,2892 885,2892 920,2892 955,2891 990,2889"/>
                <Word id="tr_1_tl_50_w1" custom="readingOrder {index:0;}">
                    <Coords points="285,2852 285,2912 456,2912 456,2852"/>
                    <TextEquiv>
                        <Unicode>sectionist,</Unicode>
                    </TextEquiv>
                </Word>
                <Word id="tr_1_tl_50_w2" custom="readingOrder {index:1;}">
                    <Coords points="475,2852 475,2912 499,2912 499,2852"/>
                    <TextEquiv>
                        <Unicode>it</Unicode>
                    </TextEquiv>
                </Word>
                <Word id="tr_1_tl_50_w3" custom="readingOrder {index:2;}">
                    <Coords points="517,2852 517,2912 581,2912 581,2852"/>
                    <TextEquiv>
                        <Unicode>was</Unicode>
                    </TextEquiv>
                </Word>
                <Word id="tr_1_tl_50_w4" custom="readingOrder {index:3;}">
                    <Coords points="600,2852 600,2912 718,2912 718,2852"/>
                    <TextEquiv>
                        <Unicode>always</Unicode>
                    </TextEquiv>
                </Word>
                <Word id="tr_1_tl_50_w5" custom="readingOrder {index:4;}">
                    <Coords points="737,2852 737,2912 890,2912 890,2852"/>
                    <TextEquiv>
                        <Unicode>humanły</Unicode>
                    </TextEquiv>
                </Word>
                <Word id="tr_1_tl_50_w6" custom="readingOrder {index:5;}">
                    <Coords points="915,2851 915,2911 991,2911 991,2851"/>
                    <TextEquiv>
                        <Unicode>tem-</Unicode>
                    </TextEquiv>
                </Word>
                <TextEquiv>
                    <Unicode>sectionist, it was always humanły tem-</Unicode>
                </TextEquiv>
            </TextLine>
            <TextLine id="tr_1_tl_51" custom="readingOrder {index:50;}">
                <Coords points="290,2949 303,2945 322,2947 347,2935 366,2943 382,2940 395,2946 404,2944 404,2901 395,2900 389,2905 379,2905 373,2899 335,2901 324,2909 307,2899 290,2899"/>
                <Baseline points="295,2933 322,2931 350,2930 377,2930 405,2933"/>
                <Word id="tr_1_tl_51_w1" custom="readingOrder {index:0;}">
                    <Coords points="290,2890 290,2950 397,2950 397,2890"/>
                    <TextEquiv>
                        <Unicode>pered.</Unicode>
                    </TextEquiv>
                </Word>
                <TextEquiv>
                    <Unicode>pered.</Unicode>
                </TextEquiv>
            </TextLine>
            <TextLine id="tr_1_tl_52" custom="readingOrder {index:51;}">
                <Coords points="314,2974 988,2980 980,2930 765,2947 632,2913 506,2945 314,2946"/>
                <Baseline points="319,2972 352,2970 386,2969 419,2969 453,2969 486,2969 520,2969 553,2969 587,2969 620,2969 654,2969 688,2969 721,2969 755,2969 788,2969 822,2969 855,2969 889,2969 922,2969 956,2969 990,2969"/>
                <Word id="tr_1_tl_52_w1" custom="readingOrder {index:0;}">
                    <Coords points="322,2929 322,2989 493,2989 493,2929"/>
                    <TextEquiv>
                        <Unicode>Schnitzler</Unicode>
                    </TextEquiv>
                </Word>
                <Word id="tr_1_tl_52_w2" custom="readingOrder {index:1;}">
                    <Coords points="524,2929 524,2989 597,2989 597,2929"/>
                    <TextEquiv>
                        <Unicode>liked</Unicode>
                    </TextEquiv>
                </Word>
                <Word id="tr_1_tl_52_w3" custom="readingOrder {index:2;}">
                    <Coords points="634,2929 634,2989 794,2989 794,2929"/>
                    <TextEquiv>
                        <Unicode>America,</Unicode>
                    </TextEquiv>
                </Word>
                <Word id="tr_1_tl_52_w4" custom="readingOrder {index:3;}">
                    <Coords points="819,2929 819,2989 916,2989 916,2929"/>
                    <TextEquiv>
                        <Unicode>where</Unicode>
                    </TextEquiv>
                </Word>
                <Word id="tr_1_tl_52_w5" custom="readingOrder {index:4;}">
                    <Coords points="942,2929 942,2989 978,2989 978,2929"/>
                    <TextEquiv>
                        <Unicode>he</Unicode>
                    </TextEquiv>
                </Word>
                <TextEquiv>
                    <Unicode>Schnitzler liked America, where he</Unicode>
                </TextEquiv>
            </TextLine>
            <TextLine id="tr_1_tl_53" custom="readingOrder {index:52;}">
                <Coords points="290,3021 994,3023 994,2975 290,2972"/>
                <Baseline points="295,3011 330,3009 365,3008 400,3008 435,3008 470,3008 505,3010 540,3010 575,3008 610,3008 645,3008 680,3008 715,3008 750,3008 785,3011 820,3009 855,3008 890,3008 925,3008 960,3008 996,3011"/>
                <Word id="tr_1_tl_53_w1" custom="readingOrder {index:0;}">
                    <Coords points="290,2969 290,3029 346,3029 346,2969"/>
                    <TextEquiv>
                        <Unicode>was</Unicode>
                    </TextEquiv>
                </Word>
                <Word id="tr_1_tl_53_w2" custom="readingOrder {index:1;}">
                    <Coords points="367,2968 367,3028 480,3028 480,2968"/>
                    <TextEquiv>
                        <Unicode>almost</Unicode>
                    </TextEquiv>
                </Word>
                <Word id="tr_1_tl_53_w3" custom="readingOrder {index:2;}">
                    <Coords points="502,2970 502,3030 537,3030 537,2970"/>
                    <TextEquiv>
                        <Unicode>as</Unicode>
                    </TextEquiv>
                </Word>
                <Word id="tr_1_tl_53_w4" custom="readingOrder {index:3;}">
                    <Coords points="558,2968 558,3028 630,3028 630,2968"/>
                    <TextEquiv>
                        <Unicode>well</Unicode>
                    </TextEquiv>
                </Word>
                <Word id="tr_1_tl_53_w5" custom="readingOrder {index:4;}">
                    <Coords points="646,2968 646,3028 775,3028 775,2968"/>
                    <TextEquiv>
                        <Unicode>known,</Unicode>
                    </TextEquiv>
                </Word>
                <Word id="tr_1_tl_53_w6" custom="readingOrder {index:5;}">
                    <Coords points="796,2968 796,3028 930,3028 930,2968"/>
                    <TextEquiv>
                        <Unicode>perhaps</Unicode>
                    </TextEquiv>
                </Word>
                <Word id="tr_1_tl_53_w7" custom="readingOrder {index:6;}">
                    <Coords points="951,2968 951,3028 987,3028 987,2968"/>
                    <TextEquiv>
                        <Unicode>as</Unicode>
                    </TextEquiv>
                </Word>
                <TextEquiv>
                    <Unicode>was almost as well known, perhaps as</Unicode>
                </TextEquiv>
            </TextLine>
            <TextLine id="tr_1_tl_54" custom="readingOrder {index:53;}">
                <Coords points="284,3059 998,3058 998,3020 873,3014 284,3029"/>
                <Baseline points="289,3047 324,3049 360,3050 395,3050 431,3049 466,3047 502,3047 537,3047 573,3047 608,3047 644,3047 679,3047 715,3047 750,3047 786,3047 821,3047 857,3047 892,3047 928,3047 963,3047 999,3050"/>
                <Word id="tr_1_tl_54_w1" custom="readingOrder {index:0;}">
                    <Coords points="288,3007 288,3067 307,3067 307,3007"/>
                    <TextEquiv>
                        <Unicode>in</Unicode>
                    </TextEquiv>
                </Word>
                <Word id="tr_1_tl_54_w2" custom="readingOrder {index:1;}">
                    <Coords points="332,3009 332,3069 469,3069 469,3009"/>
                    <TextEquiv>
                        <Unicode>Europe,</Unicode>
                    </TextEquiv>
                </Word>
                <Word id="tr_1_tl_54_w3" custom="readingOrder {index:2;}">
                    <Coords points="485,3007 485,3067 534,3067 534,3007"/>
                    <TextEquiv>
                        <Unicode>but</Unicode>
                    </TextEquiv>
                </Word>
                <Word id="tr_1_tl_54_w4" custom="readingOrder {index:3;}">
                    <Coords points="554,3007 554,3067 588,3067 588,3007"/>
                    <TextEquiv>
                        <Unicode>he</Unicode>
                    </TextEquiv>
                </Word>
                <Word id="tr_1_tl_54_w5" custom="readingOrder {index:4;}">
                    <Coords points="608,3007 608,3067 686,3067 686,3007"/>
                    <TextEquiv>
                        <Unicode>liked</Unicode>
                    </TextEquiv>
                </Word>
                <Word id="tr_1_tl_54_w6" custom="readingOrder {index:5;}">
                    <Coords points="711,3007 711,3067 735,3067 735,3007"/>
                    <TextEquiv>
                        <Unicode>it</Unicode>
                    </TextEquiv>
                </Word>
                <Word id="tr_1_tl_54_w7" custom="readingOrder {index:6;}">
                    <Coords points="751,3007 751,3067 785,3067 785,3007"/>
                    <TextEquiv>
                        <Unicode>at</Unicode>
                    </TextEquiv>
                </Word>
                <Word id="tr_1_tl_54_w8" custom="readingOrder {index:7;}">
                    <Coords points="805,3007 805,3067 815,3067 815,3007"/>
                    <TextEquiv>
                        <Unicode>a</Unicode>
                    </TextEquiv>
                </Word>
                <Word id="tr_1_tl_54_w9" custom="readingOrder {index:8;}">
                    <Coords points="835,3007 835,3067 992,3067 992,3007"/>
                    <TextEquiv>
                        <Unicode>distance.</Unicode>
                    </TextEquiv>
                </Word>
                <TextEquiv>
                    <Unicode>in Europe, but he liked it at a distance.</Unicode>
                </TextEquiv>
            </TextLine>
            <TextLine id="tr_1_tl_55" custom="readingOrder {index:54;}">
                <Coords points="281,3094 995,3093 986,3055 281,3057"/>
                <Baseline points="286,3086 321,3088 357,3089 392,3089 428,3089 463,3089 499,3089 534,3089 570,3089 605,3089 641,3086 676,3086 712,3086 747,3086 783,3086 818,3086 854,3086 889,3087 925,3088 960,3086 996,3086"/>
                <Word id="tr_1_tl_55_w1" custom="readingOrder {index:0;}">
                    <Coords points="280,3046 280,3106 326,3106 326,3046"/>
                    <TextEquiv>
                        <Unicode>He</Unicode>
                    </TextEquiv>
                </Word>
                <Word id="tr_1_tl_55_w2" custom="readingOrder {index:1;}">
                    <Coords points="345,3049 345,3109 419,3109 419,3049"/>
                    <TextEquiv>
                        <Unicode>was,</Unicode>
                    </TextEquiv>
                </Word>
                <Word id="tr_1_tl_55_w3" custom="readingOrder {index:2;}">
                    <Coords points="434,3049 434,3109 587,3109 587,3049"/>
                    <TextEquiv>
                        <Unicode>however,</Unicode>
                    </TextEquiv>
                </Word>
                <Word id="tr_1_tl_55_w4" custom="readingOrder {index:3;}">
                    <Coords points="602,3047 602,3107 634,3107 634,3047"/>
                    <TextEquiv>
                        <Unicode>an</Unicode>
                    </TextEquiv>
                </Word>
                <Word id="tr_1_tl_55_w5" custom="readingOrder {index:4;}">
                    <Coords points="663,3046 663,3106 826,3106 826,3046"/>
                    <TextEquiv>
                        <Unicode>extremely</Unicode>
                    </TextEquiv>
                </Word>
                <Word id="tr_1_tl_55_w6" custom="readingOrder {index:5;}">
                    <Coords points="850,3046 850,3106 901,3106 901,3046"/>
                    <TextEquiv>
                        <Unicode>shy</Unicode>
                    </TextEquiv>
                </Word>
                <Word id="tr_1_tl_55_w7" custom="readingOrder {index:6;}">
                    <Coords points="925,3046 925,3106 980,3106 980,3046"/>
                    <TextEquiv>
                        <Unicode>and</Unicode>
                    </TextEquiv>
                </Word>
                <TextEquiv>
                    <Unicode>He was, however, an extremely shy and</Unicode>
                </TextEquiv>
            </TextLine>
            <TextLine id="tr_1_tl_56" custom="readingOrder {index:55;}">
                <Coords points="284,3141 991,3140 969,3094 284,3099"/>
                <Baseline points="289,3127 324,3127 359,3127 394,3127 429,3127 465,3127 500,3127 535,3127 570,3127 605,3127 641,3127 676,3127 711,3127 746,3126 781,3125 817,3127 852,3127 887,3125 922,3125 957,3126 993,3124"/>
                <Word id="tr_1_tl_56_w1" custom="readingOrder {index:0;}">
                    <Coords points="287,3087 287,3147 408,3147 408,3087"/>
                    <TextEquiv>
                        <Unicode>retiring</Unicode>
                    </TextEquiv>
                </Word>
                <Word id="tr_1_tl_56_w2" custom="readingOrder {index:1;}">
                    <Coords points="432,3087 432,3147 539,3147 539,3087"/>
                    <TextEquiv>
                        <Unicode>person</Unicode>
                    </TextEquiv>
                </Word>
                <Word id="tr_1_tl_56_w3" custom="readingOrder {index:2;}">
                    <Coords points="567,3087 567,3147 622,3147 622,3087"/>
                    <TextEquiv>
                        <Unicode>and</Unicode>
                    </TextEquiv>
                </Word>
                <Word id="tr_1_tl_56_w4" custom="readingOrder {index:3;}">
                    <Coords points="646,3086 646,3146 781,3146 781,3086"/>
                    <TextEquiv>
                        <Unicode>declared</Unicode>
                    </TextEquiv>
                </Word>
                <Word id="tr_1_tl_56_w5" custom="readingOrder {index:4;}">
                    <Coords points="809,3087 809,3147 879,3147 879,3087"/>
                    <TextEquiv>
                        <Unicode>that</Unicode>
                    </TextEquiv>
                </Word>
                <Word id="tr_1_tl_56_w6" custom="readingOrder {index:5;}">
                    <Coords points="898,3085 898,3145 986,3145 986,3085"/>
                    <TextEquiv>
                        <Unicode>while</Unicode>
                    </TextEquiv>
                </Word>
                <TextEquiv>
                    <Unicode>retiring person and declared that while</Unicode>
                </TextEquiv>
            </TextLine>
            <TextLine id="tr_1_tl_57" custom="readingOrder {index:56;}">
                <Coords points="287,3189 960,3179 997,3173 998,3140 288,3140"/>
                <Baseline points="292,3166 327,3166 362,3166 398,3166 433,3166 468,3166 504,3166 539,3166 574,3166 610,3166 645,3163 680,3163 716,3163 751,3163 786,3163 822,3166 857,3164 892,3163 928,3164 963,3166 999,3166"/>
                <Word id="tr_1_tl_57_w1" custom="readingOrder {index:0;}">
                    <Coords points="287,3126 287,3186 321,3186 321,3126"/>
                    <TextEquiv>
                        <Unicode>he</Unicode>
                    </TextEquiv>
                </Word>
                <Word id="tr_1_tl_57_w2" custom="readingOrder {index:1;}">
                    <Coords points="352,3126 352,3186 452,3186 452,3126"/>
                    <TextEquiv>
                        <Unicode>"would</Unicode>
                    </TextEquiv>
                </Word>
                <Word id="tr_1_tl_57_w3" custom="readingOrder {index:2;}">
                    <Coords points="478,3126 478,3186 533,3186 533,3126"/>
                    <TextEquiv>
                        <Unicode>like</Unicode>
                    </TextEquiv>
                </Word>
                <Word id="tr_1_tl_57_w4" custom="readingOrder {index:3;}">
                    <Coords points="558,3126 558,3186 583,3186 583,3126"/>
                    <TextEquiv>
                        <Unicode>to</Unicode>
                    </TextEquiv>
                </Word>
                <Word id="tr_1_tl_57_w5" custom="readingOrder {index:4;}">
                    <Coords points="604,3124 604,3184 649,3184 649,3124"/>
                    <TextEquiv>
                        <Unicode>see</Unicode>
                    </TextEquiv>
                </Word>
                <Word id="tr_1_tl_57_w6" custom="readingOrder {index:5;}">
                    <Coords points="675,3123 675,3183 734,3183 734,3123"/>
                    <TextEquiv>
                        <Unicode>New</Unicode>
                    </TextEquiv>
                </Word>
                <Word id="tr_1_tl_57_w7" custom="readingOrder {index:6;}">
                    <Coords points="765,3124 765,3184 840,3184 840,3124"/>
                    <TextEquiv>
                        <Unicode>York</Unicode>
                    </TextEquiv>
                </Word>
                <Word id="tr_1_tl_57_w8" custom="readingOrder {index:7;}">
                    <Coords points="866,3123 866,3183 875,3183 875,3123"/>
                    <TextEquiv>
                        <Unicode>a</Unicode>
                    </TextEquiv>
                </Word>
                <Word id="tr_1_tl_57_w9" custom="readingOrder {index:8;}">
                    <Coords points="896,3124 896,3184 991,3184 991,3124"/>
                    <TextEquiv>
                        <Unicode>little,</Unicode>
                    </TextEquiv>
                </Word>
                <TextEquiv>
                    <Unicode>he "would like to see New York a little,</Unicode>
                </TextEquiv>
            </TextLine>
            <TextLine id="tr_1_tl_58" custom="readingOrder {index:57;}">
                <Coords points="290,3217 968,3219 983,3176 290,3186"/>
                <Baseline points="295,3205 329,3205 363,3203 398,3203 432,3205 467,3202 501,3202 536,3203 570,3205 605,3205 639,3203 673,3203 708,3204 742,3202 777,3204 811,3203 846,3202 880,3202 915,3202 949,3204 984,3205"/>
                <Word id="tr_1_tl_58_w1" custom="readingOrder {index:0;}">
                    <Coords points="289,3165 289,3225 343,3225 343,3165"/>
                    <TextEquiv>
                        <Unicode>and</Unicode>
                    </TextEquiv>
                </Word>
                <Word id="tr_1_tl_58_w2" custom="readingOrder {index:1;}">
                    <Coords points="378,3163 378,3223 431,3223 431,3163"/>
                    <TextEquiv>
                        <Unicode>the</Unicode>
                    </TextEquiv>
                </Word>
                <Word id="tr_1_tl_58_w3" custom="readingOrder {index:2;}">
                    <Coords points="461,3162 461,3222 525,3222 525,3162"/>
                    <TextEquiv>
                        <Unicode>rest</Unicode>
                    </TextEquiv>
                </Word>
                <Word id="tr_1_tl_58_w4" custom="readingOrder {index:3;}">
                    <Coords points="555,3165 555,3225 588,3225 588,3165"/>
                    <TextEquiv>
                        <Unicode>of</Unicode>
                    </TextEquiv>
                </Word>
                <Word id="tr_1_tl_58_w5" custom="readingOrder {index:4;}">
                    <Coords points="618,3163 618,3223 672,3223 672,3163"/>
                    <TextEquiv>
                        <Unicode>the</Unicode>
                    </TextEquiv>
                </Word>
                <Word id="tr_1_tl_58_w6" custom="readingOrder {index:5;}">
                    <Coords points="702,3163 702,3223 834,3223 834,3163"/>
                    <TextEquiv>
                        <Unicode>country</Unicode>
                    </TextEquiv>
                </Word>
                <Word id="tr_1_tl_58_w7" custom="readingOrder {index:6;}">
                    <Coords points="864,3162 864,3222 977,3222 977,3162"/>
                    <TextEquiv>
                        <Unicode>much,</Unicode>
                    </TextEquiv>
                </Word>
                <TextEquiv>
                    <Unicode>and the rest of the country much,</Unicode>
                </TextEquiv>
            </TextLine>
            <TextLine id="tr_1_tl_59" custom="readingOrder {index:58;}">
                <Coords points="290,3255 785,3250 997,3276 997,3219 953,3210 290,3216"/>
                <Baseline points="295,3247 330,3244 365,3244 400,3244 435,3244 471,3244 506,3244 541,3244 576,3244 611,3244 647,3244 682,3244 717,3244 752,3244 787,3244 823,3244 858,3244 893,3244 928,3244 963,3244 999,3244"/>
                <Word id="tr_1_tl_59_w1" custom="readingOrder {index:0;}">
                    <Coords points="291,3205 291,3265 337,3265 337,3205"/>
                    <TextEquiv>
                        <Unicode>the</Unicode>
                    </TextEquiv>
                </Word>
                <Word id="tr_1_tl_59_w2" custom="readingOrder {index:1;}">
                    <Coords points="355,3204 355,3264 418,3264 418,3204"/>
                    <TextEquiv>
                        <Unicode>idea</Unicode>
                    </TextEquiv>
                </Word>
                <Word id="tr_1_tl_59_w3" custom="readingOrder {index:2;}">
                    <Coords points="442,3204 442,3264 476,3264 476,3204"/>
                    <TextEquiv>
                        <Unicode>of</Unicode>
                    </TextEquiv>
                </Word>
                <Word id="tr_1_tl_59_w4" custom="readingOrder {index:3;}">
                    <Coords points="494,3204 494,3264 581,3264 581,3204"/>
                    <TextEquiv>
                        <Unicode>being</Unicode>
                    </TextEquiv>
                </Word>
                <Word id="tr_1_tl_59_w5" custom="readingOrder {index:4;}">
                    <Coords points="605,3204 605,3264 726,3264 726,3204"/>
                    <TextEquiv>
                        <Unicode>lionized</Unicode>
                    </TextEquiv>
                </Word>
                <Word id="tr_1_tl_59_w6" custom="readingOrder {index:5;}">
                    <Coords points="756,3204 756,3264 889,3264 889,3204"/>
                    <TextEquiv>
                        <Unicode>térrified</Unicode>
                    </TextEquiv>
                </Word>
                <Word id="tr_1_tl_59_w7" custom="readingOrder {index:6;}">
                    <Coords points="913,3204 913,3264 993,3264 993,3204"/>
                    <TextEquiv>
                        <Unicode>him.</Unicode>
                    </TextEquiv>
                </Word>
                <TextEquiv>
                    <Unicode>the idea of being lionized térrified him.</Unicode>
                </TextEquiv>
            </TextLine>
            <TextLine id="tr_1_tl_60" custom="readingOrder {index:59;}">
                <Coords points="302,3299 790,3300 851,3293 852,3259 303,3257"/>
                <Baseline points="307,3286 334,3286 361,3286 388,3286 416,3286 443,3286 470,3286 498,3286 525,3286 552,3287 580,3288 607,3287 634,3286 661,3286 689,3285 716,3283 743,3285 771,3286 798,3284 825,3281 853,3277"/>
                <Word id="tr_1_tl_60_w1" custom="readingOrder {index:0;}">
                    <Coords points="312,3246 312,3306 376,3306 376,3246"/>
                    <TextEquiv>
                        <Unicode>His</Unicode>
                    </TextEquiv>
                </Word>
                <Word id="tr_1_tl_60_w2" custom="readingOrder {index:1;}">
                    <Coords points="407,3246 407,3306 462,3306 462,3246"/>
                    <TextEquiv>
                        <Unicode>wri</Unicode>
                    </TextEquiv>
                </Word>
                <Word id="tr_1_tl_60_w3" custom="readingOrder {index:2;}">
                    <Coords points="558,3246 558,3306 679,3306 679,3246"/>
                    <TextEquiv>
                        <Unicode>ppear</Unicode>
                    </TextEquiv>
                </Word>
                <TextEquiv>
                    <Unicode>His wri ppear</Unicode>
                </TextEquiv>
            </TextLine>
            <TextLine id="tr_1_tl_61" custom="readingOrder {index:60;}">
                <Coords points="290,3337 824,3337 817,3294 290,3297"/>
                <Baseline points="295,3327 321,3327 348,3326 374,3324 401,3324 427,3324 454,3326 480,3326 507,3324 533,3324 560,3324 587,3324 613,3324 640,3324 666,3324 693,3324 719,3322 746,3321 772,3321 799,3321 826,3321"/>
                <Word id="tr_1_tl_61_w1" custom="readingOrder {index:0;}">
                    <Coords points="290,3284 290,3344 492,3344 492,3284"/>
                    <TextEquiv>
                        <Unicode>translation,</Unicode>
                    </TextEquiv>
                </Word>
                <Word id="tr_1_tl_61_w2" custom="readingOrder {index:1;}">
                    <Coords points="514,3284 514,3344 630,3344 630,3284"/>
                    <TextEquiv>
                        <Unicode>chiefly</Unicode>
                    </TextEquiv>
                </Word>
                <Word id="tr_1_tl_61_w3" custom="readingOrder {index:2;}">
                    <Coords points="668,3284 668,3344 689,3344 689,3284"/>
                    <TextEquiv>
                        <Unicode>in</Unicode>
                    </TextEquiv>
                </Word>
                <Word id="tr_1_tl_61_w4" custom="readingOrder {index:3;}">
                    <Coords points="732,3281 732,3341 811,3341 811,3281"/>
                    <TextEquiv>
                        <Unicode>"Var</Unicode>
                    </TextEquiv>
                </Word>
                <TextEquiv>
                    <Unicode>translation, chiefly in "Var</Unicode>
                </TextEquiv>
            </TextLine>
            <TextLine id="tr_1_tl_62" custom="readingOrder {index:61;}">
                <Coords points="290,3376 830,3380 816,3336 291,3337"/>
                <Baseline points="295,3366 321,3366 348,3366 375,3366 402,3366 429,3366 456,3366 482,3366 509,3366 536,3366 563,3366 590,3366 617,3366 644,3366 670,3366 697,3366 724,3364 751,3363 778,3363 805,3363 832,3363"/>
                <Word id="tr_1_tl_62_w1" custom="readingOrder {index:0;}">
                    <Coords points="289,3326 289,3386 344,3386 344,3326"/>
                    <TextEquiv>
                        <Unicode>and</Unicode>
                    </TextEquiv>
                </Word>
                <Word id="tr_1_tl_62_w2" custom="readingOrder {index:1;}">
                    <Coords points="373,3326 373,3386 424,3386 424,3326"/>
                    <TextEquiv>
                        <Unicode>his</Unicode>
                    </TextEquiv>
                </Word>
                <Word id="tr_1_tl_62_w3" custom="readingOrder {index:2;}">
                    <Coords points="448,3326 448,3386 540,3386 540,3326"/>
                    <TextEquiv>
                        <Unicode>plays</Unicode>
                    </TextEquiv>
                </Word>
                <Word id="tr_1_tl_62_w4" custom="readingOrder {index:3;}">
                    <Coords points="569,3326 569,3386 643,3386 643,3326"/>
                    <TextEquiv>
                        <Unicode>were</Unicode>
                    </TextEquiv>
                </Word>
                <Word id="tr_1_tl_62_w5" custom="readingOrder {index:4;}">
                    <Coords points="672,3323 672,3383 825,3383 825,3323"/>
                    <TextEquiv>
                        <Unicode>producet</Unicode>
                    </TextEquiv>
                </Word>
                <TextEquiv>
                    <Unicode>and his plays were producet</Unicode>
                </TextEquiv>
            </TextLine>
            <TextLine id="tr_1_tl_63" custom="readingOrder {index:62;}">
                <Coords points="290,3416 839,3420 828,3370 780,3387 609,3373 562,3392 528,3374 290,3376"/>
                <Baseline points="295,3405 322,3405 349,3404 376,3403 404,3402 431,3402 458,3402 486,3402 513,3402 540,3402 568,3402 595,3402 622,3402 649,3402 677,3402 704,3402 731,3402 759,3402 786,3402 813,3404 841,3405"/>
                <Word id="tr_1_tl_63_w1" custom="readingOrder {index:0;}">
                    <Coords points="289,3364 289,3424 384,3424 384,3364"/>
                    <TextEquiv>
                        <Unicode>York,</Unicode>
                    </TextEquiv>
                </Word>
                <Word id="tr_1_tl_63_w2" custom="readingOrder {index:1;}">
                    <Coords points="411,3362 411,3422 465,3422 465,3362"/>
                    <TextEquiv>
                        <Unicode>but</Unicode>
                    </TextEquiv>
                </Word>
                <Word id="tr_1_tl_63_w3" custom="readingOrder {index:2;}">
                    <Coords points="498,3362 498,3422 534,3422 534,3362"/>
                    <TextEquiv>
                        <Unicode>he</Unicode>
                    </TextEquiv>
                </Word>
                <Word id="tr_1_tl_63_w4" custom="readingOrder {index:3;}">
                    <Coords points="571,3362 571,3422 747,3422 747,3362"/>
                    <TextEquiv>
                        <Unicode>repeatedly</Unicode>
                    </TextEquiv>
                </Word>
                <Word id="tr_1_tl_63_w5" custom="readingOrder {index:4;}">
                    <Coords points="784,3363 784,3423 820,3423 820,3363"/>
                    <TextEquiv>
                        <Unicode>de</Unicode>
                    </TextEquiv>
                </Word>
                <TextEquiv>
                    <Unicode>York, but he repeatedly de</Unicode>
                </TextEquiv>
            </TextLine>
            <TextLine id="tr_1_tl_64" custom="readingOrder {index:63;}">
                <Coords points="284,3455 836,3456 836,3420 812,3410 284,3418"/>
                <Baseline points="289,3444 316,3442 343,3444 371,3442 398,3441 426,3441 453,3441 481,3441 508,3441 536,3442 563,3444 590,3443 618,3441 645,3441 673,3441 700,3441 728,3441 755,3441 783,3441 810,3441 838,3441"/>
                <Word id="tr_1_tl_64_w1" custom="readingOrder {index:0;}">
                    <Coords points="286,3403 286,3463 393,3463 393,3403"/>
                    <TextEquiv>
                        <Unicode>accept</Unicode>
                    </TextEquiv>
                </Word>
                <Word id="tr_1_tl_64_w2" custom="readingOrder {index:1;}">
                    <Coords points="411,3401 411,3461 595,3461 595,3401"/>
                    <TextEquiv>
                        <Unicode>invitations</Unicode>
                    </TextEquiv>
                </Word>
                <Word id="tr_1_tl_64_w3" custom="readingOrder {index:2;}">
                    <Coords points="617,3401 617,3461 642,3461 642,3401"/>
                    <TextEquiv>
                        <Unicode>to</Unicode>
                    </TextEquiv>
                </Word>
                <Word id="tr_1_tl_64_w4" custom="readingOrder {index:3;}">
                    <Coords points="665,3401 665,3461 737,3461 737,3401"/>
                    <TextEquiv>
                        <Unicode>visit</Unicode>
                    </TextEquiv>
                </Word>
                <Word id="tr_1_tl_64_w5" custom="readingOrder {index:4;}">
                    <Coords points="755,3401 755,3461 810,3461 810,3401"/>
                    <TextEquiv>
                        <Unicode>and</Unicode>
                    </TextEquiv>
                </Word>
                <TextEquiv>
                    <Unicode>accept invitations to visit and</Unicode>
                </TextEquiv>
            </TextLine>
            <TextLine id="tr_1_tl_65" custom="readingOrder {index:64;}">
                <Coords points="287,3489 510,3501 869,3481 869,3451 838,3449 772,3465 287,3454"/>
                <Baseline points="292,3482 322,3482 352,3481 383,3480 413,3480 444,3480 474,3480 505,3480 535,3480 566,3480 596,3480 627,3480 657,3480 688,3480 718,3480 749,3480 779,3480 810,3480 840,3480 871,3480"/>
                <Word id="tr_1_tl_65_w1" custom="readingOrder {index:0;}">
                    <Coords points="285,3442 285,3502 330,3502 330,3442"/>
                    <TextEquiv>
                        <Unicode>his</Unicode>
                    </TextEquiv>
                </Word>
                <Word id="tr_1_tl_65_w2" custom="readingOrder {index:1;}">
                    <Coords points="373,3440 373,3500 535,3500 535,3440"/>
                    <TextEquiv>
                        <Unicode>shoulders</Unicode>
                    </TextEquiv>
                </Word>
                <Word id="tr_1_tl_65_w3" custom="readingOrder {index:2;}">
                    <Coords points="573,3440 573,3500 606,3500 606,3440"/>
                    <TextEquiv>
                        <Unicode>at</Unicode>
                    </TextEquiv>
                </Word>
                <Word id="tr_1_tl_65_w4" custom="readingOrder {index:3;}">
                    <Coords points="644,3440 644,3500 719,3500 719,3440"/>
                    <TextEquiv>
                        <Unicode>Holl</Unicode>
                    </TextEquiv>
                </Word>
                <Word id="tr_1_tl_65_w5" custom="readingOrder {index:4;}">
                    <Coords points="748,3440 748,3500 852,3500 852,3440"/>
                    <TextEquiv>
                        <Unicode>ood's</Unicode>
                    </TextEquiv>
                </Word>
                <TextEquiv>
                    <Unicode>his shoulders at Holl ood's</Unicode>
                </TextEquiv>
            </TextLine>
            <TextLine id="tr_1_tl_66" custom="readingOrder {index:65;}">
                <Coords points="287,3530 849,3518 1001,3539 1001,3485 939,3479 287,3490"/>
                <Baseline points="292,3521 327,3521 363,3521 398,3520 434,3519 469,3521 505,3518 540,3518 576,3518 611,3518 647,3518 682,3515 718,3517 753,3518 789,3517 824,3515 860,3517 895,3518 931,3518 966,3518 1002,3518"/>
                <Word id="tr_1_tl_66_w1" custom="readingOrder {index:0;}">
                    <Coords points="287,3479 287,3539 552,3539 552,3479"/>
                    <TextEquiv>
                        <Unicode>blandishments.</Unicode>
                    </TextEquiv>
                </Word>
                <Word id="tr_1_tl_66_w2" custom="readingOrder {index:1;}">
                    <Coords points="588,3478 588,3538 643,3538 643,3478"/>
                    <TextEquiv>
                        <Unicode>His</Unicode>
                    </TextEquiv>
                </Word>
                <Word id="tr_1_tl_66_w3" custom="readingOrder {index:2;}">
                    <Coords points="669,3476 669,3536 743,3536 743,3476"/>
                    <TextEquiv>
                        <Unicode>work</Unicode>
                    </TextEquiv>
                </Word>
                <Word id="tr_1_tl_66_w4" custom="readingOrder {index:3;}">
                    <Coords points="779,3476 779,3536 834,3536 834,3476"/>
                    <TextEquiv>
                        <Unicode>was</Unicode>
                    </TextEquiv>
                </Word>
                <Word id="tr_1_tl_66_w5" custom="readingOrder {index:4;}">
                    <Coords points="859,3477 859,3537 889,3537 889,3477"/>
                    <TextEquiv>
                        <Unicode>ol</Unicode>
                    </TextEquiv>
                </Word>
                <Word id="tr_1_tl_66_w6" custom="readingOrder {index:5;}">
                    <Coords points="909,3478 909,3538 979,3538 979,3478"/>
                    <TextEquiv>
                        <Unicode>such</Unicode>
                    </TextEquiv>
                </Word>
                <TextEquiv>
                    <Unicode>blandishments. His work was ol such</Unicode>
                </TextEquiv>
            </TextLine>
            <TextLine id="tr_1_tl_67" custom="readingOrder {index:66;}">
                <Coords points="275,3572 1000,3578 989,3533 859,3519 336,3527 275,3559"/>
                <Baseline points="280,3569 316,3569 352,3569 388,3568 424,3566 460,3563 496,3561 532,3561 568,3563 604,3563 641,3563 677,3563 713,3561 749,3560 785,3560 821,3563 857,3561 893,3560 929,3560 965,3560 1002,3560"/>
                <Word id="tr_1_tl_67_w1" custom="readingOrder {index:0;}">
                    <Coords points="840,3520 840,3580 950,3580 950,3520"/>
                    <TextEquiv>
                        <Unicode>Uad</Unicode>
                    </TextEquiv>
                </Word>
                <TextEquiv>
                    <Unicode>Uad</Unicode>
                </TextEquiv>
            </TextLine>
            <TextLine id="tr_1_tl_68" custom="readingOrder {index:67;}">
                <Coords points="281,3614 997,3617 997,3575 956,3567 281,3579"/>
                <Baseline points="286,3605 321,3608 357,3606 392,3605 428,3605 464,3605 499,3605 535,3603 571,3603 606,3605 642,3605 678,3603 713,3602 749,3601 785,3599 820,3599 856,3599 892,3599 927,3599 963,3599 999,3599"/>
                <Word id="tr_1_tl_68_w1" custom="readingOrder {index:0;}">
                    <Coords points="281,3566 281,3626 429,3626 429,3566"/>
                    <TextEquiv>
                        <Unicode>number,</Unicode>
                    </TextEquiv>
                </Word>
                <Word id="tr_1_tl_68_w2" custom="readingOrder {index:1;}">
                    <Coords points="445,3564 445,3624 558,3624 558,3564"/>
                    <TextEquiv>
                        <Unicode>dt</Unicode>
                    </TextEquiv>
                </Word>
                <Word id="tr_1_tl_68_w3" custom="readingOrder {index:2;}">
                    <Coords points="579,3564 579,3624 604,3624 604,3564"/>
                    <TextEquiv>
                        <Unicode>ia</Unicode>
                    </TextEquiv>
                </Word>
                <Word id="tr_1_tl_68_w4" custom="readingOrder {index:3;}">
                    <Coords points="631,3562 631,3622 774,3622 774,3562"/>
                    <TextEquiv>
                        <Unicode>rècorded</Unicode>
                    </TextEquiv>
                </Word>
                <Word id="tr_1_tl_68_w5" custom="readingOrder {index:4;}">
                    <Coords points="806,3559 806,3619 877,3619 877,3559"/>
                    <TextEquiv>
                        <Unicode>that</Unicode>
                    </TextEquiv>
                </Word>
                <Word id="tr_1_tl_68_w6" custom="readingOrder {index:5;}">
                    <Coords points="904,3559 904,3619 975,3619 975,3559"/>
                    <TextEquiv>
                        <Unicode>once</Unicode>
                    </TextEquiv>
                </Word>
                <TextEquiv>
                    <Unicode>number, dt ia rècorded that once</Unicode>
                </TextEquiv>
            </TextLine>
            <TextLine id="tr_1_tl_69" custom="readingOrder {index:68;}">
                <Coords points="275,3656 998,3658 1006,3625 798,3600 622,3629 532,3604 276,3620"/>
                <Baseline points="280,3647 316,3647 352,3647 389,3647 425,3644 462,3644 498,3642 534,3642 571,3644 607,3644 644,3641 680,3641 716,3641 753,3641 789,3641 826,3638 862,3638 898,3638 935,3638 971,3638 1008,3635"/>
                <Word id="tr_1_tl_69_w1" custom="readingOrder {index:0;}">
                    <Coords points="275,3607 275,3667 285,3667 285,3607"/>
                    <TextEquiv>
                        <Unicode>a</Unicode>
                    </TextEquiv>
                </Word>
                <Word id="tr_1_tl_69_w2" custom="readingOrder {index:1;}">
                    <Coords points="311,3607 311,3667 420,3667 420,3607"/>
                    <TextEquiv>
                        <Unicode>college</Unicode>
                    </TextEquiv>
                </Word>
                <Word id="tr_1_tl_69_w3" custom="readingOrder {index:2;}">
                    <Coords points="442,3602 442,3662 618,3662 618,3602"/>
                    <TextEquiv>
                        <Unicode>freshman,</Unicode>
                    </TextEquiv>
                </Word>
                <Word id="tr_1_tl_69_w4" custom="readingOrder {index:3;}">
                    <Coords points="634,3601 634,3661 717,3661 717,3601"/>
                    <TextEquiv>
                        <Unicode>when</Unicode>
                    </TextEquiv>
                </Word>
                <Word id="tr_1_tl_69_w5" custom="readingOrder {index:4;}">
                    <Coords points="744,3601 744,3661 832,3661 832,3601"/>
                    <TextEquiv>
                        <Unicode>asked</Unicode>
                    </TextEquiv>
                </Word>
                <Word id="tr_1_tl_69_w6" custom="readingOrder {index:5;}">
                    <Coords points="859,3598 859,3658 884,3658 884,3598"/>
                    <TextEquiv>
                        <Unicode>to</Unicode>
                    </TextEquiv>
                </Word>
                <Word id="tr_1_tl_69_w7" custom="readingOrder {index:6;}">
                    <Coords points="906,3598 906,3658 993,3658 993,3598"/>
                    <TextEquiv>
                        <Unicode>iden¬</Unicode>
                    </TextEquiv>
                </Word>
                <TextEquiv>
                    <Unicode>a college freshman, when asked to iden¬</Unicode>
                </TextEquiv>
            </TextLine>
            <TextLine id="tr_1_tl_70" custom="readingOrder {index:69;}">
                <Coords points="284,3694 998,3686 998,3655 903,3644 588,3670 551,3649 284,3654"/>
                <Baseline points="289,3682 324,3685 360,3685 395,3684 431,3682 466,3682 502,3682 537,3682 573,3682 608,3681 644,3679 679,3679 715,3679 750,3679 786,3678 821,3676 857,3676 892,3676 928,3676 963,3676 999,3676"/>
                <Word id="tr_1_tl_70_w1" custom="readingOrder {index:0;}">
                    <Coords points="283,3643 283,3703 337,3703 337,3643"/>
                    <TextEquiv>
                        <Unicode>tify</Unicode>
                    </TextEquiv>
                </Word>
                <Word id="tr_1_tl_70_w2" custom="readingOrder {index:1;}">
                    <Coords points="376,3643 376,3703 430,3703 430,3643"/>
                    <TextEquiv>
                        <Unicode>the</Unicode>
                    </TextEquiv>
                </Word>
                <Word id="tr_1_tl_70_w3" custom="readingOrder {index:2;}">
                    <Coords points="460,3642 460,3702 573,3702 573,3642"/>
                    <TextEquiv>
                        <Unicode>name,</Unicode>
                    </TextEquiv>
                </Word>
                <Word id="tr_1_tl_70_w4" custom="readingOrder {index:3;}">
                    <Coords points="598,3639 598,3699 780,3699 780,3639"/>
                    <TextEquiv>
                        <Unicode>wrotehim</Unicode>
                    </TextEquiv>
                </Word>
                <Word id="tr_1_tl_70_w5" custom="readingOrder {index:4;}">
                    <Coords points="830,3636 830,3696 913,3696 913,3636"/>
                    <TextEquiv>
                        <Unicode>down</Unicode>
                    </TextEquiv>
                </Word>
                <Word id="tr_1_tl_70_w6" custom="readingOrder {index:5;}">
                    <Coords points="953,3636 953,3696 987,3696 987,3636"/>
                    <TextEquiv>
                        <Unicode>as</Unicode>
                    </TextEquiv>
                </Word>
                <TextEquiv>
                    <Unicode>tify the name, wrotehim down as</Unicode>
                </TextEquiv>
            </TextLine>
            <TextLine id="tr_1_tl_71" custom="readingOrder {index:70;}">
                <Coords points="293,3735 951,3731 992,3725 993,3686 293,3702"/>
                <Baseline points="298,3724 332,3726 367,3724 402,3722 437,3721 471,3721 506,3721 541,3721 576,3719 610,3718 645,3718 680,3718 715,3718 749,3718 784,3718 819,3718 854,3715 888,3715 923,3716 958,3718 993,3718"/>
                <Word id="tr_1_tl_71_w1" custom="readingOrder {index:0;}">
                    <Coords points="287,3685 287,3745 368,3745 368,3685"/>
                    <TextEquiv>
                        <Unicode>being</Unicode>
                    </TextEquiv>
                </Word>
                <Word id="tr_1_tl_71_w2" custom="readingOrder {index:1;}">
                    <Coords points="402,3681 402,3741 430,3741 430,3681"/>
                    <TextEquiv>
                        <Unicode>"a</Unicode>
                    </TextEquiv>
                </Word>
                <Word id="tr_1_tl_71_w3" custom="readingOrder {index:2;}">
                    <Coords points="460,3681 460,3741 555,3741 555,3681"/>
                    <TextEquiv>
                        <Unicode>brand</Unicode>
                    </TextEquiv>
                </Word>
                <Word id="tr_1_tl_71_w4" custom="readingOrder {index:3;}">
                    <Coords points="584,3678 584,3738 617,3738 617,3678"/>
                    <TextEquiv>
                        <Unicode>of</Unicode>
                    </TextEquiv>
                </Word>
                <Word id="tr_1_tl_71_w5" custom="readingOrder {index:4;}">
                    <Coords points="643,3678 643,3738 714,3738 714,3678"/>
                    <TextEquiv>
                        <Unicode>beer</Unicode>
                    </TextEquiv>
                </Word>
                <Word id="tr_1_tl_71_w6" custom="readingOrder {index:5;}">
                    <Coords points="738,3678 738,3738 752,3738 752,3678"/>
                    <TextEquiv>
                        <Unicode>m</Unicode>
                    </TextEquiv>
                </Word>
                <Word id="tr_1_tl_71_w7" custom="readingOrder {index:6;}">
                    <Coords points="800,3675 800,3735 987,3735 987,3675"/>
                    <TextEquiv>
                        <Unicode>Germany."</Unicode>
                    </TextEquiv>
                </Word>
                <TextEquiv>
                    <Unicode>being "a brand of beer m Germany."</Unicode>
                </TextEquiv>
            </TextLine>
            <TextLine id="tr_1_tl_72" custom="readingOrder {index:71;}">
                <Coords points="284,3771 1005,3767 1006,3732 967,3724 285,3736"/>
                <Baseline points="289,3760 326,3763 364,3761 402,3759 440,3758 478,3760 516,3760 553,3760 591,3758 629,3757 667,3757 705,3757 743,3757 780,3754 818,3754 856,3754 894,3754 932,3754 970,3754 1008,3754"/>
                <Word id="tr_1_tl_72_w1" custom="readingOrder {index:0;}">
                    <Coords points="283,3721 283,3781 322,3781 322,3721"/>
                    <TextEquiv>
                        <Unicode>He</Unicode>
                    </TextEquiv>
                </Word>
                <Word id="tr_1_tl_72_w2" custom="readingOrder {index:1;}">
                    <Coords points="372,3718 372,3778 436,3778 436,3718"/>
                    <TextEquiv>
                        <Unicode>felt</Unicode>
                    </TextEquiv>
                </Word>
                <Word id="tr_1_tl_72_w3" custom="readingOrder {index:2;}">
                    <Coords points="466,3720 466,3780 520,3780 520,3720"/>
                    <TextEquiv>
                        <Unicode>tht</Unicode>
                    </TextEquiv>
                </Word>
                <Word id="tr_1_tl_72_w4" custom="readingOrder {index:3;}">
                    <Coords points="550,3717 550,3777 812,3777 812,3717"/>
                    <TextEquiv>
                        <Unicode>motion-picture</Unicode>
                    </TextEquiv>
                </Word>
                <Word id="tr_1_tl_72_w5" custom="readingOrder {index:4;}">
                    <Coords points="847,3714 847,3774 985,3774 985,3714"/>
                    <TextEquiv>
                        <Unicode>versions</Unicode>
                    </TextEquiv>
                </Word>
                <TextEquiv>
                    <Unicode>He felt tht motion-picture versions</Unicode>
                </TextEquiv>
            </TextLine>
            <TextLine id="tr_1_tl_73" custom="readingOrder {index:72;}">
                <Coords points="286,3815 1001,3794 986,3763 287,3770"/>
                <Baseline points="292,3802 327,3802 363,3800 398,3799 434,3799 469,3799 505,3799 540,3799 576,3799 611,3798 647,3796 682,3796 718,3796 753,3796 789,3795 824,3793 860,3791 895,3790 931,3791 966,3792 1002,3790"/>
                <Word id="tr_1_tl_73_w1" custom="readingOrder {index:0;}">
                    <Coords points="285,3762 285,3822 314,3822 314,3762"/>
                    <TextEquiv>
                        <Unicode>of</Unicode>
                    </TextEquiv>
                </Word>
                <Word id="tr_1_tl_73_w2" custom="readingOrder {index:1;}">
                    <Coords points="334,3760 334,3820 383,3820 383,3760"/>
                    <TextEquiv>
                        <Unicode>his</Unicode>
                    </TextEquiv>
                </Word>
                <Word id="tr_1_tl_73_w3" custom="readingOrder {index:2;}">
                    <Coords points="404,3759 404,3819 482,3819 482,3759"/>
                    <TextEquiv>
                        <Unicode>tales</Unicode>
                    </TextEquiv>
                </Word>
                <Word id="tr_1_tl_73_w4" custom="readingOrder {index:3;}">
                    <Coords points="507,3759 507,3819 600,3819 600,3759"/>
                    <TextEquiv>
                        <Unicode>would</Unicode>
                    </TextEquiv>
                </Word>
                <Word id="tr_1_tl_73_w5" custom="readingOrder {index:4;}">
                    <Coords points="625,3756 625,3816 689,3816 689,3756"/>
                    <TextEquiv>
                        <Unicode>lose</Unicode>
                    </TextEquiv>
                </Word>
                <Word id="tr_1_tl_73_w6" custom="readingOrder {index:5;}">
                    <Coords points="709,3756 709,3816 738,3816 738,3756"/>
                    <TextEquiv>
                        <Unicode>so</Unicode>
                    </TextEquiv>
                </Word>
                <Word id="tr_1_tl_73_w7" custom="readingOrder {index:6;}">
                    <Coords points="763,3750 763,3810 985,3810 985,3750"/>
                    <TextEquiv>
                        <Unicode>manyte</Unicode>
                    </TextEquiv>
                </Word>
                <TextEquiv>
                    <Unicode>of his tales would lose so manyte</Unicode>
                </TextEquiv>
            </TextLine>
            <TextLine id="tr_1_tl_74" custom="readingOrder {index:73;}">
                <Coords points="287,3848 1003,3847 1004,3791 960,3811 288,3813"/>
                <Baseline points="292,3844 327,3842 363,3841 398,3840 434,3838 470,3838 505,3838 541,3838 577,3837 612,3835 648,3835 684,3835 719,3835 755,3835 791,3834 826,3832 862,3832 898,3832 933,3831 969,3828 1005,3826"/>
                <Word id="tr_1_tl_74_w1" custom="readingOrder {index:0;}">
                    <Coords points="288,3800 288,3860 446,3860 446,3800"/>
                    <TextEquiv>
                        <Unicode>essentials</Unicode>
                    </TextEquiv>
                </Word>
                <Word id="tr_1_tl_74_w2" custom="readingOrder {index:1;}">
                    <Coords points="470,3798 470,3858 505,3858 505,3798"/>
                    <TextEquiv>
                        <Unicode>as</Unicode>
                    </TextEquiv>
                </Word>
                <Word id="tr_1_tl_74_w3" custom="readingOrder {index:2;}">
                    <Coords points="536,3797 536,3857 565,3857 565,3797"/>
                    <TextEquiv>
                        <Unicode>to</Unicode>
                    </TextEquiv>
                </Word>
                <Word id="tr_1_tl_74_w4" custom="readingOrder {index:3;}">
                    <Coords points="589,3795 589,3855 623,3855 623,3795"/>
                    <TextEquiv>
                        <Unicode>be</Unicode>
                    </TextEquiv>
                </Word>
                <Word id="tr_1_tl_74_w5" custom="readingOrder {index:4;}">
                    <Coords points="653,3795 653,3855 735,3855 735,3795"/>
                    <TextEquiv>
                        <Unicode>mere</Unicode>
                    </TextEquiv>
                </Word>
                <Word id="tr_1_tl_74_w6" custom="readingOrder {index:5;}">
                    <Coords points="765,3792 765,3852 924,3852 924,3792"/>
                    <TextEquiv>
                        <Unicode>travesties</Unicode>
                    </TextEquiv>
                </Word>
                <Word id="tr_1_tl_74_w7" custom="readingOrder {index:6;}">
                    <Coords points="954,3788 954,3848 983,3848 983,3788"/>
                    <TextEquiv>
                        <Unicode>of</Unicode>
                    </TextEquiv>
                </Word>
                <TextEquiv>
                    <Unicode>essentials as to be mere travesties of</Unicode>
                </TextEquiv>
            </TextLine>
            <TextLine id="tr_1_tl_75" custom="readingOrder {index:74;}">
                <Coords points="293,3908 314,3906 342,3886 402,3883 414,3895 452,3880 483,3892 527,3887 542,3882 543,3843 526,3838 476,3851 450,3844 440,3853 406,3844 358,3864 294,3850"/>
                <Baseline points="298,3879 325,3879 352,3879 379,3878 406,3876 434,3876 461,3876 488,3876 515,3876 543,3876"/>
                <Word id="tr_1_tl_75_w1" custom="readingOrder {index:0;}">
                    <Coords points="299,3839 299,3899 346,3899 346,3839"/>
                    <TextEquiv>
                        <Unicode>Ine</Unicode>
                    </TextEquiv>
                </Word>
                <Word id="tr_1_tl_75_w2" custom="readingOrder {index:1;}">
                    <Coords points="379,3836 379,3896 530,3896 530,3836"/>
                    <TextEquiv>
                        <Unicode>onggnale.</Unicode>
                    </TextEquiv>
                </Word>
                <TextEquiv>
                    <Unicode>Ine onggnale.</Unicode>
                </TextEquiv>
            </TextLine>
            <TextLine id="tr_1_tl_76" custom="readingOrder {index:75;}">
                <Coords points="307,3923 1007,3919 1007,3846 961,3843 690,3882 622,3866 570,3901 452,3881 308,3906"/>
                <Baseline points="313,3912 347,3915 382,3915 417,3915 452,3915 486,3914 521,3912 556,3915 591,3913 625,3911 660,3910 695,3912 730,3912 764,3910 799,3909 834,3909 869,3909 903,3909 938,3909 973,3908 1008,3906"/>
                <Word id="tr_1_tl_76_w1" custom="readingOrder {index:0;}">
                    <Coords points="324,3875 324,3935 557,3935 557,3875"/>
                    <TextEquiv>
                        <Unicode>Noperhalent,</Unicode>
                    </TextEquiv>
                </Word>
                <Word id="tr_1_tl_76_w2" custom="readingOrder {index:1;}">
                    <Coords points="577,3872 577,3932 622,3932 622,3872"/>
                    <TextEquiv>
                        <Unicode>au</Unicode>
                    </TextEquiv>
                </Word>
                <Word id="tr_1_tl_76_w3" custom="readingOrder {index:2;}">
                    <Coords points="661,3871 661,3931 800,3931 800,3871"/>
                    <TextEquiv>
                        <Unicode>anar</Unicode>
                    </TextEquiv>
                </Word>
                <Word id="tr_1_tl_76_w4" custom="readingOrder {index:3;}">
                    <Coords points="838,3869 838,3929 949,3929 949,3869"/>
                    <TextEquiv>
                        <Unicode>enlone</Unicode>
                    </TextEquiv>
                </Word>
                <TextEquiv>
                    <Unicode>Noperhalent, au anar enlone</Unicode>
                </TextEquiv>
            </TextLine>
            <TextLine id="tr_1_tl_77" custom="readingOrder {index:76;}">
                <Coords points="290,3970 920,3967 1005,3949 1006,3920 291,3920"/>
                <Baseline points="295,3957 330,3957 366,3955 401,3954 437,3954 473,3954 508,3952 544,3951 580,3951 615,3951 651,3951 687,3951 722,3951 758,3951 794,3951 829,3951 865,3949 901,3948 936,3947 972,3945 1008,3945"/>
                <Word id="tr_1_tl_77_w1" custom="readingOrder {index:0;}">
                    <Coords points="291,3917 291,3977 302,3977 302,3917"/>
                    <TextEquiv>
                        <Unicode>a</Unicode>
                    </TextEquiv>
                </Word>
                <Word id="tr_1_tl_77_w2" custom="readingOrder {index:1;}">
                    <Coords points="331,3915 331,3975 399,3975 399,3915"/>
                    <TextEquiv>
                        <Unicode>good</Unicode>
                    </TextEquiv>
                </Word>
                <Word id="tr_1_tl_77_w3" custom="readingOrder {index:2;}">
                    <Coords points="429,3914 429,3974 480,3974 480,3914"/>
                    <TextEquiv>
                        <Unicode>run</Unicode>
                    </TextEquiv>
                </Word>
                <Word id="tr_1_tl_77_w4" custom="readingOrder {index:3;}">
                    <Coords points="509,3911 509,3971 549,3971 549,3911"/>
                    <TextEquiv>
                        <Unicode>on</Unicode>
                    </TextEquiv>
                </Word>
                <Word id="tr_1_tl_77_w5" custom="readingOrder {index:4;}">
                    <Coords points="578,3911 578,3971 629,3971 629,3911"/>
                    <TextEquiv>
                        <Unicode>the</Unicode>
                    </TextEquiv>
                </Word>
                <Word id="tr_1_tl_77_w6" custom="readingOrder {index:5;}">
                    <Coords points="653,3911 653,3971 715,3971 715,3911"/>
                    <TextEquiv>
                        <Unicode>New</Unicode>
                    </TextEquiv>
                </Word>
                <Word id="tr_1_tl_77_w7" custom="readingOrder {index:6;}">
                    <Coords points="751,3911 751,3971 830,3971 830,3911"/>
                    <TextEquiv>
                        <Unicode>York</Unicode>
                    </TextEquiv>
                </Word>
                <Word id="tr_1_tl_77_w8" custom="readingOrder {index:7;}">
                    <Coords points="860,3907 860,3967 945,3967 945,3907"/>
                    <TextEquiv>
                        <Unicode>stage</Unicode>
                    </TextEquiv>
                </Word>
                <Word id="tr_1_tl_77_w9" custom="readingOrder {index:8;}">
                    <Coords points="969,3905 969,3965 980,3965 980,3905"/>
                    <TextEquiv>
                        <Unicode>a</Unicode>
                    </TextEquiv>
                </Word>
                <TextEquiv>
                    <Unicode>a good run on the New York stage a</Unicode>
                </TextEquiv>
            </TextLine>
            <TextLine id="tr_1_tl_78" custom="readingOrder {index:77;}">
                <Coords points="296,4027 475,3998 940,4010 1006,3992 1007,3947 297,3973"/>
                <Baseline points="301,3999 336,3996 371,3994 407,3993 442,3993 477,3993 513,3990 548,3990 583,3990 619,3990 654,3990 689,3990 725,3988 760,3987 795,3987 831,3987 866,3987 901,3985 937,3983 972,3979 1008,3972"/>
                <Word id="tr_1_tl_78_w1" custom="readingOrder {index:0;}">
                    <Coords points="297,3956 297,4016 366,4016 366,3956"/>
                    <TextEquiv>
                        <Unicode>poan</Unicode>
                    </TextEquiv>
                </Word>
                <Word id="tr_1_tl_78_w2" custom="readingOrder {index:1;}">
                    <Coords points="390,3953 390,4013 471,4013 471,3953"/>
                    <TextEquiv>
                        <Unicode>ang,</Unicode>
                    </TextEquiv>
                </Word>
                <Word id="tr_1_tl_78_w3" custom="readingOrder {index:2;}">
                    <Coords points="495,3950 495,4010 560,4010 560,3950"/>
                    <TextEquiv>
                        <Unicode>nn</Unicode>
                    </TextEquiv>
                </Word>
                <Word id="tr_1_tl_78_w4" custom="readingOrder {index:3;}">
                    <Coords points="589,3950 589,4010 635,4010 635,3950"/>
                    <TextEquiv>
                        <Unicode>nie</Unicode>
                    </TextEquiv>
                </Word>
                <Word id="tr_1_tl_78_w5" custom="readingOrder {index:4;}">
                    <Coords points="677,3947 677,4007 782,4007 782,3947"/>
                    <TextEquiv>
                        <Unicode>Breen</Unicode>
                    </TextEquiv>
                </Word>
                <Word id="tr_1_tl_78_w6" custom="readingOrder {index:5;}">
                    <Coords points="818,3945 818,4005 968,4005 968,3945"/>
                    <TextEquiv>
                        <Unicode>Cockaloo</Unicode>
                    </TextEquiv>
                </Word>
                <TextEquiv>
                    <Unicode>poan ang, nn nie Breen Cockaloo</Unicode>
                </TextEquiv>
            </TextLine>
            <TextLine id="tr_1_tl_79" custom="readingOrder {index:78;}">
                <Coords points="385,4033 450,4054 602,4035 678,4060 713,4041 866,4026 866,4004 803,3994 774,4013 667,3993 540,4009 475,3998 456,4012 385,4001"/>
                <Baseline points="390,4017 415,4019 440,4021 465,4024 490,4027 515,4028 540,4030 566,4032 591,4032 616,4033 641,4029 666,4026 691,4026 717,4025 742,4024 767,4022 792,4020 817,4017 842,4014 868,4017"/>
                <TextEquiv>
                    <Unicode></Unicode>
                </TextEquiv>
            </TextLine>
            <TextLine id="tr_1_tl_80" custom="readingOrder {index:79;}">
                <Coords points="486,4073 501,4080 528,4073 549,4084 570,4071 612,4086 616,4041 603,4036 573,4044 548,4041 534,4048 518,4038 489,4048"/>
                <Baseline points="492,4064 517,4064 542,4062 567,4059 592,4056 617,4052"/>
                <Word id="tr_1_tl_80_w1" custom="readingOrder {index:0;}">
                    <Coords points="488,4024 488,4084 543,4084 543,4024"/>
                    <TextEquiv>
                        <Unicode>tor</Unicode>
                    </TextEquiv>
                </Word>
                <TextEquiv>
                    <Unicode>tor</Unicode>
                </TextEquiv>
            </TextLine>
            <TextEquiv>
                <Unicode></Unicode>
            </TextEquiv>
        </TextRegion>
        <TextRegion orientation="0.0" id="tr_2" custom="readingOrder {index:1;}">
            <Coords points="1701,313 1701,4146 2626,4146 2626,313"/>
            <TextLine id="tr_2_tl_1" custom="readingOrder {index:0;}">
                <Coords points="1858,345 1953,380 2000,370 2025,382 2086,382 2073,272 2036,266 2008,284 1953,268 1910,299 1854,306"/>
                <Baseline points="1862,334 1889,336 1917,340 1945,347 1973,350 2001,352 2029,354 2057,356 2085,359"/>
                <Word id="tr_2_tl_1_w1" custom="readingOrder {index:0;}">
                    <Coords points="1868,307 1868,367 2030,367 2030,307"/>
                    <TextEquiv>
                        <Unicode>OE</Unicode>
                    </TextEquiv>
                </Word>
                <TextEquiv>
                    <Unicode>OE</Unicode>
                </TextEquiv>
            </TextLine>
            <TextLine id="tr_2_tl_2" custom="readingOrder {index:1;}">
                <Coords points="2146,397 2190,394 2210,408 2243,378 2265,386 2290,374 2345,406 2358,402 2348,328 2315,325 2307,332 2284,318 2214,319 2192,347 2148,330 2138,334"/>
                <Baseline points="2146,359 2172,362 2198,364 2225,366 2251,370 2277,375 2304,379 2330,382 2357,385"/>
                <Word id="tr_2_tl_2_w1" custom="readingOrder {index:0;}">
                    <Coords points="2147,322 2147,382 2221,382 2221,322"/>
                    <TextEquiv>
                        <Unicode>SE</Unicode>
                    </TextEquiv>
                </Word>
                <TextEquiv>
                    <Unicode>SE</Unicode>
                </TextEquiv>
            </TextLine>
            <TextLine id="tr_2_tl_3" custom="readingOrder {index:2;}">
                <Coords points="2265,419 2393,423 2477,452 2618,448 2607,363 2482,354 2426,374 2403,361 2367,394 2339,399 2298,375 2261,385"/>
                <Baseline points="2268,399 2293,403 2318,406 2343,407 2368,410 2393,414 2418,414 2443,415 2468,425 2493,433 2518,439 2543,441 2568,441 2593,438 2618,433"/>
                <Word id="tr_2_tl_3_w1" custom="readingOrder {index:0;}">
                    <Coords points="2272,374 2272,434 2572,434 2572,374"/>
                    <TextEquiv>
                        <Unicode>VEF</Unicode>
                    </TextEquiv>
                </Word>
                <TextEquiv>
                    <Unicode>VEF</Unicode>
                </TextEquiv>
            </TextLine>
            <TextLine id="tr_2_tl_4" custom="readingOrder {index:3;}">
                <Coords points="1953,415 2577,505 2572,471 2493,448 2002,370 1948,380"/>
                <Baseline points="1957,408 1988,410 2019,413 2050,417 2081,422 2112,427 2143,432 2174,435 2205,440 2236,445 2267,449 2298,455 2329,461 2360,465 2391,469 2422,473 2453,477 2484,482 2515,486 2546,490 2578,495"/>
                <Word id="tr_2_tl_4_w1" custom="readingOrder {index:0;}">
                    <Coords points="2122,391 2122,451 2156,451 2156,391"/>
                    <TextEquiv>
                        <Unicode>e</Unicode>
                    </TextEquiv>
                </Word>
                <Word id="tr_2_tl_4_w2" custom="readingOrder {index:1;}">
                    <Coords points="2290,433 2290,493 2563,493 2563,433"/>
                    <TextEquiv>
                        <Unicode>nesonee.</Unicode>
                    </TextEquiv>
                </Word>
                <TextEquiv>
                    <Unicode>e  nesonee.</Unicode>
                </TextEquiv>
            </TextLine>
            <TextLine id="tr_2_tl_5" custom="readingOrder {index:4;}">
                <Coords points="1900,452 2571,551 2624,546 2619,510 2405,498 1892,398"/>
                <Baseline points="1904,441 1940,443 1976,448 2012,453 2048,457 2084,462 2120,469 2156,475 2192,480 2228,484 2265,490 2301,497 2337,502 2373,507 2409,513 2445,520 2481,524 2517,529 2553,534 2589,538 2626,543"/>
                <Word id="tr_2_tl_5_w1" custom="readingOrder {index:0;}">
                    <Coords points="1935,450 1935,510 2600,510 2600,450"/>
                    <TextEquiv>
                        <Unicode>.</Unicode>
                    </TextEquiv>
                </Word>
                <TextEquiv>
                    <Unicode>.</Unicode>
                </TextEquiv>
            </TextLine>
            <TextLine id="tr_2_tl_6" custom="readingOrder {index:5;}">
                <Coords points="1950,518 2469,601 2563,602 2557,561 2315,508 2170,514 1943,471"/>
                <Baseline points="1954,510 1984,512 2014,515 2045,519 2075,523 2106,527 2136,531 2167,536 2197,541 2228,547 2258,551 2288,556 2319,562 2349,566 2380,570 2410,574 2441,580 2471,584 2502,588 2532,592 2563,590"/>
                <Word id="tr_2_tl_6_w1" custom="readingOrder {index:0;}">
                    <Coords points="1975,474 1975,534 2037,534 2037,474"/>
                    <TextEquiv>
                        <Unicode>e</Unicode>
                    </TextEquiv>
                </Word>
                <Word id="tr_2_tl_6_w2" custom="readingOrder {index:1;}">
                    <Coords points="2189,528 2189,588 2549,588 2549,528"/>
                    <TextEquiv>
                        <Unicode>oee.</Unicode>
                    </TextEquiv>
                </Word>
                <TextEquiv>
                    <Unicode>e  oee.</Unicode>
                </TextEquiv>
            </TextLine>
            <TextLine id="tr_2_tl_7" custom="readingOrder {index:6;}">
                <Coords points="2035,587 2269,607 2307,627 2371,619 2456,645 2454,589 2323,586 2227,555 2028,540"/>
                <Baseline points="2038,573 2064,575 2091,577 2117,580 2144,584 2170,590 2197,593 2223,597 2250,600 2276,604 2303,607 2329,611 2356,615 2382,618 2409,623 2435,628 2462,632"/>
                <Word id="tr_2_tl_7_w1" custom="readingOrder {index:0;}">
                    <Coords points="2045,545 2045,605 2256,605 2256,545"/>
                    <TextEquiv>
                        <Unicode>TELEENON</Unicode>
                    </TextEquiv>
                </Word>
                <Word id="tr_2_tl_7_w2" custom="readingOrder {index:1;}">
                    <Coords points="2285,565 2285,625 2299,625 2299,565"/>
                    <TextEquiv>
                        <Unicode>R</Unicode>
                    </TextEquiv>
                </Word>
                <Word id="tr_2_tl_7_w3" custom="readingOrder {index:2;}">
                    <Coords points="2329,575 2329,635 2398,635 2398,575"/>
                    <TextEquiv>
                        <Unicode>2O</Unicode>
                    </TextEquiv>
                </Word>
                <TextEquiv>
                    <Unicode>TELEENON R 2O</Unicode>
                </TextEquiv>
            </TextLine>
            <TextLine id="tr_2_tl_8" custom="readingOrder {index:7;}">
                <Coords points="1815,727 1914,699 1957,720 1977,713 2092,742 2154,735 2147,684 2055,687 1957,650 1937,665 1853,642 1804,646"/>
                <Baseline points="1814,683 1840,685 1866,687 1892,690 1918,695 1944,700 1970,704 1997,708 2023,711 2049,714 2075,718 2101,721 2127,725 2154,728"/>
                <Word id="tr_2_tl_8_w1" custom="readingOrder {index:0;}">
                    <Coords points="1814,656 1814,716 2035,716 2035,656"/>
                    <TextEquiv>
                        <Unicode>Ausschnitt</Unicode>
                    </TextEquiv>
                </Word>
                <Word id="tr_2_tl_8_w2" custom="readingOrder {index:1;}">
                    <Coords points="2057,680 2057,740 2140,740 2140,680"/>
                    <TextEquiv>
                        <Unicode>aus;</Unicode>
                    </TextEquiv>
                </Word>
                <TextEquiv>
                    <Unicode>Ausschnitt aus;</Unicode>
                </TextEquiv>
            </TextLine>
            <TextLine id="tr_2_tl_9" custom="readingOrder {index:8;}">
                <Coords points="2064,852 2195,874 2240,850 2317,869 2531,859 2536,770 2434,810 2255,801 2197,770 2062,783"/>
                <Baseline points="2068,835 2094,835 2120,835 2146,837 2172,838 2198,838 2225,840 2251,841 2277,843 2303,844 2329,844 2355,844 2382,844 2408,844 2434,845 2460,846 2486,846 2512,844 2539,847"/>
                <Word id="tr_2_tl_9_w1" custom="readingOrder {index:0;}">
                    <Coords points="2069,798 2069,858 2325,858 2325,798"/>
                    <TextEquiv>
                        <Unicode>etere</Unicode>
                    </TextEquiv>
                </Word>
                <Word id="tr_2_tl_9_w2" custom="readingOrder {index:1;}">
                    <Coords points="2360,804 2360,864 2494,864 2494,804"/>
                    <TextEquiv>
                        <Unicode>Ge</Unicode>
                    </TextEquiv>
                </Word>
                <TextEquiv>
                    <Unicode>etere Ge</Unicode>
                </TextEquiv>
            </TextLine>
            <TextLine id="tr_2_tl_10" custom="readingOrder {index:9;}">
                <Coords points="1786,907 1805,910 1817,920 1832,916 1863,924 1882,918 1893,920 1907,913 1902,879 1872,872 1861,876 1842,863 1830,866 1821,859 1811,867 1798,863 1780,867"/>
                <Baseline points="1790,901 1820,905 1850,910 1880,916 1910,916"/>
                <Word id="tr_2_tl_10_w1" custom="readingOrder {index:0;}">
                    <Coords points="1780,868 1780,928 1899,928 1899,868"/>
                    <TextEquiv>
                        <Unicode>Vom;</Unicode>
                    </TextEquiv>
                </Word>
                <TextEquiv>
                    <Unicode>Vom;</Unicode>
                </TextEquiv>
            </TextLine>
            <TextLine id="tr_2_tl_11" custom="readingOrder {index:10;}">
                <Coords points="2065,1043 2147,1036 2370,1091 2457,1088 2434,993 2350,1004 2184,950 2171,961 2093,937 2041,943"/>
                <Baseline points="2059,993 2085,998 2111,1002 2138,1004 2164,1013 2191,1026 2217,1033 2244,1040 2270,1047 2297,1055 2323,1062 2350,1065 2376,1069 2403,1073 2429,1075 2456,1077"/>
                <Word id="tr_2_tl_11_w1" custom="readingOrder {index:0;}">
                    <Coords points="2069,956 2069,1016 2087,1016 2087,956"/>
                    <TextEquiv>
                        <Unicode>2</Unicode>
                    </TextEquiv>
                </Word>
                <Word id="tr_2_tl_11_w2" custom="readingOrder {index:1;}">
                    <Coords points="2189,1000 2189,1060 2303,1060 2303,1000"/>
                    <TextEquiv>
                        <Unicode>001.</Unicode>
                    </TextEquiv>
                </Word>
                <Word id="tr_2_tl_11_w3" custom="readingOrder {index:2;}">
                    <Coords points="2328,1030 2328,1090 2442,1090 2442,1030"/>
                    <TextEquiv>
                        <Unicode>108.</Unicode>
                    </TextEquiv>
                </Word>
                <TextEquiv>
                    <Unicode>2 001. 108.</Unicode>
                </TextEquiv>
            </TextLine>
            <TextLine id="tr_2_tl_12" custom="readingOrder {index:11;}">
                <Coords points="1737,1464 2478,1455 2477,1373 1736,1382"/>
                <Baseline points="1742,1438 1778,1438 1815,1440 1852,1441 1889,1440 1926,1438 1963,1438 2000,1438 2037,1438 2074,1439 2111,1441 2147,1441 2184,1441 2221,1443 2258,1444 2295,1444 2332,1444 2369,1444 2406,1446 2443,1447 2480,1447"/>
                <Word id="tr_2_tl_12_w1" custom="readingOrder {index:0;}">
                    <Coords points="1746,1400 1746,1460 1963,1460 1963,1400"/>
                    <TextEquiv>
                        <Unicode>DEATH</Unicode>
                    </TextEquiv>
                </Word>
                <Word id="tr_2_tl_12_w2" custom="readingOrder {index:1;}">
                    <Coords points="2027,1398 2027,1458 2110,1458 2110,1398"/>
                    <TextEquiv>
                        <Unicode>OF</Unicode>
                    </TextEquiv>
                </Word>
                <Word id="tr_2_tl_12_w3" custom="readingOrder {index:2;}">
                    <Coords points="2164,1404 2164,1464 2433,1464 2433,1404"/>
                    <TextEquiv>
                        <Unicode>ARTHUR</Unicode>
                    </TextEquiv>
                </Word>
                <TextEquiv>
                    <Unicode>DEATH OF ARTHUR</Unicode>
                </TextEquiv>
            </TextLine>
            <TextLine id="tr_2_tl_13" custom="readingOrder {index:12;}">
                <Coords points="1887,1534 2052,1527 2090,1556 2337,1542 2326,1460 1887,1471"/>
                <Baseline points="1892,1522 1918,1522 1944,1522 1970,1522 1997,1523 2023,1525 2049,1525 2076,1525 2102,1525 2128,1525 2154,1525 2181,1525 2207,1525 2233,1525 2260,1524 2286,1523 2312,1523 2339,1525"/>
                <Word id="tr_2_tl_13_w1" custom="readingOrder {index:0;}">
                    <Coords points="1897,1485 1897,1545 2293,1545 2293,1485"/>
                    <TextEquiv>
                        <Unicode>SCHNITZLER</Unicode>
                    </TextEquiv>
                </Word>
                <TextEquiv>
                    <Unicode>SCHNITZLER</Unicode>
                </TextEquiv>
            </TextLine>
            <TextLine id="tr_2_tl_14" custom="readingOrder {index:13;}">
                <Coords points="1744,1709 1867,1674 2381,1704 2467,1690 2467,1620 2331,1637 2219,1608 2011,1638 1743,1605"/>
                <Baseline points="1748,1665 1784,1665 1820,1667 1856,1669 1892,1671 1928,1671 1964,1671 2000,1671 2036,1671 2072,1671 2108,1671 2144,1671 2180,1671 2216,1671 2252,1671 2288,1671 2324,1674 2360,1674 2396,1673 2432,1672 2468,1674"/>
                <Word id="tr_2_tl_14_w1" custom="readingOrder {index:0;}">
                    <Coords points="1749,1625 1749,1685 1840,1685 1840,1625"/>
                    <TextEquiv>
                        <Unicode>The</Unicode>
                    </TextEquiv>
                </Word>
                <Word id="tr_2_tl_14_w2" custom="readingOrder {index:1;}">
                    <Coords points="1874,1631 1874,1691 2090,1691 2090,1631"/>
                    <TextEquiv>
                        <Unicode>Creator</Unicode>
                    </TextEquiv>
                </Word>
                <Word id="tr_2_tl_14_w3" custom="readingOrder {index:2;}">
                    <Coords points="2117,1631 2117,1691 2174,1691 2174,1631"/>
                    <TextEquiv>
                        <Unicode>of</Unicode>
                    </TextEquiv>
                </Word>
                <Word id="tr_2_tl_14_w4" custom="readingOrder {index:3;}">
                    <Coords points="2200,1631 2200,1691 2216,1691 2216,1631"/>
                    <TextEquiv>
                        <Unicode>“</Unicode>
                    </TextEquiv>
                </Word>
                <Word id="tr_2_tl_14_w5" custom="readingOrder {index:4;}">
                    <Coords points="2242,1634 2242,1694 2433,1694 2433,1634"/>
                    <TextEquiv>
                        <Unicode>Anatol</Unicode>
                    </TextEquiv>
                </Word>
                <TextEquiv>
                    <Unicode>The Creator of “ Anatol</Unicode>
                </TextEquiv>
            </TextLine>
            <TextLine id="tr_2_tl_15" custom="readingOrder {index:14;}">
                <Coords points="1771,1764 2484,1773 2490,1703 2254,1732 2154,1705 2081,1733 1919,1698 1854,1723 1770,1710"/>
                <Baseline points="1775,1748 1810,1750 1846,1751 1882,1751 1918,1752 1954,1754 1990,1754 2025,1754 2061,1753 2097,1752 2133,1754 2169,1754 2205,1754 2241,1754 2276,1754 2312,1754 2348,1754 2384,1754 2420,1754 2456,1754 2492,1754"/>
                <Word id="tr_2_tl_15_w1" custom="readingOrder {index:0;}">
                    <Coords points="1770,1709 1770,1769 1831,1769 1831,1709"/>
                    <TextEquiv>
                        <Unicode>The</Unicode>
                    </TextEquiv>
                </Word>
                <Word id="tr_2_tl_15_w2" custom="readingOrder {index:1;}">
                    <Coords points="1868,1712 1868,1772 1997,1772 1997,1712"/>
                    <TextEquiv>
                        <Unicode>famous</Unicode>
                    </TextEquiv>
                </Word>
                <Word id="tr_2_tl_15_w3" custom="readingOrder {index:2;}">
                    <Coords points="2024,1712 2024,1772 2178,1772 2178,1712"/>
                    <TextEquiv>
                        <Unicode>Austrian</Unicode>
                    </TextEquiv>
                </Word>
                <Word id="tr_2_tl_15_w4" custom="readingOrder {index:3;}">
                    <Coords points="2210,1714 2210,1774 2391,1774 2391,1714"/>
                    <TextEquiv>
                        <Unicode>dramatist</Unicode>
                    </TextEquiv>
                </Word>
                <Word id="tr_2_tl_15_w5" custom="readingOrder {index:4;}">
                    <Coords points="2417,1714 2417,1774 2479,1774 2479,1714"/>
                    <TextEquiv>
                        <Unicode>and</Unicode>
                    </TextEquiv>
                </Word>
                <TextEquiv>
                    <Unicode>The famous Austrian dramatist and</Unicode>
                </TextEquiv>
            </TextLine>
            <TextLine id="tr_2_tl_16" custom="readingOrder {index:15;}">
                <Coords points="1735,1804 2487,1825 2487,1777 2435,1768 1735,1770"/>
                <Baseline points="1740,1799 1777,1796 1814,1796 1852,1796 1889,1797 1927,1799 1964,1799 2002,1799 2039,1799 2077,1799 2114,1799 2151,1799 2189,1799 2226,1799 2264,1799 2301,1799 2339,1799 2376,1799 2414,1799 2451,1799 2489,1799"/>
                <Word id="tr_2_tl_16_w1" custom="readingOrder {index:0;}">
                    <Coords points="1734,1756 1734,1816 1877,1816 1877,1756"/>
                    <TextEquiv>
                        <Unicode>novelist</Unicode>
                    </TextEquiv>
                </Word>
                <Word id="tr_2_tl_16_w2" custom="readingOrder {index:1;}">
                    <Coords points="1902,1759 1902,1819 1963,1819 1963,1759"/>
                    <TextEquiv>
                        <Unicode>Dr.</Unicode>
                    </TextEquiv>
                </Word>
                <Word id="tr_2_tl_16_w3" custom="readingOrder {index:2;}">
                    <Coords points="1983,1759 1983,1819 2107,1819 2107,1759"/>
                    <TextEquiv>
                        <Unicode>Arthur</Unicode>
                    </TextEquiv>
                </Word>
                <Word id="tr_2_tl_16_w4" custom="readingOrder {index:3;}">
                    <Coords points="2132,1759 2132,1819 2333,1819 2333,1759"/>
                    <TextEquiv>
                        <Unicode>Schnitzler,</Unicode>
                    </TextEquiv>
                </Word>
                <Word id="tr_2_tl_16_w5" custom="readingOrder {index:4;}">
                    <Coords points="2352,1759 2352,1819 2481,1819 2481,1759"/>
                    <TextEquiv>
                        <Unicode>creator</Unicode>
                    </TextEquiv>
                </Word>
                <TextEquiv>
                    <Unicode>novelist Dr. Arthur Schnitzler, creator</Unicode>
                </TextEquiv>
            </TextLine>
            <TextLine id="tr_2_tl_17" custom="readingOrder {index:16;}">
                <Coords points="1735,1853 2476,1877 2489,1818 1734,1809"/>
                <Baseline points="1740,1844 1777,1844 1815,1844 1852,1844 1890,1844 1928,1845 1965,1847 2003,1847 2040,1847 2078,1847 2116,1847 2153,1847 2191,1847 2228,1847 2266,1847 2304,1847 2341,1847 2379,1847 2416,1847 2454,1850 2492,1850"/>
                <Word id="tr_2_tl_17_w1" custom="readingOrder {index:0;}">
                    <Coords points="1735,1804 1735,1864 1764,1864 1764,1804"/>
                    <TextEquiv>
                        <Unicode>of</Unicode>
                    </TextEquiv>
                </Word>
                <Word id="tr_2_tl_17_w2" custom="readingOrder {index:1;}">
                    <Coords points="1788,1804 1788,1864 1799,1864 1799,1804"/>
                    <TextEquiv>
                        <Unicode>“</Unicode>
                    </TextEquiv>
                </Word>
                <Word id="tr_2_tl_17_w3" custom="readingOrder {index:2;}">
                    <Coords points="1818,1804 1818,1864 1977,1864 1977,1804"/>
                    <TextEquiv>
                        <Unicode>Anatol,”</Unicode>
                    </TextEquiv>
                </Word>
                <Word id="tr_2_tl_17_w4" custom="readingOrder {index:3;}">
                    <Coords points="2008,1807 2008,1867 2072,1867 2072,1807"/>
                    <TextEquiv>
                        <Unicode>died</Unicode>
                    </TextEquiv>
                </Word>
                <Word id="tr_2_tl_17_w5" custom="readingOrder {index:4;}">
                    <Coords points="2102,1807 2102,1867 2125,1867 2125,1807"/>
                    <TextEquiv>
                        <Unicode>in</Unicode>
                    </TextEquiv>
                </Word>
                <Word id="tr_2_tl_17_w6" custom="readingOrder {index:5;}">
                    <Coords points="2156,1807 2156,1867 2279,1867 2279,1807"/>
                    <TextEquiv>
                        <Unicode>Vienna</Unicode>
                    </TextEquiv>
                </Word>
                <Word id="tr_2_tl_17_w7" custom="readingOrder {index:6;}">
                    <Coords points="2304,1807 2304,1867 2480,1867 2480,1807"/>
                    <TextEquiv>
                        <Unicode>yesterday</Unicode>
                    </TextEquiv>
                </Word>
                <TextEquiv>
                    <Unicode>of “ Anatol,” died in Vienna yesterday</Unicode>
                </TextEquiv>
            </TextLine>
            <TextLine id="tr_2_tl_18" custom="readingOrder {index:17;}">
                <Coords points="1735,1902 1915,1912 1962,1895 2008,1912 2066,1897 2066,1853 1993,1861 1977,1852 1953,1866 1908,1860 1864,1874 1802,1846 1780,1861 1735,1853"/>
                <Baseline points="1740,1892 1765,1889 1790,1889 1815,1889 1840,1889 1866,1890 1891,1892 1916,1892 1941,1892 1967,1892 1992,1892 2017,1892 2042,1891 2068,1889"/>
                <Word id="tr_2_tl_18_w1" custom="readingOrder {index:0;}">
                    <Coords points="1735,1850 1735,1910 1766,1910 1766,1850"/>
                    <TextEquiv>
                        <Unicode>at</Unicode>
                    </TextEquiv>
                </Word>
                <Word id="tr_2_tl_18_w2" custom="readingOrder {index:1;}">
                    <Coords points="1794,1849 1794,1909 1848,1909 1848,1849"/>
                    <TextEquiv>
                        <Unicode>the</Unicode>
                    </TextEquiv>
                </Word>
                <Word id="tr_2_tl_18_w3" custom="readingOrder {index:2;}">
                    <Coords points="1870,1852 1870,1912 1929,1912 1929,1852"/>
                    <TextEquiv>
                        <Unicode>age</Unicode>
                    </TextEquiv>
                </Word>
                <Word id="tr_2_tl_18_w4" custom="readingOrder {index:3;}">
                    <Coords points="1956,1852 1956,1912 1988,1912 1988,1852"/>
                    <TextEquiv>
                        <Unicode>of</Unicode>
                    </TextEquiv>
                </Word>
                <Word id="tr_2_tl_18_w5" custom="readingOrder {index:4;}">
                    <Coords points="2010,1851 2010,1911 2064,1911 2064,1851"/>
                    <TextEquiv>
                        <Unicode>69.</Unicode>
                    </TextEquiv>
                </Word>
                <TextEquiv>
                    <Unicode>at the age of 69.</Unicode>
                </TextEquiv>
            </TextLine>
            <TextLine id="tr_2_tl_19" custom="readingOrder {index:18;}">
                <Coords points="1773,1947 2493,1951 2493,1903 2407,1889 2184,1919 1773,1904"/>
                <Baseline points="1778,1934 1813,1936 1849,1936 1885,1936 1921,1937 1957,1939 1993,1939 2028,1937 2064,1936 2100,1936 2136,1936 2172,1936 2208,1936 2244,1937 2279,1939 2315,1939 2351,1939 2387,1939 2423,1939 2459,1940 2495,1942"/>
                <Word id="tr_2_tl_19_w1" custom="readingOrder {index:0;}">
                    <Coords points="1773,1896 1773,1956 1896,1956 1896,1896"/>
                    <TextEquiv>
                        <Unicode>Arthur</Unicode>
                    </TextEquiv>
                </Word>
                <Word id="tr_2_tl_19_w2" custom="readingOrder {index:1;}">
                    <Coords points="1918,1898 1918,1958 2103,1958 2103,1898"/>
                    <TextEquiv>
                        <Unicode>Schnitzler</Unicode>
                    </TextEquiv>
                </Word>
                <Word id="tr_2_tl_19_w3" custom="readingOrder {index:2;}">
                    <Coords points="2124,1896 2124,1956 2186,1956 2186,1896"/>
                    <TextEquiv>
                        <Unicode>was</Unicode>
                    </TextEquiv>
                </Word>
                <Word id="tr_2_tl_19_w4" custom="readingOrder {index:3;}">
                    <Coords points="2208,1896 2208,1956 2279,1956 2279,1896"/>
                    <TextEquiv>
                        <Unicode>born</Unicode>
                    </TextEquiv>
                </Word>
                <Word id="tr_2_tl_19_w5" custom="readingOrder {index:4;}">
                    <Coords points="2305,1899 2305,1959 2331,1959 2331,1899"/>
                    <TextEquiv>
                        <Unicode>in</Unicode>
                    </TextEquiv>
                </Word>
                <Word id="tr_2_tl_19_w6" custom="readingOrder {index:5;}">
                    <Coords points="2358,1899 2358,1959 2475,1959 2475,1899"/>
                    <TextEquiv>
                        <Unicode>Vienna</Unicode>
                    </TextEquiv>
                </Word>
                <TextEquiv>
                    <Unicode>Arthur Schnitzler was born in Vienna</Unicode>
                </TextEquiv>
            </TextLine>
            <TextLine id="tr_2_tl_20" custom="readingOrder {index:19;}">
                <Coords points="1736,2000 2491,2000 2490,1951 2432,1945 2376,1969 1735,1936"/>
                <Baseline points="1740,1984 1777,1984 1815,1984 1852,1984 1890,1983 1928,1982 1965,1984 2003,1984 2040,1984 2078,1984 2116,1984 2153,1983 2191,1981 2228,1984 2266,1984 2304,1984 2341,1985 2379,1986 2416,1984 2454,1987 2492,1984"/>
                <Word id="tr_2_tl_20_w1" custom="readingOrder {index:0;}">
                    <Coords points="1735,1944 1735,2004 1762,2004 1762,1944"/>
                    <TextEquiv>
                        <Unicode>in</Unicode>
                    </TextEquiv>
                </Word>
                <Word id="tr_2_tl_20_w2" custom="readingOrder {index:1;}">
                    <Coords points="1789,1944 1789,2004 1881,2004 1881,1944"/>
                    <TextEquiv>
                        <Unicode>May,</Unicode>
                    </TextEquiv>
                </Word>
                <Word id="tr_2_tl_20_w3" custom="readingOrder {index:2;}">
                    <Coords points="1898,1942 1898,2002 1984,2002 1984,1942"/>
                    <TextEquiv>
                        <Unicode>1862.</Unicode>
                    </TextEquiv>
                </Word>
                <Word id="tr_2_tl_20_w4" custom="readingOrder {index:3;}">
                    <Coords points="2017,1944 2017,2004 2076,2004 2076,1944"/>
                    <TextEquiv>
                        <Unicode>His</Unicode>
                    </TextEquiv>
                </Word>
                <Word id="tr_2_tl_20_w5" custom="readingOrder {index:4;}">
                    <Coords points="2098,1943 2098,2003 2201,2003 2201,1943"/>
                    <TextEquiv>
                        <Unicode>father</Unicode>
                    </TextEquiv>
                </Word>
                <Word id="tr_2_tl_20_w6" custom="readingOrder {index:5;}">
                    <Coords points="2223,1944 2223,2004 2288,2004 2288,1944"/>
                    <TextEquiv>
                        <Unicode>was</Unicode>
                    </TextEquiv>
                </Word>
                <Word id="tr_2_tl_20_w7" custom="readingOrder {index:6;}">
                    <Coords points="2310,1944 2310,2004 2320,2004 2320,1944"/>
                    <TextEquiv>
                        <Unicode>a</Unicode>
                    </TextEquiv>
                </Word>
                <Word id="tr_2_tl_20_w8" custom="readingOrder {index:7;}">
                    <Coords points="2343,1944 2343,2004 2488,2004 2488,1944"/>
                    <TextEquiv>
                        <Unicode>medical</Unicode>
                    </TextEquiv>
                </Word>
                <TextEquiv>
                    <Unicode>in May, 1862. His father was a medical</Unicode>
                </TextEquiv>
            </TextLine>
            <TextLine id="tr_2_tl_21" custom="readingOrder {index:20;}">
                <Coords points="1735,2043 2502,2036 2502,2000 2401,1993 1735,2000"/>
                <Baseline points="1740,2032 1778,2029 1816,2029 1854,2031 1892,2032 1931,2031 1969,2029 2007,2029 2045,2029 2083,2029 2122,2031 2160,2032 2198,2032 2236,2032 2274,2032 2313,2032 2351,2032 2389,2032 2427,2032 2465,2032 2504,2032"/>
                <Word id="tr_2_tl_21_w1" custom="readingOrder {index:0;}">
                    <Coords points="1734,1989 1734,2049 1920,2049 1920,1989"/>
                    <TextEquiv>
                        <Unicode>professor,</Unicode>
                    </TextEquiv>
                </Word>
                <Word id="tr_2_tl_21_w2" custom="readingOrder {index:1;}">
                    <Coords points="1950,1989 1950,2049 2009,2049 2009,1989"/>
                    <TextEquiv>
                        <Unicode>and</Unicode>
                    </TextEquiv>
                </Word>
                <Word id="tr_2_tl_21_w3" custom="readingOrder {index:2;}">
                    <Coords points="2049,1989 2049,2049 2087,2049 2087,1989"/>
                    <TextEquiv>
                        <Unicode>he</Unicode>
                    </TextEquiv>
                </Word>
                <Word id="tr_2_tl_21_w4" custom="readingOrder {index:3;}">
                    <Coords points="2128,1992 2128,2052 2260,2052 2260,1992"/>
                    <TextEquiv>
                        <Unicode>himself</Unicode>
                    </TextEquiv>
                </Word>
                <Word id="tr_2_tl_21_w5" custom="readingOrder {index:4;}">
                    <Coords points="2295,1992 2295,2052 2427,2052 2427,1992"/>
                    <TextEquiv>
                        <Unicode>became</Unicode>
                    </TextEquiv>
                </Word>
                <Word id="tr_2_tl_21_w6" custom="readingOrder {index:5;}">
                    <Coords points="2467,1992 2467,2052 2476,2052 2476,1992"/>
                    <TextEquiv>
                        <Unicode>a</Unicode>
                    </TextEquiv>
                </Word>
                <TextEquiv>
                    <Unicode>professor, and he himself became a</Unicode>
                </TextEquiv>
            </TextLine>
            <TextLine id="tr_2_tl_22" custom="readingOrder {index:21;}">
                <Coords points="1732,2080 2496,2094 2496,2036 2464,2059 1732,2043"/>
                <Baseline points="1737,2077 1775,2077 1813,2077 1851,2077 1889,2078 1927,2079 1965,2077 2003,2077 2041,2077 2079,2077 2117,2077 2155,2077 2193,2077 2231,2077 2269,2080 2307,2080 2345,2078 2383,2078 2421,2080 2459,2080 2498,2080"/>
                <Word id="tr_2_tl_22_w1" custom="readingOrder {index:0;}">
                    <Coords points="1732,2037 1732,2097 1847,2097 1847,2037"/>
                    <TextEquiv>
                        <Unicode>doctor</Unicode>
                    </TextEquiv>
                </Word>
                <Word id="tr_2_tl_22_w2" custom="readingOrder {index:1;}">
                    <Coords points="1873,2037 1873,2097 1892,2097 1892,2037"/>
                    <TextEquiv>
                        <Unicode>in</Unicode>
                    </TextEquiv>
                </Word>
                <Word id="tr_2_tl_22_w3" custom="readingOrder {index:2;}">
                    <Coords points="1919,2037 1919,2097 2009,2097 2009,2037"/>
                    <TextEquiv>
                        <Unicode>1885.</Unicode>
                    </TextEquiv>
                </Word>
                <Word id="tr_2_tl_22_w4" custom="readingOrder {index:3;}">
                    <Coords points="2040,2037 2040,2097 2090,2097 2090,2037"/>
                    <TextEquiv>
                        <Unicode>He</Unicode>
                    </TextEquiv>
                </Word>
                <Word id="tr_2_tl_22_w5" custom="readingOrder {index:4;}">
                    <Coords points="2110,2037 2110,2097 2196,2097 2196,2037"/>
                    <TextEquiv>
                        <Unicode>went</Unicode>
                    </TextEquiv>
                </Word>
                <Word id="tr_2_tl_22_w6" custom="readingOrder {index:5;}">
                    <Coords points="2212,2037 2212,2097 2241,2097 2241,2037"/>
                    <TextEquiv>
                        <Unicode>to</Unicode>
                    </TextEquiv>
                </Word>
                <Word id="tr_2_tl_22_w7" custom="readingOrder {index:6;}">
                    <Coords points="2262,2038 2262,2098 2393,2098 2393,2038"/>
                    <TextEquiv>
                        <Unicode>London</Unicode>
                    </TextEquiv>
                </Word>
                <Word id="tr_2_tl_22_w8" custom="readingOrder {index:7;}">
                    <Coords points="2419,2040 2419,2100 2479,2100 2479,2040"/>
                    <TextEquiv>
                        <Unicode>and</Unicode>
                    </TextEquiv>
                </Word>
                <TextEquiv>
                    <Unicode>doctor in 1885. He went to London and</Unicode>
                </TextEquiv>
            </TextLine>
            <TextLine id="tr_2_tl_23" custom="readingOrder {index:22;}">
                <Coords points="1732,2130 2487,2140 2487,2099 2417,2088 1732,2097"/>
                <Baseline points="1737,2122 1774,2125 1812,2125 1849,2125 1887,2125 1925,2125 1962,2125 2000,2125 2037,2125 2075,2125 2113,2125 2150,2125 2188,2125 2225,2125 2263,2127 2301,2126 2338,2125 2376,2125 2413,2125 2451,2125 2489,2122"/>
                <Word id="tr_2_tl_23_w1" custom="readingOrder {index:0;}">
                    <Coords points="1731,2085 1731,2145 1829,2145 1829,2085"/>
                    <TextEquiv>
                        <Unicode>Paris</Unicode>
                    </TextEquiv>
                </Word>
                <Word id="tr_2_tl_23_w2" custom="readingOrder {index:1;}">
                    <Coords points="1849,2085 1849,2145 1879,2145 1879,2085"/>
                    <TextEquiv>
                        <Unicode>to</Unicode>
                    </TextEquiv>
                </Word>
                <Word id="tr_2_tl_23_w3" custom="readingOrder {index:2;}">
                    <Coords points="1904,2085 1904,2145 1997,2145 1997,2085"/>
                    <TextEquiv>
                        <Unicode>study</Unicode>
                    </TextEquiv>
                </Word>
                <Word id="tr_2_tl_23_w4" custom="readingOrder {index:3;}">
                    <Coords points="2022,2085 2022,2145 2130,2145 2130,2085"/>
                    <TextEquiv>
                        <Unicode>public</Unicode>
                    </TextEquiv>
                </Word>
                <Word id="tr_2_tl_23_w5" custom="readingOrder {index:4;}">
                    <Coords points="2156,2085 2156,2145 2283,2145 2283,2085"/>
                    <TextEquiv>
                        <Unicode>health,</Unicode>
                    </TextEquiv>
                </Word>
                <Word id="tr_2_tl_23_w6" custom="readingOrder {index:5;}">
                    <Coords points="2299,2085 2299,2145 2357,2145 2357,2085"/>
                    <TextEquiv>
                        <Unicode>and</Unicode>
                    </TextEquiv>
                </Word>
                <Word id="tr_2_tl_23_w7" custom="readingOrder {index:6;}">
                    <Coords points="2383,2085 2383,2145 2490,2145 2490,2085"/>
                    <TextEquiv>
                        <Unicode>after¬</Unicode>
                    </TextEquiv>
                </Word>
                <TextEquiv>
                    <Unicode>Paris to study public health, and after¬</Unicode>
                </TextEquiv>
            </TextLine>
            <TextLine id="tr_2_tl_24" custom="readingOrder {index:23;}">
                <Coords points="1735,2185 2360,2176 2499,2200 2499,2152 2405,2137 1735,2143"/>
                <Baseline points="1740,2166 1778,2169 1816,2171 1854,2170 1892,2170 1930,2172 1968,2172 2006,2172 2044,2172 2082,2172 2120,2172 2158,2171 2196,2169 2234,2169 2272,2172 2310,2172 2348,2170 2386,2170 2424,2172 2462,2172 2501,2172"/>
                <Word id="tr_2_tl_24_w1" custom="readingOrder {index:0;}">
                    <Coords points="1735,2129 1735,2189 1843,2189 1843,2129"/>
                    <TextEquiv>
                        <Unicode>wards</Unicode>
                    </TextEquiv>
                </Word>
                <Word id="tr_2_tl_24_w2" custom="readingOrder {index:1;}">
                    <Coords points="1865,2132 1865,2192 1999,2192 1999,2132"/>
                    <TextEquiv>
                        <Unicode>assisted</Unicode>
                    </TextEquiv>
                </Word>
                <Word id="tr_2_tl_24_w3" custom="readingOrder {index:2;}">
                    <Coords points="2027,2132 2027,2192 2075,2192 2075,2132"/>
                    <TextEquiv>
                        <Unicode>his</Unicode>
                    </TextEquiv>
                </Word>
                <Word id="tr_2_tl_24_w4" custom="readingOrder {index:3;}">
                    <Coords points="2097,2131 2097,2191 2205,2191 2205,2131"/>
                    <TextEquiv>
                        <Unicode>father</Unicode>
                    </TextEquiv>
                </Word>
                <Word id="tr_2_tl_24_w5" custom="readingOrder {index:4;}">
                    <Coords points="2227,2129 2227,2189 2259,2189 2259,2129"/>
                    <TextEquiv>
                        <Unicode>at</Unicode>
                    </TextEquiv>
                </Word>
                <Word id="tr_2_tl_24_w6" custom="readingOrder {index:5;}">
                    <Coords points="2276,2132 2276,2192 2329,2192 2329,2132"/>
                    <TextEquiv>
                        <Unicode>the</Unicode>
                    </TextEquiv>
                </Word>
                <Word id="tr_2_tl_24_w7" custom="readingOrder {index:6;}">
                    <Coords points="2357,2131 2357,2191 2475,2191 2475,2131"/>
                    <TextEquiv>
                        <Unicode>Vienna</Unicode>
                    </TextEquiv>
                </Word>
                <TextEquiv>
                    <Unicode>wards assisted his father at the Vienna</Unicode>
                </TextEquiv>
            </TextLine>
            <TextLine id="tr_2_tl_25" custom="readingOrder {index:24;}">
                <Coords points="1732,2229 2491,2236 2491,2193 2338,2177 1732,2188"/>
                <Baseline points="1737,2217 1774,2217 1812,2217 1850,2217 1888,2217 1925,2217 1963,2217 2001,2217 2039,2217 2076,2217 2114,2217 2152,2217 2190,2217 2227,2217 2265,2217 2303,2217 2341,2217 2378,2217 2416,2217 2454,2217 2492,2217"/>
                <Word id="tr_2_tl_25_w1" custom="readingOrder {index:0;}">
                    <Coords points="1732,2177 1732,2237 1885,2237 1885,2177"/>
                    <TextEquiv>
                        <Unicode>General</Unicode>
                    </TextEquiv>
                </Word>
                <Word id="tr_2_tl_25_w2" custom="readingOrder {index:1;}">
                    <Coords points="1906,2177 1906,2237 2081,2237 2081,2177"/>
                    <TextEquiv>
                        <Unicode>Hospital.</Unicode>
                    </TextEquiv>
                </Word>
                <Word id="tr_2_tl_25_w3" custom="readingOrder {index:2;}">
                    <Coords points="2119,2177 2119,2237 2155,2237 2155,2177"/>
                    <TextEquiv>
                        <Unicode>In</Unicode>
                    </TextEquiv>
                </Word>
                <Word id="tr_2_tl_25_w4" custom="readingOrder {index:3;}">
                    <Coords points="2188,2177 2188,2237 2250,2237 2250,2177"/>
                    <TextEquiv>
                        <Unicode>1893</Unicode>
                    </TextEquiv>
                </Word>
                <Word id="tr_2_tl_25_w5" custom="readingOrder {index:4;}">
                    <Coords points="2277,2177 2277,2237 2314,2237 2314,2177"/>
                    <TextEquiv>
                        <Unicode>he</Unicode>
                    </TextEquiv>
                </Word>
                <Word id="tr_2_tl_25_w6" custom="readingOrder {index:5;}">
                    <Coords points="2347,2177 2347,2237 2478,2237 2478,2177"/>
                    <TextEquiv>
                        <Unicode>became</Unicode>
                    </TextEquiv>
                </Word>
                <TextEquiv>
                    <Unicode>General Hospital. In 1893 he became</Unicode>
                </TextEquiv>
            </TextLine>
            <TextLine id="tr_2_tl_26" custom="readingOrder {index:25;}">
                <Coords points="1735,2274 2496,2282 2496,2232 2432,2227 1735,2244"/>
                <Baseline points="1740,2265 1777,2262 1815,2264 1853,2265 1891,2265 1929,2265 1967,2265 2005,2265 2043,2265 2081,2263 2119,2262 2156,2263 2194,2265 2232,2265 2270,2268 2308,2266 2346,2265 2384,2265 2422,2265 2460,2265 2498,2265"/>
                <Word id="tr_2_tl_26_w1" custom="readingOrder {index:0;}">
                    <Coords points="1735,2224 1735,2284 1764,2284 1764,2224"/>
                    <TextEquiv>
                        <Unicode>an</Unicode>
                    </TextEquiv>
                </Word>
                <Word id="tr_2_tl_26_w2" custom="readingOrder {index:1;}">
                    <Coords points="1795,2224 1795,2284 1885,2284 1885,2224"/>
                    <TextEquiv>
                        <Unicode>army</Unicode>
                    </TextEquiv>
                </Word>
                <Word id="tr_2_tl_26_w3" custom="readingOrder {index:2;}">
                    <Coords points="1910,2225 1910,2285 2041,2285 2041,2225"/>
                    <TextEquiv>
                        <Unicode>doctor,</Unicode>
                    </TextEquiv>
                </Word>
                <Word id="tr_2_tl_26_w4" custom="readingOrder {index:3;}">
                    <Coords points="2057,2222 2057,2282 2117,2282 2117,2222"/>
                    <TextEquiv>
                        <Unicode>but</Unicode>
                    </TextEquiv>
                </Word>
                <Word id="tr_2_tl_26_w5" custom="readingOrder {index:4;}">
                    <Coords points="2138,2222 2138,2282 2172,2282 2172,2222"/>
                    <TextEquiv>
                        <Unicode>on</Unicode>
                    </TextEquiv>
                </Word>
                <Word id="tr_2_tl_26_w6" custom="readingOrder {index:5;}">
                    <Coords points="2198,2225 2198,2285 2247,2285 2247,2225"/>
                    <TextEquiv>
                        <Unicode>the</Unicode>
                    </TextEquiv>
                </Word>
                <Word id="tr_2_tl_26_w7" custom="readingOrder {index:6;}">
                    <Coords points="2273,2225 2273,2285 2474,2285 2474,2225"/>
                    <TextEquiv>
                        <Unicode>publication</Unicode>
                    </TextEquiv>
                </Word>
                <TextEquiv>
                    <Unicode>an army doctor, but on the publication</Unicode>
                </TextEquiv>
            </TextLine>
            <TextLine id="tr_2_tl_27" custom="readingOrder {index:26;}">
                <Coords points="1735,2329 2499,2322 2470,2277 2137,2273 2083,2301 1990,2273 1735,2275"/>
                <Baseline points="1740,2313 1778,2310 1816,2312 1854,2313 1892,2313 1930,2312 1968,2310 2006,2310 2044,2312 2082,2313 2120,2312 2158,2311 2196,2313 2234,2313 2272,2313 2310,2311 2348,2310 2386,2310 2424,2310 2462,2310 2501,2310"/>
                <Word id="tr_2_tl_27_w1" custom="readingOrder {index:0;}">
                    <Coords points="1735,2272 1735,2332 1762,2332 1762,2272"/>
                    <TextEquiv>
                        <Unicode>of</Unicode>
                    </TextEquiv>
                </Word>
                <Word id="tr_2_tl_27_w2" custom="readingOrder {index:1;}">
                    <Coords points="1806,2272 1806,2332 1860,2332 1860,2272"/>
                    <TextEquiv>
                        <Unicode>his</Unicode>
                    </TextEquiv>
                </Word>
                <Word id="tr_2_tl_27_w3" custom="readingOrder {index:2;}">
                    <Coords points="1904,2270 1904,2330 2050,2330 2050,2270"/>
                    <TextEquiv>
                        <Unicode>military</Unicode>
                    </TextEquiv>
                </Word>
                <Word id="tr_2_tl_27_w4" custom="readingOrder {index:3;}">
                    <Coords points="2095,2271 2095,2331 2208,2331 2208,2271"/>
                    <TextEquiv>
                        <Unicode>story,</Unicode>
                    </TextEquiv>
                </Word>
                <Word id="tr_2_tl_27_w5" custom="readingOrder {index:4;}">
                    <Coords points="2279,2270 2279,2330 2486,2330 2486,2270"/>
                    <TextEquiv>
                        <Unicode>Lieutenant</Unicode>
                    </TextEquiv>
                </Word>
                <TextEquiv>
                    <Unicode>of his military story,  Lieutenant</Unicode>
                </TextEquiv>
            </TextLine>
            <TextLine id="tr_2_tl_28" custom="readingOrder {index:27;}">
                <Coords points="1737,2369 2499,2381 2499,2327 2475,2320 1737,2328"/>
                <Baseline points="1742,2354 1781,2357 1821,2357 1861,2357 1901,2357 1941,2357 1981,2357 2021,2357 2061,2357 2101,2357 2141,2357 2181,2357 2221,2357 2261,2357 2301,2357 2341,2357 2381,2357 2421,2357 2461,2357 2501,2360"/>
                <Word id="tr_2_tl_28_w1" custom="readingOrder {index:0;}">
                    <Coords points="1738,2317 1738,2377 1864,2377 1864,2317"/>
                    <TextEquiv>
                        <Unicode>Gustl,"</Unicode>
                    </TextEquiv>
                </Word>
                <Word id="tr_2_tl_28_w2" custom="readingOrder {index:1;}">
                    <Coords points="1893,2317 1893,2377 1931,2377 1931,2317"/>
                    <TextEquiv>
                        <Unicode>he</Unicode>
                    </TextEquiv>
                </Word>
                <Word id="tr_2_tl_28_w3" custom="readingOrder {index:2;}">
                    <Coords points="1959,2317 1959,2377 2019,2377 2019,2317"/>
                    <TextEquiv>
                        <Unicode>had</Unicode>
                    </TextEquiv>
                </Word>
                <Word id="tr_2_tl_28_w4" custom="readingOrder {index:3;}">
                    <Coords points="2048,2317 2048,2377 2075,2377 2075,2317"/>
                    <TextEquiv>
                        <Unicode>to</Unicode>
                    </TextEquiv>
                </Word>
                <Word id="tr_2_tl_28_w5" custom="readingOrder {index:4;}">
                    <Coords points="2103,2317 2103,2377 2230,2377 2230,2317"/>
                    <TextEquiv>
                        <Unicode>resign,</Unicode>
                    </TextEquiv>
                </Word>
                <Word id="tr_2_tl_28_w6" custom="readingOrder {index:5;}">
                    <Coords points="2248,2317 2248,2377 2308,2377 2308,2317"/>
                    <TextEquiv>
                        <Unicode>and</Unicode>
                    </TextEquiv>
                </Word>
                <Word id="tr_2_tl_28_w7" custom="readingOrder {index:6;}">
                    <Coords points="2336,2317 2336,2377 2474,2377 2474,2317"/>
                    <TextEquiv>
                        <Unicode>devoted</Unicode>
                    </TextEquiv>
                </Word>
                <TextEquiv>
                    <Unicode>Gustl," he had to resign, and devoted</Unicode>
                </TextEquiv>
            </TextLine>
            <TextLine id="tr_2_tl_29" custom="readingOrder {index:28;}">
                <Coords points="1737,2421 2388,2411 2388,2364 1737,2374"/>
                <Baseline points="1742,2405 1774,2405 1806,2405 1839,2405 1871,2405 1904,2405 1936,2405 1968,2405 2001,2405 2033,2405 2066,2405 2098,2404 2130,2403 2163,2405 2195,2405 2228,2404 2260,2402 2292,2402 2325,2402 2357,2401 2390,2399"/>
                <Word id="tr_2_tl_29_w1" custom="readingOrder {index:0;}">
                    <Coords points="1732,2365 1732,2425 1869,2425 1869,2365"/>
                    <TextEquiv>
                        <Unicode>himself</Unicode>
                    </TextEquiv>
                </Word>
                <Word id="tr_2_tl_29_w2" custom="readingOrder {index:1;}">
                    <Coords points="1896,2365 1896,2425 2098,2425 2098,2365"/>
                    <TextEquiv>
                        <Unicode>exclusively</Unicode>
                    </TextEquiv>
                </Word>
                <Word id="tr_2_tl_29_w3" custom="readingOrder {index:2;}">
                    <Coords points="2131,2364 2131,2424 2162,2424 2162,2364"/>
                    <TextEquiv>
                        <Unicode>to</Unicode>
                    </TextEquiv>
                </Word>
                <Word id="tr_2_tl_29_w4" custom="readingOrder {index:3;}">
                    <Coords points="2195,2362 2195,2422 2386,2422 2386,2362"/>
                    <TextEquiv>
                        <Unicode>literature.</Unicode>
                    </TextEquiv>
                </Word>
                <TextEquiv>
                    <Unicode>himself exclusively to literature.</Unicode>
                </TextEquiv>
            </TextLine>
            <TextLine id="tr_2_tl_30" custom="readingOrder {index:29;}">
                <Coords points="1770,2460 2499,2468 2492,2389 2370,2428 2334,2408 1962,2434 1770,2417"/>
                <Baseline points="1775,2447 1811,2449 1847,2452 1883,2452 1920,2450 1956,2450 1992,2450 2029,2450 2065,2450 2101,2450 2138,2450 2174,2450 2210,2450 2246,2450 2283,2450 2319,2450 2355,2450 2392,2450 2428,2450 2464,2450 2501,2450"/>
                <Word id="tr_2_tl_30_w1" custom="readingOrder {index:0;}">
                    <Coords points="1771,2408 1771,2468 1828,2468 1828,2408"/>
                    <TextEquiv>
                        <Unicode>His</Unicode>
                    </TextEquiv>
                </Word>
                <Word id="tr_2_tl_30_w2" custom="readingOrder {index:1;}">
                    <Coords points="1858,2411 1858,2471 1944,2471 1944,2411"/>
                    <TextEquiv>
                        <Unicode>fame</Unicode>
                    </TextEquiv>
                </Word>
                <Word id="tr_2_tl_30_w3" custom="readingOrder {index:2;}">
                    <Coords points="1974,2410 1974,2470 2008,2470 2008,2410"/>
                    <TextEquiv>
                        <Unicode>as</Unicode>
                    </TextEquiv>
                </Word>
                <Word id="tr_2_tl_30_w4" custom="readingOrder {index:3;}">
                    <Coords points="2032,2410 2032,2470 2049,2470 2049,2410"/>
                    <TextEquiv>
                        <Unicode>a</Unicode>
                    </TextEquiv>
                </Word>
                <Word id="tr_2_tl_30_w5" custom="readingOrder {index:4;}">
                    <Coords points="2078,2410 2078,2470 2258,2470 2258,2410"/>
                    <TextEquiv>
                        <Unicode>dramatist</Unicode>
                    </TextEquiv>
                </Word>
                <Word id="tr_2_tl_30_w6" custom="readingOrder {index:5;}">
                    <Coords points="2281,2410 2281,2470 2374,2470 2374,2410"/>
                    <TextEquiv>
                        <Unicode>came</Unicode>
                    </TextEquiv>
                </Word>
                <Word id="tr_2_tl_30_w7" custom="readingOrder {index:6;}">
                    <Coords points="2404,2410 2404,2470 2478,2470 2478,2410"/>
                    <TextEquiv>
                        <Unicode>with</Unicode>
                    </TextEquiv>
                </Word>
                <TextEquiv>
                    <Unicode>His fame as a dramatist came with</Unicode>
                </TextEquiv>
            </TextLine>
            <TextLine id="tr_2_tl_31" custom="readingOrder {index:30;}">
                <Coords points="1735,2507 2490,2499 2490,2466 2447,2457 2166,2456 2134,2482 2079,2455 1735,2460"/>
                <Baseline points="1740,2492 1777,2492 1815,2492 1852,2492 1890,2491 1928,2489 1965,2489 2003,2489 2040,2489 2078,2489 2116,2489 2153,2489 2191,2489 2228,2489 2266,2491 2304,2492 2341,2491 2379,2489 2416,2489 2454,2489 2492,2492"/>
                <Word id="tr_2_tl_31_w1" custom="readingOrder {index:0;}">
                    <Coords points="1734,2452 1734,2512 1783,2512 1783,2452"/>
                    <TextEquiv>
                        <Unicode>the</Unicode>
                    </TextEquiv>
                </Word>
                <Word id="tr_2_tl_31_w2" custom="readingOrder {index:1;}">
                    <Coords points="1818,2449 1818,2509 2015,2509 2015,2449"/>
                    <TextEquiv>
                        <Unicode>production</Unicode>
                    </TextEquiv>
                </Word>
                <Word id="tr_2_tl_31_w3" custom="readingOrder {index:2;}">
                    <Coords points="2050,2449 2050,2509 2084,2509 2084,2449"/>
                    <TextEquiv>
                        <Unicode>of</Unicode>
                    </TextEquiv>
                </Word>
                <Word id="tr_2_tl_31_w4" custom="readingOrder {index:3;}">
                    <Coords points="2144,2449 2144,2509 2296,2509 2296,2449"/>
                    <TextEquiv>
                        <Unicode>Anatol”</Unicode>
                    </TextEquiv>
                </Word>
                <Word id="tr_2_tl_31_w5" custom="readingOrder {index:4;}">
                    <Coords points="2336,2450 2336,2510 2360,2510 2360,2450"/>
                    <TextEquiv>
                        <Unicode>in</Unicode>
                    </TextEquiv>
                </Word>
                <Word id="tr_2_tl_31_w6" custom="readingOrder {index:5;}">
                    <Coords points="2401,2449 2401,2509 2488,2509 2488,2449"/>
                    <TextEquiv>
                        <Unicode>1893,</Unicode>
                    </TextEquiv>
                </Word>
                <TextEquiv>
                    <Unicode>the production of Anatol” in 1893,</Unicode>
                </TextEquiv>
            </TextLine>
            <TextLine id="tr_2_tl_32" custom="readingOrder {index:31;}">
                <Coords points="1732,2533 2499,2536 2500,2497 2422,2492 1733,2509"/>
                <Baseline points="1737,2527 1775,2530 1813,2530 1851,2530 1889,2529 1928,2528 1966,2530 2004,2527 2042,2527 2080,2527 2119,2527 2157,2527 2195,2527 2233,2527 2271,2527 2310,2527 2348,2527 2386,2527 2424,2527 2462,2528 2501,2527"/>
                <Word id="tr_2_tl_32_w1" custom="readingOrder {index:0;}">
                    <Coords points="1731,2490 1731,2550 1828,2550 1828,2490"/>
                    <TextEquiv>
                        <Unicode>which</Unicode>
                    </TextEquiv>
                </Word>
                <Word id="tr_2_tl_32_w2" custom="readingOrder {index:1;}">
                    <Coords points="1880,2489 1880,2549 2015,2549 2015,2489"/>
                    <TextEquiv>
                        <Unicode>became</Unicode>
                    </TextEquiv>
                </Word>
                <Word id="tr_2_tl_32_w3" custom="readingOrder {index:2;}">
                    <Coords points="2071,2487 2071,2547 2183,2547 2183,2487"/>
                    <TextEquiv>
                        <Unicode>known</Unicode>
                    </TextEquiv>
                </Word>
                <Word id="tr_2_tl_32_w4" custom="readingOrder {index:3;}">
                    <Coords points="2239,2487 2239,2547 2266,2547 2266,2487"/>
                    <TextEquiv>
                        <Unicode>in</Unicode>
                    </TextEquiv>
                </Word>
                <Word id="tr_2_tl_32_w5" custom="readingOrder {index:4;}">
                    <Coords points="2328,2487 2328,2547 2476,2547 2476,2487"/>
                    <TextEquiv>
                        <Unicode>England</Unicode>
                    </TextEquiv>
                </Word>
                <TextEquiv>
                    <Unicode>which became known in England</Unicode>
                </TextEquiv>
            </TextLine>
            <TextLine id="tr_2_tl_33" custom="readingOrder {index:32;}">
                <Coords points="1732,2571 2499,2573 2480,2534 2047,2529 1982,2554 1732,2533"/>
                <Baseline points="1737,2569 1775,2567 1813,2568 1851,2569 1889,2568 1928,2566 1966,2566 2004,2566 2042,2566 2080,2566 2119,2566 2157,2565 2195,2563 2233,2563 2271,2563 2310,2563 2348,2563 2386,2564 2424,2566 2462,2566 2501,2566"/>
                <Word id="tr_2_tl_33_w1" custom="readingOrder {index:0;}">
                    <Coords points="1731,2527 1731,2587 1869,2587 1869,2527"/>
                    <TextEquiv>
                        <Unicode>through</Unicode>
                    </TextEquiv>
                </Word>
                <Word id="tr_2_tl_33_w2" custom="readingOrder {index:1;}">
                    <Coords points="1903,2526 1903,2586 1960,2586 1960,2526"/>
                    <TextEquiv>
                        <Unicode>the</Unicode>
                    </TextEquiv>
                </Word>
                <Word id="tr_2_tl_33_w3" custom="readingOrder {index:2;}">
                    <Coords points="1995,2526 1995,2586 2133,2586 2133,2526"/>
                    <TextEquiv>
                        <Unicode>pre-war</Unicode>
                    </TextEquiv>
                </Word>
                <Word id="tr_2_tl_33_w4" custom="readingOrder {index:3;}">
                    <Coords points="2167,2523 2167,2583 2416,2583 2416,2523"/>
                    <TextEquiv>
                        <Unicode>performances</Unicode>
                    </TextEquiv>
                </Word>
                <Word id="tr_2_tl_33_w5" custom="readingOrder {index:4;}">
                    <Coords points="2450,2526 2450,2586 2483,2586 2483,2526"/>
                    <TextEquiv>
                        <Unicode>of</Unicode>
                    </TextEquiv>
                </Word>
                <TextEquiv>
                    <Unicode>through the pre-war performances of</Unicode>
                </TextEquiv>
            </TextLine>
            <TextLine id="tr_2_tl_34" custom="readingOrder {index:33;}">
                <Coords points="1732,2614 2496,2622 2473,2573 1732,2576"/>
                <Baseline points="1737,2605 1775,2605 1813,2605 1851,2605 1889,2605 1927,2605 1965,2605 2003,2605 2041,2605 2079,2605 2117,2605 2155,2605 2193,2605 2231,2605 2269,2605 2307,2605 2345,2603 2383,2603 2421,2605 2459,2605 2498,2605"/>
                <Word id="tr_2_tl_34_w1" custom="readingOrder {index:0;}">
                    <Coords points="1731,2565 1731,2625 1898,2625 1898,2565"/>
                    <TextEquiv>
                        <Unicode>Granville</Unicode>
                    </TextEquiv>
                </Word>
                <Word id="tr_2_tl_34_w2" custom="readingOrder {index:1;}">
                    <Coords points="1926,2565 1926,2625 2049,2625 2049,2565"/>
                    <TextEquiv>
                        <Unicode>Barker</Unicode>
                    </TextEquiv>
                </Word>
                <Word id="tr_2_tl_34_w3" custom="readingOrder {index:2;}">
                    <Coords points="2072,2565 2072,2625 2127,2625 2127,2565"/>
                    <TextEquiv>
                        <Unicode>and</Unicode>
                    </TextEquiv>
                </Word>
                <Word id="tr_2_tl_34_w4" custom="readingOrder {index:3;}">
                    <Coords points="2154,2565 2154,2625 2240,2625 2240,2565"/>
                    <TextEquiv>
                        <Unicode>some</Unicode>
                    </TextEquiv>
                </Word>
                <Word id="tr_2_tl_34_w5" custom="readingOrder {index:4;}">
                    <Coords points="2264,2563 2264,2623 2482,2623 2482,2563"/>
                    <TextEquiv>
                        <Unicode>productions</Unicode>
                    </TextEquiv>
                </Word>
                <TextEquiv>
                    <Unicode>Granville Barker and some productions</Unicode>
                </TextEquiv>
            </TextLine>
            <TextLine id="tr_2_tl_35" custom="readingOrder {index:34;}">
                <Coords points="1735,2654 2479,2658 2491,2621 1736,2617"/>
                <Baseline points="1740,2647 1777,2647 1815,2647 1852,2645 1890,2644 1928,2644 1965,2644 2003,2644 2040,2644 2078,2644 2116,2644 2153,2643 2191,2642 2228,2644 2266,2641 2304,2641 2341,2641 2379,2641 2416,2641 2454,2641 2492,2641"/>
                <Word id="tr_2_tl_35_w1" custom="readingOrder {index:0;}">
                    <Coords points="1734,2607 1734,2667 1762,2667 1762,2607"/>
                    <TextEquiv>
                        <Unicode>of</Unicode>
                    </TextEquiv>
                </Word>
                <Word id="tr_2_tl_35_w2" custom="readingOrder {index:1;}">
                    <Coords points="1787,2606 1787,2666 1844,2666 1844,2606"/>
                    <TextEquiv>
                        <Unicode>the</Unicode>
                    </TextEquiv>
                </Word>
                <Word id="tr_2_tl_35_w3" custom="readingOrder {index:2;}">
                    <Coords points="1874,2604 1874,2664 1979,2664 1979,2604"/>
                    <TextEquiv>
                        <Unicode>Stage</Unicode>
                    </TextEquiv>
                </Word>
                <Word id="tr_2_tl_35_w4" custom="readingOrder {index:3;}">
                    <Coords points="2009,2604 2009,2664 2162,2664 2162,2604"/>
                    <TextEquiv>
                        <Unicode>Society.</Unicode>
                    </TextEquiv>
                </Word>
                <Word id="tr_2_tl_35_w5" custom="readingOrder {index:4;}">
                    <Coords points="2225,2601 2225,2661 2374,2661 2374,2601"/>
                    <TextEquiv>
                        <Unicode>Anatol”</Unicode>
                    </TextEquiv>
                </Word>
                <Word id="tr_2_tl_35_w6" custom="readingOrder {index:5;}">
                    <Coords points="2409,2601 2409,2661 2437,2661 2437,2601"/>
                    <TextEquiv>
                        <Unicode>is</Unicode>
                    </TextEquiv>
                </Word>
                <Word id="tr_2_tl_35_w7" custom="readingOrder {index:6;}">
                    <Coords points="2466,2601 2466,2661 2480,2661 2480,2601"/>
                    <TextEquiv>
                        <Unicode>a</Unicode>
                    </TextEquiv>
                </Word>
                <TextEquiv>
                    <Unicode>of the Stage Society. Anatol” is a</Unicode>
                </TextEquiv>
            </TextLine>
            <TextLine id="tr_2_tl_36" custom="readingOrder {index:35;}">
                <Coords points="1732,2690 2487,2691 2487,2656 2452,2643 1732,2661"/>
                <Baseline points="1737,2680 1774,2683 1812,2683 1849,2683 1887,2683 1925,2683 1962,2683 2000,2683 2037,2683 2075,2683 2113,2682 2150,2680 2188,2680 2225,2680 2263,2682 2301,2681 2338,2680 2376,2680 2413,2680 2451,2683 2489,2680"/>
                <Word id="tr_2_tl_36_w1" custom="readingOrder {index:0;}">
                    <Coords points="1730,2641 1730,2701 1775,2701 1775,2641"/>
                    <TextEquiv>
                        <Unicode>set</Unicode>
                    </TextEquiv>
                </Word>
                <Word id="tr_2_tl_36_w2" custom="readingOrder {index:1;}">
                    <Coords points="1797,2643 1797,2703 1829,2703 1829,2643"/>
                    <TextEquiv>
                        <Unicode>of</Unicode>
                    </TextEquiv>
                </Word>
                <Word id="tr_2_tl_36_w3" custom="readingOrder {index:2;}">
                    <Coords points="1847,2643 1847,2703 1938,2703 1938,2643"/>
                    <TextEquiv>
                        <Unicode>seven</Unicode>
                    </TextEquiv>
                </Word>
                <Word id="tr_2_tl_36_w4" custom="readingOrder {index:3;}">
                    <Coords points="1964,2643 1964,2703 2127,2703 2127,2643"/>
                    <TextEquiv>
                        <Unicode>dramatic</Unicode>
                    </TextEquiv>
                </Word>
                <Word id="tr_2_tl_36_w5" custom="readingOrder {index:4;}">
                    <Coords points="2144,2640 2144,2700 2274,2700 2274,2640"/>
                    <TextEquiv>
                        <Unicode>scenes,</Unicode>
                    </TextEquiv>
                </Word>
                <Word id="tr_2_tl_36_w6" custom="readingOrder {index:5;}">
                    <Coords points="2291,2640 2291,2700 2479,2700 2479,2640"/>
                    <TextEquiv>
                        <Unicode>essentially</Unicode>
                    </TextEquiv>
                </Word>
                <TextEquiv>
                    <Unicode>set of seven dramatic scenes, essentially</Unicode>
                </TextEquiv>
            </TextLine>
            <TextLine id="tr_2_tl_37" custom="readingOrder {index:36;}">
                <Coords points="1740,2733 2496,2736 2496,2690 2459,2687 1740,2690"/>
                <Baseline points="1745,2721 1782,2724 1820,2721 1857,2721 1895,2721 1933,2721 1970,2721 2008,2721 2046,2724 2083,2722 2121,2721 2159,2721 2196,2721 2234,2721 2272,2721 2309,2719 2347,2718 2385,2718 2422,2718 2460,2718 2498,2718"/>
                <Word id="tr_2_tl_37_w1" custom="readingOrder {index:0;}">
                    <Coords points="1739,2681 1739,2741 1892,2741 1892,2681"/>
                    <TextEquiv>
                        <Unicode>Viennese</Unicode>
                    </TextEquiv>
                </Word>
                <Word id="tr_2_tl_37_w2" custom="readingOrder {index:1;}">
                    <Coords points="1920,2681 1920,2741 1942,2741 1942,2681"/>
                    <TextEquiv>
                        <Unicode>in</Unicode>
                    </TextEquiv>
                </Word>
                <Word id="tr_2_tl_37_w3" custom="readingOrder {index:2;}">
                    <Coords points="1970,2681 1970,2741 2065,2741 2065,2681"/>
                    <TextEquiv>
                        <Unicode>tonc,</Unicode>
                    </TextEquiv>
                </Word>
                <Word id="tr_2_tl_37_w4" custom="readingOrder {index:3;}">
                    <Coords points="2083,2681 2083,2741 2260,2741 2260,2681"/>
                    <TextEquiv>
                        <Unicode>dissecting</Unicode>
                    </TextEquiv>
                </Word>
                <Word id="tr_2_tl_37_w5" custom="readingOrder {index:4;}">
                    <Coords points="2288,2678 2288,2738 2337,2738 2337,2678"/>
                    <TextEquiv>
                        <Unicode>the</Unicode>
                    </TextEquiv>
                </Word>
                <Word id="tr_2_tl_37_w6" custom="readingOrder {index:5;}">
                    <Coords points="2365,2678 2365,2738 2478,2738 2478,2678"/>
                    <TextEquiv>
                        <Unicode>moods</Unicode>
                    </TextEquiv>
                </Word>
                <TextEquiv>
                    <Unicode>Viennese in tonc, dissecting the moods</Unicode>
                </TextEquiv>
            </TextLine>
            <TextLine id="tr_2_tl_38" custom="readingOrder {index:37;}">
                <Coords points="1732,2775 2484,2770 2484,2730 2443,2723 1732,2744"/>
                <Baseline points="1737,2757 1774,2760 1811,2762 1849,2761 1886,2760 1924,2759 1961,2757 1999,2760 2036,2760 2074,2760 2111,2759 2148,2757 2186,2757 2223,2760 2261,2760 2298,2758 2336,2757 2373,2757 2411,2757 2448,2757 2486,2757"/>
                <Word id="tr_2_tl_38_w1" custom="readingOrder {index:0;}">
                    <Coords points="1730,2718 1730,2778 1787,2778 1787,2718"/>
                    <TextEquiv>
                        <Unicode>and</Unicode>
                    </TextEquiv>
                </Word>
                <Word id="tr_2_tl_38_w2" custom="readingOrder {index:1;}">
                    <Coords points="1832,2719 1832,2779 1983,2779 1983,2719"/>
                    <TextEquiv>
                        <Unicode>nuances</Unicode>
                    </TextEquiv>
                </Word>
                <Word id="tr_2_tl_38_w3" custom="readingOrder {index:2;}">
                    <Coords points="2023,2720 2023,2780 2058,2780 2058,2720"/>
                    <TextEquiv>
                        <Unicode>ot</Unicode>
                    </TextEquiv>
                </Word>
                <Word id="tr_2_tl_38_w4" custom="readingOrder {index:3;}">
                    <Coords points="2098,2717 2098,2777 2200,2777 2200,2717"/>
                    <TextEquiv>
                        <Unicode>erotic</Unicode>
                    </TextEquiv>
                </Word>
                <Word id="tr_2_tl_38_w5" custom="readingOrder {index:4;}">
                    <Coords points="2240,2717 2240,2777 2479,2777 2479,2717"/>
                    <TextEquiv>
                        <Unicode>relationships</Unicode>
                    </TextEquiv>
                </Word>
                <TextEquiv>
                    <Unicode>and nuances ot erotic relationships</Unicode>
                </TextEquiv>
            </TextLine>
            <TextLine id="tr_2_tl_39" custom="readingOrder {index:38;}">
                <Coords points="1735,2812 2490,2805 2490,2765 1735,2775"/>
                <Baseline points="1740,2799 1777,2799 1815,2802 1852,2800 1890,2799 1928,2799 1965,2799 2003,2799 2040,2799 2078,2797 2116,2796 2153,2796 2191,2796 2228,2796 2266,2799 2304,2797 2341,2796 2379,2796 2416,2796 2454,2796 2492,2796"/>
                <Word id="tr_2_tl_39_w1" custom="readingOrder {index:0;}">
                    <Coords points="1734,2759 1734,2819 1799,2819 1799,2759"/>
                    <TextEquiv>
                        <Unicode>with</Unicode>
                    </TextEquiv>
                </Word>
                <Word id="tr_2_tl_39_w2" custom="readingOrder {index:1;}">
                    <Coords points="1827,2759 1827,2819 1920,2819 1920,2759"/>
                    <TextEquiv>
                        <Unicode>great</Unicode>
                    </TextEquiv>
                </Word>
                <Word id="tr_2_tl_39_w3" custom="readingOrder {index:2;}">
                    <Coords points="1939,2759 1939,2819 2078,2819 2078,2759"/>
                    <TextEquiv>
                        <Unicode>courage</Unicode>
                    </TextEquiv>
                </Word>
                <Word id="tr_2_tl_39_w4" custom="readingOrder {index:3;}">
                    <Coords points="2102,2756 2102,2816 2158,2816 2158,2756"/>
                    <TextEquiv>
                        <Unicode>and</Unicode>
                    </TextEquiv>
                </Word>
                <Word id="tr_2_tl_39_w5" custom="readingOrder {index:4;}">
                    <Coords points="2186,2756 2186,2816 2293,2816 2293,2756"/>
                    <TextEquiv>
                        <Unicode>irony.</Unicode>
                    </TextEquiv>
                </Word>
                <Word id="tr_2_tl_39_w6" custom="readingOrder {index:5;}">
                    <Coords points="2326,2756 2326,2816 2428,2816 2428,2756"/>
                    <TextEquiv>
                        <Unicode>There</Unicode>
                    </TextEquiv>
                </Word>
                <Word id="tr_2_tl_39_w7" custom="readingOrder {index:6;}">
                    <Coords points="2452,2756 2452,2816 2475,2816 2475,2756"/>
                    <TextEquiv>
                        <Unicode>is</Unicode>
                    </TextEquiv>
                </Word>
                <TextEquiv>
                    <Unicode>with great courage and irony. There is</Unicode>
                </TextEquiv>
            </TextLine>
            <TextLine id="tr_2_tl_40" custom="readingOrder {index:39;}">
                <Coords points="1735,2844 2484,2840 2484,2805 2445,2798 1735,2812"/>
                <Baseline points="1740,2838 1777,2838 1814,2838 1851,2838 1889,2838 1926,2838 1963,2837 2001,2836 2038,2838 2075,2838 2113,2836 2150,2835 2187,2835 2224,2835 2262,2838 2299,2836 2336,2835 2374,2835 2411,2835 2448,2835 2486,2832"/>
                <Word id="tr_2_tl_40_w1" custom="readingOrder {index:0;}">
                    <Coords points="1733,2798 1733,2858 1764,2858 1764,2798"/>
                    <TextEquiv>
                        <Unicode>no</Unicode>
                    </TextEquiv>
                </Word>
                <Word id="tr_2_tl_40_w2" custom="readingOrder {index:1;}">
                    <Coords points="1795,2797 1795,2857 2064,2857 2064,2797"/>
                    <TextEquiv>
                        <Unicode>sentimentality</Unicode>
                    </TextEquiv>
                </Word>
                <Word id="tr_2_tl_40_w3" custom="readingOrder {index:2;}">
                    <Coords points="2095,2796 2095,2856 2121,2856 2121,2796"/>
                    <TextEquiv>
                        <Unicode>in</Unicode>
                    </TextEquiv>
                </Word>
                <Word id="tr_2_tl_40_w4" custom="readingOrder {index:3;}">
                    <Coords points="2157,2795 2157,2855 2227,2855 2227,2795"/>
                    <TextEquiv>
                        <Unicode>them</Unicode>
                    </TextEquiv>
                </Word>
                <Word id="tr_2_tl_40_w5" custom="readingOrder {index:4;}">
                    <Coords points="2277,2795 2277,2855 2334,2855 2334,2795"/>
                    <TextEquiv>
                        <Unicode>nor</Unicode>
                    </TextEquiv>
                </Word>
                <Word id="tr_2_tl_40_w6" custom="readingOrder {index:5;}">
                    <Coords points="2361,2795 2361,2855 2387,2855 2387,2795"/>
                    <TextEquiv>
                        <Unicode>in</Unicode>
                    </TextEquiv>
                </Word>
                <Word id="tr_2_tl_40_w7" custom="readingOrder {index:6;}">
                    <Coords points="2422,2794 2422,2854 2475,2854 2475,2794"/>
                    <TextEquiv>
                        <Unicode>the</Unicode>
                    </TextEquiv>
                </Word>
                <TextEquiv>
                    <Unicode>no sentimentality in them nor in the</Unicode>
                </TextEquiv>
            </TextLine>
            <TextLine id="tr_2_tl_41" custom="readingOrder {index:40;}">
                <Coords points="1735,2881 2487,2879 2468,2838 2075,2863 2043,2842 2001,2868 1735,2844"/>
                <Baseline points="1740,2874 1777,2874 1814,2874 1852,2874 1889,2874 1927,2874 1964,2874 2002,2874 2039,2874 2077,2874 2114,2874 2151,2874 2189,2874 2226,2874 2264,2877 2301,2875 2339,2872 2376,2872 2414,2873 2451,2871 2489,2871"/>
                <Word id="tr_2_tl_41_w1" custom="readingOrder {index:0;}">
                    <Coords points="1734,2834 1734,2894 1797,2894 1797,2834"/>
                    <TextEquiv>
                        <Unicode>long</Unicode>
                    </TextEquiv>
                </Word>
                <Word id="tr_2_tl_41_w2" custom="readingOrder {index:1;}">
                    <Coords points="1852,2834 1852,2894 1956,2894 1956,2834"/>
                    <TextEquiv>
                        <Unicode>series</Unicode>
                    </TextEquiv>
                </Word>
                <Word id="tr_2_tl_41_w3" custom="readingOrder {index:2;}">
                    <Coords points="2006,2834 2006,2894 2037,2894 2037,2834"/>
                    <TextEquiv>
                        <Unicode>of</Unicode>
                    </TextEquiv>
                </Word>
                <Word id="tr_2_tl_41_w4" custom="readingOrder {index:3;}">
                    <Coords points="2083,2834 2083,2894 2210,2894 2210,2834"/>
                    <TextEquiv>
                        <Unicode>similar</Unicode>
                    </TextEquiv>
                </Word>
                <Word id="tr_2_tl_41_w5" custom="readingOrder {index:4;}">
                    <Coords points="2256,2834 2256,2894 2351,2894 2351,2834"/>
                    <TextEquiv>
                        <Unicode>plays</Unicode>
                    </TextEquiv>
                </Word>
                <Word id="tr_2_tl_41_w6" custom="readingOrder {index:5;}">
                    <Coords points="2401,2831 2401,2891 2478,2891 2478,2831"/>
                    <TextEquiv>
                        <Unicode>that</Unicode>
                    </TextEquiv>
                </Word>
                <TextEquiv>
                    <Unicode>long series of similar plays that</Unicode>
                </TextEquiv>
            </TextLine>
            <TextLine id="tr_2_tl_42" custom="readingOrder {index:41;}">
                <Coords points="1735,2918 2484,2918 2484,2881 2388,2876 1735,2883"/>
                <Baseline points="1740,2915 1777,2912 1814,2912 1851,2912 1889,2912 1926,2912 1963,2912 2001,2912 2038,2912 2075,2912 2113,2912 2150,2912 2187,2912 2224,2912 2262,2909 2299,2909 2336,2909 2374,2909 2411,2909 2448,2909 2486,2906"/>
                <Word id="tr_2_tl_42_w1" custom="readingOrder {index:0;}">
                    <Coords points="1729,2872 1729,2932 1896,2932 1896,2872"/>
                    <TextEquiv>
                        <Unicode>followed.</Unicode>
                    </TextEquiv>
                </Word>
                <Word id="tr_2_tl_42_w2" custom="readingOrder {index:1;}">
                    <Coords points="1938,2872 1938,2932 2001,2932 2001,2872"/>
                    <TextEquiv>
                        <Unicode>The</Unicode>
                    </TextEquiv>
                </Word>
                <Word id="tr_2_tl_42_w3" custom="readingOrder {index:2;}">
                    <Coords points="2029,2872 2029,2932 2133,2932 2133,2872"/>
                    <TextEquiv>
                        <Unicode>theme</Unicode>
                    </TextEquiv>
                </Word>
                <Word id="tr_2_tl_42_w4" custom="readingOrder {index:3;}">
                    <Coords points="2161,2872 2161,2932 2188,2932 2188,2872"/>
                    <TextEquiv>
                        <Unicode>is</Unicode>
                    </TextEquiv>
                </Word>
                <Word id="tr_2_tl_42_w5" custom="readingOrder {index:4;}">
                    <Coords points="2211,2869 2211,2929 2338,2929 2338,2869"/>
                    <TextEquiv>
                        <Unicode>treated</Unicode>
                    </TextEquiv>
                </Word>
                <Word id="tr_2_tl_42_w6" custom="readingOrder {index:5;}">
                    <Coords points="2366,2869 2366,2929 2479,2929 2479,2869"/>
                    <TextEquiv>
                        <Unicode>grace¬</Unicode>
                    </TextEquiv>
                </Word>
                <TextEquiv>
                    <Unicode>followed. The theme is treated grace¬</Unicode>
                </TextEquiv>
            </TextLine>
            <TextLine id="tr_2_tl_43" custom="readingOrder {index:42;}">
                <Coords points="1732,2962 2466,2966 2494,2919 1733,2918"/>
                <Baseline points="1737,2951 1774,2954 1812,2952 1850,2951 1888,2951 1926,2950 1964,2948 2002,2951 2040,2951 2078,2951 2116,2951 2153,2951 2191,2951 2229,2951 2267,2951 2305,2949 2343,2948 2381,2948 2419,2948 2457,2948 2495,2951"/>
                <Word id="tr_2_tl_43_w1" custom="readingOrder {index:0;}">
                    <Coords points="1727,2913 1727,2973 1827,2973 1827,2913"/>
                    <TextEquiv>
                        <Unicode>fully,</Unicode>
                    </TextEquiv>
                </Word>
                <Word id="tr_2_tl_43_w2" custom="readingOrder {index:1;}">
                    <Coords points="1847,2910 1847,2970 1973,2970 1973,2910"/>
                    <TextEquiv>
                        <Unicode>always</Unicode>
                    </TextEquiv>
                </Word>
                <Word id="tr_2_tl_43_w3" custom="readingOrder {index:2;}">
                    <Coords points="2004,2911 2004,2971 2073,2971 2073,2911"/>
                    <TextEquiv>
                        <Unicode>with</Unicode>
                    </TextEquiv>
                </Word>
                <Word id="tr_2_tl_43_w4" custom="readingOrder {index:3;}">
                    <Coords points="2109,2911 2109,2971 2235,2971 2235,2911"/>
                    <TextEquiv>
                        <Unicode>infinite</Unicode>
                    </TextEquiv>
                </Word>
                <Word id="tr_2_tl_43_w5" custom="readingOrder {index:4;}">
                    <Coords points="2266,2908 2266,2968 2412,2968 2412,2908"/>
                    <TextEquiv>
                        <Unicode>subtlety</Unicode>
                    </TextEquiv>
                </Word>
                <Word id="tr_2_tl_43_w6" custom="readingOrder {index:5;}">
                    <Coords points="2442,2908 2442,2968 2477,2968 2477,2908"/>
                    <TextEquiv>
                        <Unicode>of</Unicode>
                    </TextEquiv>
                </Word>
                <TextEquiv>
                    <Unicode>fully, always with infinite subtlety of</Unicode>
                </TextEquiv>
            </TextLine>
            <TextLine id="tr_2_tl_44" custom="readingOrder {index:43;}">
                <Coords points="1725,3006 2477,2999 2478,2962 2438,2980 2376,2955 1726,2972"/>
                <Baseline points="1731,2987 1768,2990 1805,2990 1843,2990 1880,2990 1918,2990 1955,2990 1993,2990 2030,2988 2068,2987 2105,2987 2142,2987 2180,2987 2217,2987 2255,2987 2292,2987 2330,2987 2367,2987 2405,2987 2442,2987 2480,2987"/>
                <Word id="tr_2_tl_44_w1" custom="readingOrder {index:0;}">
                    <Coords points="1723,2950 1723,3010 1920,3010 1920,2950"/>
                    <TextEquiv>
                        <Unicode>variation,</Unicode>
                    </TextEquiv>
                </Word>
                <Word id="tr_2_tl_44_w2" custom="readingOrder {index:1;}">
                    <Coords points="1963,2949 1963,3009 2057,3009 2057,2949"/>
                    <TextEquiv>
                        <Unicode>there</Unicode>
                    </TextEquiv>
                </Word>
                <Word id="tr_2_tl_44_w3" custom="readingOrder {index:2;}">
                    <Coords points="2109,2947 2109,3007 2135,3007 2135,2947"/>
                    <TextEquiv>
                        <Unicode>is</Unicode>
                    </TextEquiv>
                </Word>
                <Word id="tr_2_tl_44_w4" custom="readingOrder {index:3;}">
                    <Coords points="2182,2947 2182,3007 2405,3007 2405,2947"/>
                    <TextEquiv>
                        <Unicode>occasionally</Unicode>
                    </TextEquiv>
                </Word>
                <Word id="tr_2_tl_44_w5" custom="readingOrder {index:4;}">
                    <Coords points="2457,2947 2457,3007 2474,3007 2474,2947"/>
                    <TextEquiv>
                        <Unicode>a</Unicode>
                    </TextEquiv>
                </Word>
                <TextEquiv>
                    <Unicode>variation, there is occasionally a</Unicode>
                </TextEquiv>
            </TextLine>
            <TextLine id="tr_2_tl_45" custom="readingOrder {index:44;}">
                <Coords points="1729,3031 2488,3042 2488,2994 2428,2990 1729,3001"/>
                <Baseline points="1734,3029 1771,3029 1809,3029 1847,3029 1885,3029 1922,3029 1960,3029 1998,3029 2036,3029 2073,3027 2111,3028 2149,3028 2187,3026 2224,3026 2262,3026 2300,3026 2338,3026 2375,3026 2413,3026 2451,3026 2489,3026"/>
                <Word id="tr_2_tl_45_w1" custom="readingOrder {index:0;}">
                    <Coords points="1728,2989 1728,3049 1891,3049 1891,2989"/>
                    <TextEquiv>
                        <Unicode>charming</Unicode>
                    </TextEquiv>
                </Word>
                <Word id="tr_2_tl_45_w2" custom="readingOrder {index:1;}">
                    <Coords points="1919,2989 1919,3049 2137,3049 2137,2989"/>
                    <TextEquiv>
                        <Unicode>melancholy,</Unicode>
                    </TextEquiv>
                </Word>
                <Word id="tr_2_tl_45_w3" custom="readingOrder {index:2;}">
                    <Coords points="2155,2986 2155,3046 2209,3046 2209,2986"/>
                    <TextEquiv>
                        <Unicode>but</Unicode>
                    </TextEquiv>
                </Word>
                <Word id="tr_2_tl_45_w4" custom="readingOrder {index:3;}">
                    <Coords points="2228,2986 2228,3046 2428,3046 2428,2986"/>
                    <TextEquiv>
                        <Unicode>underneath</Unicode>
                    </TextEquiv>
                </Word>
                <Word id="tr_2_tl_45_w5" custom="readingOrder {index:4;}">
                    <Coords points="2456,2986 2456,3046 2478,3046 2478,2986"/>
                    <TextEquiv>
                        <Unicode>it</Unicode>
                    </TextEquiv>
                </Word>
                <TextEquiv>
                    <Unicode>charming melancholy, but underneath it</Unicode>
                </TextEquiv>
            </TextLine>
            <TextLine id="tr_2_tl_46" custom="readingOrder {index:45;}">
                <Coords points="1729,3077 2418,3082 2493,3076 2494,3044 1730,3031"/>
                <Baseline points="1734,3065 1772,3068 1810,3068 1848,3068 1886,3068 1924,3068 1962,3068 2000,3068 2038,3068 2076,3068 2114,3066 2152,3065 2190,3065 2228,3065 2266,3065 2304,3065 2342,3065 2380,3065 2418,3064 2456,3062 2495,3062"/>
                <Word id="tr_2_tl_46_w1" custom="readingOrder {index:0;}">
                    <Coords points="1728,3026 1728,3086 1781,3086 1781,3026"/>
                    <TextEquiv>
                        <Unicode>lies</Unicode>
                    </TextEquiv>
                </Word>
                <Word id="tr_2_tl_46_w2" custom="readingOrder {index:1;}">
                    <Coords points="1809,3028 1809,3088 1818,3088 1818,3028"/>
                    <TextEquiv>
                        <Unicode>a</Unicode>
                    </TextEquiv>
                </Word>
                <Word id="tr_2_tl_46_w3" custom="readingOrder {index:2;}">
                    <Coords points="1846,3028 1846,3088 1986,3088 1986,3028"/>
                    <TextEquiv>
                        <Unicode>ruthless</Unicode>
                    </TextEquiv>
                </Word>
                <Word id="tr_2_tl_46_w4" custom="readingOrder {index:3;}">
                    <Coords points="2013,3027 2013,3087 2154,3087 2154,3027"/>
                    <TextEquiv>
                        <Unicode>analysis</Unicode>
                    </TextEquiv>
                </Word>
                <Word id="tr_2_tl_46_w5" custom="readingOrder {index:4;}">
                    <Coords points="2177,3025 2177,3085 2235,3085 2235,3025"/>
                    <TextEquiv>
                        <Unicode>and</Unicode>
                    </TextEquiv>
                </Word>
                <Word id="tr_2_tl_46_w6" custom="readingOrder {index:5;}">
                    <Coords points="2263,3025 2263,3085 2276,3085 2276,3025"/>
                    <TextEquiv>
                        <Unicode>a</Unicode>
                    </TextEquiv>
                </Word>
                <Word id="tr_2_tl_46_w7" custom="readingOrder {index:6;}">
                    <Coords points="2299,3024 2299,3084 2476,3084 2476,3024"/>
                    <TextEquiv>
                        <Unicode>frankness</Unicode>
                    </TextEquiv>
                </Word>
                <TextEquiv>
                    <Unicode>lies a ruthless analysis and a frankness</Unicode>
                </TextEquiv>
            </TextLine>
            <TextLine id="tr_2_tl_47" custom="readingOrder {index:46;}">
                <Coords points="1726,3107 2487,3117 2477,3072 2266,3095 2196,3071 1726,3075"/>
                <Baseline points="1731,3106 1768,3103 1806,3105 1844,3104 1882,3104 1920,3106 1958,3106 1996,3103 2034,3103 2072,3103 2110,3103 2147,3103 2185,3103 2223,3103 2261,3103 2299,3103 2337,3103 2375,3103 2413,3102 2451,3100 2489,3103"/>
                <Word id="tr_2_tl_47_w1" custom="readingOrder {index:0;}">
                    <Coords points="1724,3065 1724,3125 1759,3125 1759,3065"/>
                    <TextEquiv>
                        <Unicode>of</Unicode>
                    </TextEquiv>
                </Word>
                <Word id="tr_2_tl_47_w2" custom="readingOrder {index:1;}">
                    <Coords points="1799,3064 1799,3124 1999,3124 1999,3064"/>
                    <TextEquiv>
                        <Unicode>acceptance</Unicode>
                    </TextEquiv>
                </Word>
                <Word id="tr_2_tl_47_w3" custom="readingOrder {index:2;}">
                    <Coords points="2043,3063 2043,3123 2234,3123 2234,3063"/>
                    <TextEquiv>
                        <Unicode>amounting</Unicode>
                    </TextEquiv>
                </Word>
                <Word id="tr_2_tl_47_w4" custom="readingOrder {index:3;}">
                    <Coords points="2283,3063 2283,3123 2403,3123 2403,3063"/>
                    <TextEquiv>
                        <Unicode>almost</Unicode>
                    </TextEquiv>
                </Word>
                <Word id="tr_2_tl_47_w5" custom="readingOrder {index:4;}">
                    <Coords points="2447,3061 2447,3121 2482,3121 2482,3061"/>
                    <TextEquiv>
                        <Unicode>at</Unicode>
                    </TextEquiv>
                </Word>
                <TextEquiv>
                    <Unicode>of acceptance amounting almost at</Unicode>
                </TextEquiv>
            </TextLine>
            <TextLine id="tr_2_tl_48" custom="readingOrder {index:47;}">
                <Coords points="1729,3153 2484,3148 2468,3107 2135,3109 2101,3135 2040,3105 1838,3128 1729,3110"/>
                <Baseline points="1734,3145 1771,3145 1809,3142 1846,3144 1884,3143 1922,3142 1959,3142 1997,3142 2034,3142 2072,3142 2110,3142 2147,3142 2185,3141 2222,3139 2260,3142 2298,3142 2335,3140 2373,3139 2410,3139 2448,3139 2486,3139"/>
                <Word id="tr_2_tl_48_w1" custom="readingOrder {index:0;}">
                    <Coords points="1728,3104 1728,3164 1822,3164 1822,3104"/>
                    <TextEquiv>
                        <Unicode>times</Unicode>
                    </TextEquiv>
                </Word>
                <Word id="tr_2_tl_48_w2" custom="readingOrder {index:1;}">
                    <Coords points="1851,3103 1851,3163 1882,3163 1882,3103"/>
                    <TextEquiv>
                        <Unicode>to</Unicode>
                    </TextEquiv>
                </Word>
                <Word id="tr_2_tl_48_w3" custom="readingOrder {index:2;}">
                    <Coords points="1914,3102 1914,3162 2087,3162 2087,3102"/>
                    <TextEquiv>
                        <Unicode>cynicism.</Unicode>
                    </TextEquiv>
                </Word>
                <Word id="tr_2_tl_48_w4" custom="readingOrder {index:3;}">
                    <Coords points="2133,3101 2133,3161 2196,3161 2196,3101"/>
                    <TextEquiv>
                        <Unicode>The</Unicode>
                    </TextEquiv>
                </Word>
                <Word id="tr_2_tl_48_w5" custom="readingOrder {index:4;}">
                    <Coords points="2229,3102 2229,3162 2328,3162 2328,3102"/>
                    <TextEquiv>
                        <Unicode>series</Unicode>
                    </TextEquiv>
                </Word>
                <Word id="tr_2_tl_48_w6" custom="readingOrder {index:5;}">
                    <Coords points="2361,3099 2361,3159 2393,3159 2393,3099"/>
                    <TextEquiv>
                        <Unicode>of</Unicode>
                    </TextEquiv>
                </Word>
                <Word id="tr_2_tl_48_w7" custom="readingOrder {index:6;}">
                    <Coords points="2420,3099 2420,3159 2470,3159 2470,3099"/>
                    <TextEquiv>
                        <Unicode>ten</Unicode>
                    </TextEquiv>
                </Word>
                <TextEquiv>
                    <Unicode>times to cynicism. The series of ten</Unicode>
                </TextEquiv>
            </TextLine>
            <TextLine id="tr_2_tl_49" custom="readingOrder {index:48;}">
                <Coords points="1729,3199 2444,3197 2484,3186 2485,3148 2297,3172 2214,3147 1730,3146"/>
                <Baseline points="1734,3184 1771,3181 1809,3184 1846,3182 1884,3181 1922,3181 1959,3181 1997,3181 2034,3181 2072,3181 2110,3181 2147,3180 2185,3178 2222,3178 2260,3178 2298,3178 2335,3178 2373,3178 2410,3178 2448,3178 2486,3178"/>
                <Word id="tr_2_tl_49_w1" custom="readingOrder {index:0;}">
                    <Coords points="1728,3143 1728,3203 1900,3203 1900,3143"/>
                    <TextEquiv>
                        <Unicode>dialogues</Unicode>
                    </TextEquiv>
                </Word>
                <Word id="tr_2_tl_49_w2" custom="readingOrder {index:1;}">
                    <Coords points="1933,3141 1933,3201 2068,3201 2068,3141"/>
                    <TextEquiv>
                        <Unicode>entitled</Unicode>
                    </TextEquiv>
                </Word>
                <Word id="tr_2_tl_49_w3" custom="readingOrder {index:2;}">
                    <Coords points="2116,3138 2116,3198 2265,3198 2265,3138"/>
                    <TextEquiv>
                        <Unicode>“Reigen</Unicode>
                    </TextEquiv>
                </Word>
                <Word id="tr_2_tl_49_w4" custom="readingOrder {index:3;}">
                    <Coords points="2340,3138 2340,3198 2470,3198 2470,3138"/>
                    <TextEquiv>
                        <Unicode>created</Unicode>
                    </TextEquiv>
                </Word>
                <TextEquiv>
                    <Unicode>dialogues entitled “Reigen created</Unicode>
                </TextEquiv>
            </TextLine>
            <TextLine id="tr_2_tl_50" custom="readingOrder {index:49;}">
                <Coords points="1726,3227 2490,3229 2485,3184 1727,3201"/>
                <Baseline points="1731,3220 1769,3220 1807,3220 1845,3220 1883,3220 1921,3220 1959,3220 1997,3220 2035,3220 2073,3220 2111,3218 2149,3218 2187,3219 2225,3217 2263,3217 2301,3217 2339,3215 2377,3215 2415,3217 2453,3217 2492,3217"/>
                <Word id="tr_2_tl_50_w1" custom="readingOrder {index:0;}">
                    <Coords points="1724,3180 1724,3240 1908,3240 1908,3180"/>
                    <TextEquiv>
                        <Unicode>somewhat</Unicode>
                    </TextEquiv>
                </Word>
                <Word id="tr_2_tl_50_w2" custom="readingOrder {index:1;}">
                    <Coords points="1934,3180 1934,3240 1968,3240 1968,3180"/>
                    <TextEquiv>
                        <Unicode>of</Unicode>
                    </TextEquiv>
                </Word>
                <Word id="tr_2_tl_50_w3" custom="readingOrder {index:2;}">
                    <Coords points="1990,3180 1990,3240 2002,3240 2002,3180"/>
                    <TextEquiv>
                        <Unicode>a</Unicode>
                    </TextEquiv>
                </Word>
                <Word id="tr_2_tl_50_w4" custom="readingOrder {index:3;}">
                    <Coords points="2028,3178 2028,3238 2170,3238 2170,3178"/>
                    <TextEquiv>
                        <Unicode>scandal</Unicode>
                    </TextEquiv>
                </Word>
                <Word id="tr_2_tl_50_w5" custom="readingOrder {index:4;}">
                    <Coords points="2192,3177 2192,3237 2277,3237 2277,3177"/>
                    <TextEquiv>
                        <Unicode>when</Unicode>
                    </TextEquiv>
                </Word>
                <Word id="tr_2_tl_50_w6" custom="readingOrder {index:5;}">
                    <Coords points="2303,3176 2303,3236 2328,3236 2328,3176"/>
                    <TextEquiv>
                        <Unicode>it</Unicode>
                    </TextEquiv>
                </Word>
                <Word id="tr_2_tl_50_w7" custom="readingOrder {index:6;}">
                    <Coords points="2354,3175 2354,3235 2418,3235 2418,3175"/>
                    <TextEquiv>
                        <Unicode>was</Unicode>
                    </TextEquiv>
                </Word>
                <Word id="tr_2_tl_50_w8" custom="readingOrder {index:7;}">
                    <Coords points="2440,3177 2440,3237 2478,3237 2478,3177"/>
                    <TextEquiv>
                        <Unicode>at</Unicode>
                    </TextEquiv>
                </Word>
                <TextEquiv>
                    <Unicode>somewhat of a scandal when it was at</Unicode>
                </TextEquiv>
            </TextLine>
            <TextLine id="tr_2_tl_51" custom="readingOrder {index:50;}">
                <Coords points="1729,3271 2490,3264 2464,3224 1729,3228"/>
                <Baseline points="1734,3256 1771,3259 1809,3259 1847,3261 1885,3261 1923,3259 1961,3259 1999,3259 2037,3256 2075,3258 2113,3257 2150,3256 2188,3256 2226,3256 2264,3256 2302,3256 2340,3254 2378,3254 2416,3256 2454,3256 2492,3253"/>
                <Word id="tr_2_tl_51_w1" custom="readingOrder {index:0;}">
                    <Coords points="1727,3219 1727,3279 1833,3279 1833,3219"/>
                    <TextEquiv>
                        <Unicode>length</Unicode>
                    </TextEquiv>
                </Word>
                <Word id="tr_2_tl_51_w2" custom="readingOrder {index:1;}">
                    <Coords points="1869,3219 1869,3279 2055,3279 2055,3219"/>
                    <TextEquiv>
                        <Unicode>performed</Unicode>
                    </TextEquiv>
                </Word>
                <Word id="tr_2_tl_51_w3" custom="readingOrder {index:2;}">
                    <Coords points="2087,3216 2087,3276 2219,3276 2219,3216"/>
                    <TextEquiv>
                        <Unicode>against</Unicode>
                    </TextEquiv>
                </Word>
                <Word id="tr_2_tl_51_w4" custom="readingOrder {index:3;}">
                    <Coords points="2246,3216 2246,3276 2299,3276 2299,3216"/>
                    <TextEquiv>
                        <Unicode>the</Unicode>
                    </TextEquiv>
                </Word>
                <Word id="tr_2_tl_51_w5" custom="readingOrder {index:4;}">
                    <Coords points="2326,3215 2326,3275 2481,3275 2481,3215"/>
                    <TextEquiv>
                        <Unicode>author's</Unicode>
                    </TextEquiv>
                </Word>
                <TextEquiv>
                    <Unicode>length performed against the author's</Unicode>
                </TextEquiv>
            </TextLine>
            <TextLine id="tr_2_tl_52" custom="readingOrder {index:51;}">
                <Coords points="1731,3306 2486,3310 2487,3260 1732,3269"/>
                <Baseline points="1737,3294 1774,3297 1812,3297 1849,3297 1887,3297 1925,3297 1962,3297 2000,3294 2037,3294 2075,3294 2113,3294 2150,3294 2188,3294 2225,3294 2263,3294 2301,3294 2338,3294 2376,3294 2413,3294 2451,3294 2489,3294"/>
                <Word id="tr_2_tl_52_w1" custom="readingOrder {index:0;}">
                    <Coords points="1730,3255 1730,3315 1792,3315 1792,3255"/>
                    <TextEquiv>
                        <Unicode>iwll</Unicode>
                    </TextEquiv>
                </Word>
                <Word id="tr_2_tl_52_w2" custom="readingOrder {index:1;}">
                    <Coords points="1811,3257 1811,3317 1840,3317 1840,3257"/>
                    <TextEquiv>
                        <Unicode>in</Unicode>
                    </TextEquiv>
                </Word>
                <Word id="tr_2_tl_52_w3" custom="readingOrder {index:2;}">
                    <Coords points="1869,3257 1869,3317 1954,3317 1954,3257"/>
                    <TextEquiv>
                        <Unicode>1920.</Unicode>
                    </TextEquiv>
                </Word>
                <Word id="tr_2_tl_52_w4" custom="readingOrder {index:3;}">
                    <Coords points="1993,3254 1993,3314 2179,3314 2179,3254"/>
                    <TextEquiv>
                        <Unicode>Schnitzler</Unicode>
                    </TextEquiv>
                </Word>
                <Word id="tr_2_tl_52_w5" custom="readingOrder {index:4;}">
                    <Coords points="2204,3254 2204,3314 2270,3314 2270,3254"/>
                    <TextEquiv>
                        <Unicode>also</Unicode>
                    </TextEquiv>
                </Word>
                <Word id="tr_2_tl_52_w6" custom="readingOrder {index:5;}">
                    <Coords points="2295,3254 2295,3314 2467,3314 2467,3254"/>
                    <TextEquiv>
                        <Unicode>published</Unicode>
                    </TextEquiv>
                </Word>
                <TextEquiv>
                    <Unicode>iwll in 1920. Schnitzler also published</Unicode>
                </TextEquiv>
            </TextLine>
            <TextLine id="tr_2_tl_53" custom="readingOrder {index:52;}">
                <Coords points="1726,3342 1860,3367 1894,3342 2149,3354 2188,3329 2487,3341 2488,3309 2439,3300 1727,3310"/>
                <Baseline points="1731,3336 1768,3336 1806,3336 1844,3336 1882,3333 1920,3335 1958,3336 1996,3336 2034,3335 2072,3333 2110,3333 2147,3333 2185,3329 2223,3329 2261,3330 2299,3330 2337,3330 2375,3330 2413,3330 2451,3332 2489,3330"/>
                <Word id="tr_2_tl_53_w1" custom="readingOrder {index:0;}">
                    <Coords points="1726,3296 1726,3356 1751,3356 1751,3296"/>
                    <TextEquiv>
                        <Unicode>in</Unicode>
                    </TextEquiv>
                </Word>
                <Word id="tr_2_tl_53_w2" custom="readingOrder {index:1;}">
                    <Coords points="1788,3296 1788,3356 1860,3356 1860,3296"/>
                    <TextEquiv>
                        <Unicode>1908</Unicode>
                    </TextEquiv>
                </Word>
                <Word id="tr_2_tl_53_w3" custom="readingOrder {index:2;}">
                    <Coords points="1891,3293 1891,3353 1906,3353 1906,3293"/>
                    <TextEquiv>
                        <Unicode>a</Unicode>
                    </TextEquiv>
                </Word>
                <Word id="tr_2_tl_53_w4" custom="readingOrder {index:3;}">
                    <Coords points="1938,3296 1938,3356 2010,3356 2010,3296"/>
                    <TextEquiv>
                        <Unicode>long</Unicode>
                    </TextEquiv>
                </Word>
                <Word id="tr_2_tl_53_w5" custom="readingOrder {index:4;}">
                    <Coords points="2047,3293 2047,3353 2160,3353 2160,3293"/>
                    <TextEquiv>
                        <Unicode>novel,</Unicode>
                    </TextEquiv>
                </Word>
                <Word id="tr_2_tl_53_w6" custom="readingOrder {index:5;}">
                    <Coords points="2186,3289 2186,3349 2284,3349 2284,3289"/>
                    <TextEquiv>
                        <Unicode>“Der</Unicode>
                    </TextEquiv>
                </Word>
                <Word id="tr_2_tl_53_w7" custom="readingOrder {index:6;}">
                    <Coords points="2316,3290 2316,3350 2393,3350 2393,3290"/>
                    <TextEquiv>
                        <Unicode>Weg</Unicode>
                    </TextEquiv>
                </Word>
                <Word id="tr_2_tl_53_w8" custom="readingOrder {index:7;}">
                    <Coords points="2425,3291 2425,3351 2476,3351 2476,3291"/>
                    <TextEquiv>
                        <Unicode>ins</Unicode>
                    </TextEquiv>
                </Word>
                <TextEquiv>
                    <Unicode>in 1908 a long novel, “Der Weg ins</Unicode>
                </TextEquiv>
            </TextLine>
            <TextLine id="tr_2_tl_54" custom="readingOrder {index:53;}">
                <Coords points="1726,3388 2485,3383 2485,3339 1895,3342 1867,3368 1726,3341"/>
                <Baseline points="1731,3372 1768,3372 1806,3372 1844,3374 1882,3374 1919,3372 1957,3372 1995,3372 2033,3372 2070,3372 2108,3372 2146,3372 2184,3372 2221,3369 2259,3369 2297,3369 2335,3369 2372,3369 2410,3369 2448,3369 2486,3372"/>
                <Word id="tr_2_tl_54_w1" custom="readingOrder {index:0;}">
                    <Coords points="1725,3332 1725,3392 1837,3392 1837,3332"/>
                    <TextEquiv>
                        <Unicode>Freie,</Unicode>
                    </TextEquiv>
                </Word>
                <Word id="tr_2_tl_54_w2" custom="readingOrder {index:1;}">
                    <Coords points="1884,3333 1884,3393 1911,3393 1911,3333"/>
                    <TextEquiv>
                        <Unicode>in</Unicode>
                    </TextEquiv>
                </Word>
                <Word id="tr_2_tl_54_w3" custom="readingOrder {index:2;}">
                    <Coords points="1938,3332 1938,3392 2038,3392 2038,3332"/>
                    <TextEquiv>
                        <Unicode>which</Unicode>
                    </TextEquiv>
                </Word>
                <Word id="tr_2_tl_54_w4" custom="readingOrder {index:3;}">
                    <Coords points="2066,3332 2066,3392 2102,3392 2102,3332"/>
                    <TextEquiv>
                        <Unicode>as</Unicode>
                    </TextEquiv>
                </Word>
                <Word id="tr_2_tl_54_w5" custom="readingOrder {index:4;}">
                    <Coords points="2125,3332 2125,3392 2134,3392 2134,3332"/>
                    <TextEquiv>
                        <Unicode>a</Unicode>
                    </TextEquiv>
                </Word>
                <Word id="tr_2_tl_54_w6" custom="readingOrder {index:5;}">
                    <Coords points="2161,3331 2161,3391 2220,3391 2220,3331"/>
                    <TextEquiv>
                        <Unicode>Jew</Unicode>
                    </TextEquiv>
                </Word>
                <Word id="tr_2_tl_54_w7" custom="readingOrder {index:6;}">
                    <Coords points="2253,3329 2253,3389 2289,3389 2289,3329"/>
                    <TextEquiv>
                        <Unicode>he</Unicode>
                    </TextEquiv>
                </Word>
                <Word id="tr_2_tl_54_w8" custom="readingOrder {index:7;}">
                    <Coords points="2316,3329 2316,3389 2471,3389 2471,3329"/>
                    <TextEquiv>
                        <Unicode>attacked</Unicode>
                    </TextEquiv>
                </Word>
                <TextEquiv>
                    <Unicode>Freie, in which as a Jew he attacked</Unicode>
                </TextEquiv>
            </TextLine>
            <TextLine id="tr_2_tl_55" custom="readingOrder {index:54;}">
                <Coords points="1726,3424 2478,3424 2478,3383 2377,3377 1726,3388"/>
                <Baseline points="1731,3414 1768,3414 1805,3414 1843,3414 1880,3414 1918,3414 1955,3413 1993,3411 2030,3411 2068,3411 2105,3411 2142,3411 2180,3410 2217,3408 2255,3408 2292,3408 2330,3408 2367,3408 2405,3408 2442,3408 2480,3411"/>
                <Word id="tr_2_tl_55_w1" custom="readingOrder {index:0;}">
                    <Coords points="1724,3374 1724,3434 1775,3434 1775,3374"/>
                    <TextEquiv>
                        <Unicode>the</Unicode>
                    </TextEquiv>
                </Word>
                <Word id="tr_2_tl_55_w2" custom="readingOrder {index:1;}">
                    <Coords points="1810,3373 1810,3433 2032,3433 2032,3373"/>
                    <TextEquiv>
                        <Unicode>anti-Semitic</Unicode>
                    </TextEquiv>
                </Word>
                <Word id="tr_2_tl_55_w3" custom="readingOrder {index:2;}">
                    <Coords points="2063,3370 2063,3430 2251,3430 2251,3370"/>
                    <TextEquiv>
                        <Unicode>movement</Unicode>
                    </TextEquiv>
                </Word>
                <Word id="tr_2_tl_55_w4" custom="readingOrder {index:3;}">
                    <Coords points="2277,3368 2277,3428 2302,3428 2302,3368"/>
                    <TextEquiv>
                        <Unicode>in</Unicode>
                    </TextEquiv>
                </Word>
                <Word id="tr_2_tl_55_w5" custom="readingOrder {index:4;}">
                    <Coords points="2337,3368 2337,3428 2478,3428 2478,3368"/>
                    <TextEquiv>
                        <Unicode>Vienna,</Unicode>
                    </TextEquiv>
                </Word>
                <TextEquiv>
                    <Unicode>the anti-Semitic movement in Vienna,</Unicode>
                </TextEquiv>
            </TextLine>
            <TextLine id="tr_2_tl_56" custom="readingOrder {index:55;}">
                <Coords points="1729,3465 2488,3453 2488,3418 2449,3412 1729,3427"/>
                <Baseline points="1734,3450 1771,3450 1809,3450 1847,3450 1885,3450 1922,3450 1960,3450 1998,3450 2036,3450 2073,3450 2111,3450 2149,3450 2187,3449 2224,3447 2262,3447 2300,3447 2338,3449 2375,3449 2413,3447 2451,3447 2489,3444"/>
                <Word id="tr_2_tl_56_w1" custom="readingOrder {index:0;}">
                    <Coords points="1727,3410 1727,3470 1780,3470 1780,3410"/>
                    <TextEquiv>
                        <Unicode>and</Unicode>
                    </TextEquiv>
                </Word>
                <Word id="tr_2_tl_56_w2" custom="readingOrder {index:1;}">
                    <Coords points="1811,3410 1811,3470 1939,3470 1939,3410"/>
                    <TextEquiv>
                        <Unicode>showed</Unicode>
                    </TextEquiv>
                </Word>
                <Word id="tr_2_tl_56_w3" custom="readingOrder {index:2;}">
                    <Coords points="1970,3410 1970,3470 2054,3470 2054,3410"/>
                    <TextEquiv>
                        <Unicode>much</Unicode>
                    </TextEquiv>
                </Word>
                <Word id="tr_2_tl_56_w4" custom="readingOrder {index:3;}">
                    <Coords points="2086,3407 2086,3467 2342,3467 2342,3407"/>
                    <TextEquiv>
                        <Unicode>understanding</Unicode>
                    </TextEquiv>
                </Word>
                <Word id="tr_2_tl_56_w5" custom="readingOrder {index:4;}">
                    <Coords points="2369,3408 2369,3468 2399,3468 2399,3408"/>
                    <TextEquiv>
                        <Unicode>of</Unicode>
                    </TextEquiv>
                </Word>
                <Word id="tr_2_tl_56_w6" custom="readingOrder {index:5;}">
                    <Coords points="2422,3407 2422,3467 2474,3467 2474,3407"/>
                    <TextEquiv>
                        <Unicode>the</Unicode>
                    </TextEquiv>
                </Word>
                <TextEquiv>
                    <Unicode>and showed much understanding of the</Unicode>
                </TextEquiv>
            </TextLine>
            <TextLine id="tr_2_tl_57" custom="readingOrder {index:56;}">
                <Coords points="1732,3496 2484,3491 2477,3451 1732,3463"/>
                <Baseline points="1737,3488 1774,3488 1811,3488 1849,3488 1886,3488 1924,3488 1961,3488 1999,3488 2036,3488 2074,3488 2111,3488 2148,3488 2186,3487 2223,3485 2261,3485 2298,3485 2336,3485 2373,3485 2411,3485 2448,3485 2486,3482"/>
                <Word id="tr_2_tl_57_w1" custom="readingOrder {index:0;}">
                    <Coords points="1726,3448 1726,3508 1854,3508 1854,3448"/>
                    <TextEquiv>
                        <Unicode>modern</Unicode>
                    </TextEquiv>
                </Word>
                <Word id="tr_2_tl_57_w2" custom="readingOrder {index:1;}">
                    <Coords points="1881,3448 1881,3508 2000,3508 2000,3448"/>
                    <TextEquiv>
                        <Unicode>Jewish</Unicode>
                    </TextEquiv>
                </Word>
                <Word id="tr_2_tl_57_w3" custom="readingOrder {index:2;}">
                    <Coords points="2023,3448 2023,3508 2191,3508 2191,3448"/>
                    <TextEquiv>
                        <Unicode>problem.</Unicode>
                    </TextEquiv>
                </Word>
                <Word id="tr_2_tl_57_w4" custom="readingOrder {index:3;}">
                    <Coords points="2227,3445 2227,3505 2276,3505 2276,3445"/>
                    <TextEquiv>
                        <Unicode>He</Unicode>
                    </TextEquiv>
                </Word>
                <Word id="tr_2_tl_57_w5" custom="readingOrder {index:4;}">
                    <Coords points="2298,3445 2298,3505 2470,3505 2470,3445"/>
                    <TextEquiv>
                        <Unicode>continued</Unicode>
                    </TextEquiv>
                </Word>
                <TextEquiv>
                    <Unicode>modern Jewish problem. He continued</Unicode>
                </TextEquiv>
            </TextLine>
            <TextLine id="tr_2_tl_58" custom="readingOrder {index:57;}">
                <Coords points="1735,3529 2409,3541 2481,3532 2482,3503 1736,3495"/>
                <Baseline points="1740,3524 1777,3527 1814,3529 1851,3530 1888,3529 1925,3527 1962,3527 2000,3527 2037,3527 2074,3526 2111,3524 2148,3524 2185,3521 2222,3523 2260,3524 2297,3523 2334,3521 2371,3521 2408,3521 2445,3521 2483,3524"/>
                <Word id="tr_2_tl_58_w1" custom="readingOrder {index:0;}">
                    <Coords points="1733,3487 1733,3547 1857,3547 1857,3487"/>
                    <TextEquiv>
                        <Unicode>writing</Unicode>
                    </TextEquiv>
                </Word>
                <Word id="tr_2_tl_58_w2" custom="readingOrder {index:1;}">
                    <Coords points="1892,3487 1892,3547 1932,3547 1932,3487"/>
                    <TextEquiv>
                        <Unicode>up</Unicode>
                    </TextEquiv>
                </Word>
                <Word id="tr_2_tl_58_w3" custom="readingOrder {index:2;}">
                    <Coords points="1968,3487 1968,3547 1999,3547 1999,3487"/>
                    <TextEquiv>
                        <Unicode>to</Unicode>
                    </TextEquiv>
                </Word>
                <Word id="tr_2_tl_58_w4" custom="readingOrder {index:3;}">
                    <Coords points="2035,3486 2035,3546 2087,3546 2087,3486"/>
                    <TextEquiv>
                        <Unicode>the</Unicode>
                    </TextEquiv>
                </Word>
                <Word id="tr_2_tl_58_w5" custom="readingOrder {index:4;}">
                    <Coords points="2128,3483 2128,3543 2180,3543 2180,3483"/>
                    <TextEquiv>
                        <Unicode>eve</Unicode>
                    </TextEquiv>
                </Word>
                <Word id="tr_2_tl_58_w6" custom="readingOrder {index:5;}">
                    <Coords points="2216,3483 2216,3543 2251,3543 2251,3483"/>
                    <TextEquiv>
                        <Unicode>of</Unicode>
                    </TextEquiv>
                </Word>
                <Word id="tr_2_tl_58_w7" custom="readingOrder {index:6;}">
                    <Coords points="2278,3482 2278,3542 2331,3542 2331,3482"/>
                    <TextEquiv>
                        <Unicode>his</Unicode>
                    </TextEquiv>
                </Word>
                <Word id="tr_2_tl_58_w8" custom="readingOrder {index:7;}">
                    <Coords points="2363,3481 2363,3541 2482,3541 2482,3481"/>
                    <TextEquiv>
                        <Unicode>death,</Unicode>
                    </TextEquiv>
                </Word>
                <TextEquiv>
                    <Unicode>writing up to the eve of his death,</Unicode>
                </TextEquiv>
            </TextLine>
            <TextLine id="tr_2_tl_59" custom="readingOrder {index:58;}">
                <Coords points="1732,3574 2186,3574 2289,3598 2484,3573 2485,3530 1732,3529"/>
                <Baseline points="1737,3566 1774,3566 1811,3566 1849,3566 1886,3566 1924,3565 1961,3564 1999,3566 2036,3563 2074,3563 2111,3563 2148,3563 2186,3563 2223,3563 2261,3563 2298,3563 2336,3563 2373,3563 2411,3562 2448,3560 2486,3563"/>
                <Word id="tr_2_tl_59_w1" custom="readingOrder {index:0;}">
                    <Coords points="1726,3526 1726,3586 1783,3586 1783,3526"/>
                    <TextEquiv>
                        <Unicode>and</Unicode>
                    </TextEquiv>
                </Word>
                <Word id="tr_2_tl_59_w2" custom="readingOrder {index:1;}">
                    <Coords points="1805,3526 1805,3586 1867,3586 1867,3526"/>
                    <TextEquiv>
                        <Unicode>two</Unicode>
                    </TextEquiv>
                </Word>
                <Word id="tr_2_tl_59_w3" custom="readingOrder {index:2;}">
                    <Coords points="1889,3525 1889,3585 1946,3585 1946,3525"/>
                    <TextEquiv>
                        <Unicode>new</Unicode>
                    </TextEquiv>
                </Word>
                <Word id="tr_2_tl_59_w4" custom="readingOrder {index:3;}">
                    <Coords points="1978,3523 1978,3583 2070,3583 2070,3523"/>
                    <TextEquiv>
                        <Unicode>plays</Unicode>
                    </TextEquiv>
                </Word>
                <Word id="tr_2_tl_59_w5" custom="readingOrder {index:4;}">
                    <Coords points="2088,3523 2088,3583 2118,3583 2118,3523"/>
                    <TextEquiv>
                        <Unicode>of</Unicode>
                    </TextEquiv>
                </Word>
                <Word id="tr_2_tl_59_w6" custom="readingOrder {index:5;}">
                    <Coords points="2136,3523 2136,3583 2184,3583 2184,3523"/>
                    <TextEquiv>
                        <Unicode>his</Unicode>
                    </TextEquiv>
                </Word>
                <Word id="tr_2_tl_59_w7" custom="readingOrder {index:6;}">
                    <Coords points="2203,3523 2203,3583 2282,3583 2282,3523"/>
                    <TextEquiv>
                        <Unicode>were</Unicode>
                    </TextEquiv>
                </Word>
                <Word id="tr_2_tl_59_w8" custom="readingOrder {index:7;}">
                    <Coords points="2304,3522 2304,3582 2467,3582 2467,3522"/>
                    <TextEquiv>
                        <Unicode>produced</Unicode>
                    </TextEquiv>
                </Word>
                <TextEquiv>
                    <Unicode>and two new plays of his were produced</Unicode>
                </TextEquiv>
            </TextLine>
            <TextLine id="tr_2_tl_60" custom="readingOrder {index:59;}">
                <Coords points="1720,3635 1776,3616 1839,3628 1936,3608 2002,3627 2091,3608 2167,3629 2167,3576 2153,3573 1720,3578"/>
                <Baseline points="1725,3605 1751,3607 1777,3607 1803,3606 1829,3605 1855,3605 1881,3605 1907,3605 1933,3605 1960,3605 1986,3605 2012,3605 2038,3605 2064,3603 2090,3602 2116,3602 2142,3603 2169,3605"/>
                <Word id="tr_2_tl_60_w1" custom="readingOrder {index:0;}">
                    <Coords points="1723,3565 1723,3625 1750,3625 1750,3565"/>
                    <TextEquiv>
                        <Unicode>in</Unicode>
                    </TextEquiv>
                </Word>
                <Word id="tr_2_tl_60_w2" custom="readingOrder {index:1;}">
                    <Coords points="1783,3565 1783,3625 1906,3625 1906,3565"/>
                    <TextEquiv>
                        <Unicode>Vienna</Unicode>
                    </TextEquiv>
                </Word>
                <Word id="tr_2_tl_60_w3" custom="readingOrder {index:2;}">
                    <Coords points="1934,3565 1934,3625 2002,3625 2002,3565"/>
                    <TextEquiv>
                        <Unicode>this</Unicode>
                    </TextEquiv>
                </Word>
                <Word id="tr_2_tl_60_w4" custom="readingOrder {index:3;}">
                    <Coords points="2025,3562 2025,3622 2162,3622 2162,3562"/>
                    <TextEquiv>
                        <Unicode>season.</Unicode>
                    </TextEquiv>
                </Word>
                <TextEquiv>
                    <Unicode>in Vienna this season.</Unicode>
                </TextEquiv>
            </TextLine>
            <TextLine id="tr_2_tl_61" custom="readingOrder {index:60;}">
                <Coords points="1758,3682 2482,3688 2482,3637 2443,3631 2098,3651 1758,3632"/>
                <Baseline points="1763,3668 1799,3667 1835,3670 1871,3671 1907,3671 1943,3671 1979,3671 2015,3669 2051,3668 2087,3668 2123,3668 2159,3668 2195,3668 2231,3668 2267,3668 2303,3668 2339,3668 2375,3668 2411,3667 2447,3665 2483,3665"/>
                <Word id="tr_2_tl_61_w1" custom="readingOrder {index:0;}">
                    <Coords points="1761,3627 1761,3687 1845,3687 1845,3627"/>
                    <TextEquiv>
                        <Unicode>Our,</Unicode>
                    </TextEquiv>
                </Word>
                <Word id="tr_2_tl_61_w2" custom="readingOrder {index:1;}">
                    <Coords points="1855,3631 1855,3691 1971,3691 1971,3631"/>
                    <TextEquiv>
                        <Unicode>Vienna</Unicode>
                    </TextEquiv>
                </Word>
                <Word id="tr_2_tl_61_w3" custom="readingOrder {index:2;}">
                    <Coords points="2000,3628 2000,3688 2261,3688 2261,3628"/>
                    <TextEquiv>
                        <Unicode>correspondent</Unicode>
                    </TextEquiv>
                </Word>
                <Word id="tr_2_tl_61_w4" custom="readingOrder {index:3;}">
                    <Coords points="2281,3627 2281,3687 2472,3687 2472,3627"/>
                    <TextEquiv>
                        <Unicode>telegraphs</Unicode>
                    </TextEquiv>
                </Word>
                <TextEquiv>
                    <Unicode>Our, Vienna correspondent telegraphs</Unicode>
                </TextEquiv>
            </TextLine>
            <TextLine id="tr_2_tl_62" custom="readingOrder {index:61;}">
                <Coords points="1726,3735 2435,3733 2475,3722 2476,3687 1727,3683"/>
                <Baseline points="1731,3718 1768,3718 1805,3718 1842,3718 1880,3718 1917,3718 1954,3718 1992,3718 2029,3718 2066,3716 2104,3715 2141,3715 2178,3715 2215,3715 2253,3712 2290,3712 2327,3714 2365,3713 2402,3713 2439,3715 2477,3712"/>
                <Word id="tr_2_tl_62_w1" custom="readingOrder {index:0;}">
                    <Coords points="1725,3678 1725,3738 1794,3738 1794,3678"/>
                    <TextEquiv>
                        <Unicode>that</Unicode>
                    </TextEquiv>
                </Word>
                <Word id="tr_2_tl_62_w2" custom="readingOrder {index:1;}">
                    <Coords points="1827,3678 1827,3738 1892,3738 1892,3678"/>
                    <TextEquiv>
                        <Unicode>Dr.</Unicode>
                    </TextEquiv>
                </Word>
                <Word id="tr_2_tl_62_w3" custom="readingOrder {index:2;}">
                    <Coords points="1921,3677 1921,3737 2139,3737 2139,3677"/>
                    <TextEquiv>
                        <Unicode>Schnitzler's</Unicode>
                    </TextEquiv>
                </Word>
                <Word id="tr_2_tl_62_w4" custom="readingOrder {index:3;}">
                    <Coords points="2172,3675 2172,3735 2228,3735 2228,3675"/>
                    <TextEquiv>
                        <Unicode>end</Unicode>
                    </TextEquiv>
                </Word>
                <Word id="tr_2_tl_62_w5" custom="readingOrder {index:4;}">
                    <Coords points="2266,3673 2266,3733 2354,3733 2354,3673"/>
                    <TextEquiv>
                        <Unicode>came</Unicode>
                    </TextEquiv>
                </Word>
                <Word id="tr_2_tl_62_w6" custom="readingOrder {index:5;}">
                    <Coords points="2387,3674 2387,3734 2470,3734 2470,3674"/>
                    <TextEquiv>
                        <Unicode>after</Unicode>
                    </TextEquiv>
                </Word>
                <TextEquiv>
                    <Unicode>that Dr. Schnitzler's end came after</Unicode>
                </TextEquiv>
            </TextLine>
            <TextLine id="tr_2_tl_63" custom="readingOrder {index:62;}">
                <Coords points="1726,3773 1830,3793 1890,3768 1942,3790 2478,3778 2479,3735 2451,3724 2257,3720 2210,3753 2136,3726 2024,3749 1727,3734"/>
                <Baseline points="1731,3763 1768,3766 1805,3766 1843,3766 1880,3766 1918,3766 1955,3766 1993,3766 2030,3763 2068,3763 2105,3763 2142,3763 2180,3762 2217,3760 2255,3760 2292,3760 2330,3760 2367,3760 2405,3760 2442,3760 2480,3760"/>
                <Word id="tr_2_tl_63_w1" custom="readingOrder {index:0;}">
                    <Coords points="1726,3726 1726,3786 1853,3786 1853,3726"/>
                    <TextEquiv>
                        <Unicode>several</Unicode>
                    </TextEquiv>
                </Word>
                <Word id="tr_2_tl_63_w2" custom="readingOrder {index:1;}">
                    <Coords points="1896,3726 1896,3786 1997,3786 1997,3726"/>
                    <TextEquiv>
                        <Unicode>days’</Unicode>
                    </TextEquiv>
                </Word>
                <Word id="tr_2_tl_63_w3" custom="readingOrder {index:2;}">
                    <Coords points="2040,3723 2040,3783 2168,3783 2168,3723"/>
                    <TextEquiv>
                        <Unicode>illness.</Unicode>
                    </TextEquiv>
                </Word>
                <Word id="tr_2_tl_63_w4" custom="readingOrder {index:3;}">
                    <Coords points="2232,3720 2232,3780 2296,3780 2296,3720"/>
                    <TextEquiv>
                        <Unicode>His</Unicode>
                    </TextEquiv>
                </Word>
                <Word id="tr_2_tl_63_w5" custom="readingOrder {index:4;}">
                    <Coords points="2344,3720 2344,3780 2477,3780 2477,3720"/>
                    <TextEquiv>
                        <Unicode>friends</Unicode>
                    </TextEquiv>
                </Word>
                <TextEquiv>
                    <Unicode>several days’ illness. His friends</Unicode>
                </TextEquiv>
            </TextLine>
            <TextLine id="tr_2_tl_64" custom="readingOrder {index:63;}">
                <Coords points="1729,3822 2481,3819 2481,3776 2377,3768 1907,3779 1868,3801 1729,3778"/>
                <Baseline points="1734,3814 1771,3814 1808,3814 1846,3814 1883,3814 1921,3814 1958,3813 1996,3811 2033,3808 2071,3810 2108,3811 2145,3810 2183,3808 2220,3808 2258,3808 2295,3808 2333,3808 2370,3808 2408,3808 2445,3808 2483,3808"/>
                <Word id="tr_2_tl_64_w1" custom="readingOrder {index:0;}">
                    <Coords points="1723,3774 1723,3834 1846,3834 1846,3774"/>
                    <TextEquiv>
                        <Unicode>believe</Unicode>
                    </TextEquiv>
                </Word>
                <Word id="tr_2_tl_64_w2" custom="readingOrder {index:1;}">
                    <Coords points="1876,3774 1876,3834 1954,3834 1954,3774"/>
                    <TextEquiv>
                        <Unicode>that</Unicode>
                    </TextEquiv>
                </Word>
                <Word id="tr_2_tl_64_w3" custom="readingOrder {index:2;}">
                    <Coords points="1984,3770 1984,3830 2013,3830 2013,3770"/>
                    <TextEquiv>
                        <Unicode>it</Unicode>
                    </TextEquiv>
                </Word>
                <Word id="tr_2_tl_64_w4" custom="readingOrder {index:3;}">
                    <Coords points="2038,3769 2038,3829 2101,3829 2101,3769"/>
                    <TextEquiv>
                        <Unicode>was</Unicode>
                    </TextEquiv>
                </Word>
                <Word id="tr_2_tl_64_w5" custom="readingOrder {index:4;}">
                    <Coords points="2126,3768 2126,3828 2273,3828 2273,3768"/>
                    <TextEquiv>
                        <Unicode>possibly</Unicode>
                    </TextEquiv>
                </Word>
                <Word id="tr_2_tl_64_w6" custom="readingOrder {index:5;}">
                    <Coords points="2308,3768 2308,3828 2465,3828 2465,3768"/>
                    <TextEquiv>
                        <Unicode>hastened</Unicode>
                    </TextEquiv>
                </Word>
                <TextEquiv>
                    <Unicode>believe that it was possibly hastened</Unicode>
                </TextEquiv>
            </TextLine>
            <TextLine id="tr_2_tl_65" custom="readingOrder {index:64;}">
                <Coords points="1720,3865 2479,3870 2479,3840 2413,3819 2140,3842 1720,3827"/>
                <Baseline points="1725,3859 1762,3862 1800,3862 1838,3860 1876,3860 1913,3862 1951,3862 1989,3859 2027,3859 2064,3857 2102,3856 2140,3856 2178,3856 2215,3856 2253,3856 2291,3856 2329,3856 2366,3856 2404,3856 2442,3856 2480,3859"/>
                <Word id="tr_2_tl_65_w1" custom="readingOrder {index:0;}">
                    <Coords points="1724,3820 1724,3880 1762,3880 1762,3820"/>
                    <TextEquiv>
                        <Unicode>by</Unicode>
                    </TextEquiv>
                </Word>
                <Word id="tr_2_tl_65_w2" custom="readingOrder {index:1;}">
                    <Coords points="1786,3821 1786,3881 1839,3881 1839,3821"/>
                    <TextEquiv>
                        <Unicode>the</Unicode>
                    </TextEquiv>
                </Word>
                <Word id="tr_2_tl_65_w3" custom="readingOrder {index:2;}">
                    <Coords points="1863,3821 1863,3881 1959,3881 1959,3821"/>
                    <TextEquiv>
                        <Unicode>death</Unicode>
                    </TextEquiv>
                </Word>
                <Word id="tr_2_tl_65_w4" custom="readingOrder {index:3;}">
                    <Coords points="1988,3819 1988,3879 2050,3879 2050,3819"/>
                    <TextEquiv>
                        <Unicode>last</Unicode>
                    </TextEquiv>
                </Word>
                <Word id="tr_2_tl_65_w5" custom="readingOrder {index:4;}">
                    <Coords points="2080,3816 2080,3876 2156,3876 2156,3816"/>
                    <TextEquiv>
                        <Unicode>vear</Unicode>
                    </TextEquiv>
                </Word>
                <Word id="tr_2_tl_65_w6" custom="readingOrder {index:5;}">
                    <Coords points="2181,3816 2181,3876 2209,3876 2209,3816"/>
                    <TextEquiv>
                        <Unicode>of</Unicode>
                    </TextEquiv>
                </Word>
                <Word id="tr_2_tl_65_w7" custom="readingOrder {index:6;}">
                    <Coords points="2228,3816 2228,3876 2276,3876 2276,3816"/>
                    <TextEquiv>
                        <Unicode>his</Unicode>
                    </TextEquiv>
                </Word>
                <Word id="tr_2_tl_65_w8" custom="readingOrder {index:7;}">
                    <Coords points="2296,3816 2296,3876 2478,3876 2478,3816"/>
                    <TextEquiv>
                        <Unicode>daughter,</Unicode>
                    </TextEquiv>
                </Word>
                <TextEquiv>
                    <Unicode>by the death last vear of his daughter,</Unicode>
                </TextEquiv>
            </TextLine>
            <TextLine id="tr_2_tl_66" custom="readingOrder {index:65;}">
                <Coords points="1720,3898 1988,3923 2479,3901 2479,3871 2421,3863 2221,3885 1720,3865"/>
                <Baseline points="1725,3897 1762,3900 1800,3898 1838,3899 1876,3900 1913,3899 1951,3897 1989,3900 2027,3898 2064,3897 2102,3897 2140,3897 2178,3897 2215,3897 2253,3897 2291,3897 2329,3896 2366,3895 2404,3896 2442,3894 2480,3897"/>
                <Word id="tr_2_tl_66_w1" custom="readingOrder {index:0;}">
                    <Coords points="1719,3858 1719,3918 1773,3918 1773,3858"/>
                    <TextEquiv>
                        <Unicode>the</Unicode>
                    </TextEquiv>
                </Word>
                <Word id="tr_2_tl_66_w2" custom="readingOrder {index:1;}">
                    <Coords points="1813,3859 1813,3919 1886,3919 1886,3859"/>
                    <TextEquiv>
                        <Unicode>wife</Unicode>
                    </TextEquiv>
                </Word>
                <Word id="tr_2_tl_66_w3" custom="readingOrder {index:2;}">
                    <Coords points="1926,3857 1926,3917 1960,3917 1960,3857"/>
                    <TextEquiv>
                        <Unicode>of</Unicode>
                    </TextEquiv>
                </Word>
                <Word id="tr_2_tl_66_w4" custom="readingOrder {index:3;}">
                    <Coords points="1986,3859 1986,3919 2024,3919 2024,3859"/>
                    <TextEquiv>
                        <Unicode>an</Unicode>
                    </TextEquiv>
                </Word>
                <Word id="tr_2_tl_66_w5" custom="readingOrder {index:4;}">
                    <Coords points="2064,3857 2064,3917 2187,3917 2187,3857"/>
                    <TextEquiv>
                        <Unicode>Italian</Unicode>
                    </TextEquiv>
                </Word>
                <Word id="tr_2_tl_66_w6" custom="readingOrder {index:5;}">
                    <Coords points="2227,3857 2227,3917 2315,3917 2315,3857"/>
                    <TextEquiv>
                        <Unicode>army</Unicode>
                    </TextEquiv>
                </Word>
                <Word id="tr_2_tl_66_w7" custom="readingOrder {index:6;}">
                    <Coords points="2350,3855 2350,3915 2473,3915 2473,3855"/>
                    <TextEquiv>
                        <Unicode>officer.</Unicode>
                    </TextEquiv>
                </Word>
                <TextEquiv>
                    <Unicode>the wife of an Italian army officer.</Unicode>
                </TextEquiv>
            </TextLine>
            <TextLine id="tr_2_tl_67" custom="readingOrder {index:66;}">
                <Coords points="1722,3953 2477,3956 2478,3906 2447,3900 1992,3925 1723,3904"/>
                <Baseline points="1728,3936 1765,3939 1803,3939 1840,3939 1878,3939 1916,3939 1953,3938 1991,3936 2028,3936 2066,3936 2104,3936 2141,3936 2179,3936 2216,3936 2254,3933 2292,3935 2329,3936 2367,3935 2404,3933 2442,3933 2480,3933"/>
                <Word id="tr_2_tl_67_w1" custom="readingOrder {index:0;}">
                    <Coords points="1721,3899 1721,3959 1861,3959 1861,3899"/>
                    <TextEquiv>
                        <Unicode>Despite</Unicode>
                    </TextEquiv>
                </Word>
                <Word id="tr_2_tl_67_w2" custom="readingOrder {index:1;}">
                    <Coords points="1907,3898 1907,3958 1961,3958 1961,3898"/>
                    <TextEquiv>
                        <Unicode>the</Unicode>
                    </TextEquiv>
                </Word>
                <Word id="tr_2_tl_67_w3" custom="readingOrder {index:2;}">
                    <Coords points="2011,3896 2011,3956 2124,3956 2124,3896"/>
                    <TextEquiv>
                        <Unicode>severe</Unicode>
                    </TextEquiv>
                </Word>
                <Word id="tr_2_tl_67_w4" custom="readingOrder {index:3;}">
                    <Coords points="2170,3895 2170,3955 2265,3955 2265,3895"/>
                    <TextEquiv>
                        <Unicode>blow,</Unicode>
                    </TextEquiv>
                </Word>
                <Word id="tr_2_tl_67_w5" custom="readingOrder {index:4;}">
                    <Coords points="2306,3893 2306,3953 2473,3953 2473,3893"/>
                    <TextEquiv>
                        <Unicode>however,</Unicode>
                    </TextEquiv>
                </Word>
                <TextEquiv>
                    <Unicode>Despite the severe blow, however,</Unicode>
                </TextEquiv>
            </TextLine>
            <TextLine id="tr_2_tl_68" custom="readingOrder {index:67;}">
                <Coords points="1714,3993 2465,3991 2479,3955 1715,3959"/>
                <Baseline points="1719,3981 1757,3981 1795,3979 1833,3978 1871,3977 1909,3975 1947,3975 1985,3975 2023,3975 2061,3975 2099,3975 2137,3975 2175,3975 2213,3975 2251,3975 2289,3975 2327,3975 2365,3974 2403,3972 2441,3972 2480,3969"/>
                <Word id="tr_2_tl_68_w1" custom="readingOrder {index:0;}">
                    <Coords points="1718,3938 1718,3998 1908,3998 1908,3938"/>
                    <TextEquiv>
                        <Unicode>Sahnitzler</Unicode>
                    </TextEquiv>
                </Word>
                <Word id="tr_2_tl_68_w2" custom="readingOrder {index:1;}">
                    <Coords points="1960,3935 1960,3995 2128,3995 2128,3935"/>
                    <TextEquiv>
                        <Unicode>remained</Unicode>
                    </TextEquiv>
                </Word>
                <Word id="tr_2_tl_68_w3" custom="readingOrder {index:2;}">
                    <Coords points="2184,3935 2184,3995 2343,3995 2343,3935"/>
                    <TextEquiv>
                        <Unicode>mentally</Unicode>
                    </TextEquiv>
                </Word>
                <Word id="tr_2_tl_68_w4" custom="readingOrder {index:3;}">
                    <Coords points="2395,3932 2395,3992 2469,3992 2469,3932"/>
                    <TextEquiv>
                        <Unicode>very</Unicode>
                    </TextEquiv>
                </Word>
                <TextEquiv>
                    <Unicode>Sahnitzler remained mentally very</Unicode>
                </TextEquiv>
            </TextLine>
            <TextLine id="tr_2_tl_69" custom="readingOrder {index:68;}">
                <Coords points="1711,4022 2485,4025 2485,3996 2413,3978 1711,3994"/>
                <Baseline points="1716,4020 1754,4022 1793,4021 1831,4019 1870,4017 1908,4017 1947,4017 1985,4015 2024,4014 2062,4014 2101,4014 2139,4014 2178,4014 2216,4014 2255,4014 2293,4014 2332,4014 2370,4013 2409,4012 2447,4014 2486,4014"/>
                <Word id="tr_2_tl_69_w1" custom="readingOrder {index:0;}">
                    <Coords points="1710,3981 1710,4041 1827,4041 1827,3981"/>
                    <TextEquiv>
                        <Unicode>acte</Unicode>
                    </TextEquiv>
                </Word>
                <Word id="tr_2_tl_69_w2" custom="readingOrder {index:1;}">
                    <Coords points="1864,3977 1864,4037 1949,4037 1949,3977"/>
                    <TextEquiv>
                        <Unicode>until</Unicode>
                    </TextEquiv>
                </Word>
                <Word id="tr_2_tl_69_w3" custom="readingOrder {index:2;}">
                    <Coords points="1982,3974 1982,4034 1995,4034 1995,3974"/>
                    <TextEquiv>
                        <Unicode>a</Unicode>
                    </TextEquiv>
                </Word>
                <Word id="tr_2_tl_69_w4" custom="readingOrder {index:3;}">
                    <Coords points="2031,3974 2031,4034 2081,4034 2081,3974"/>
                    <TextEquiv>
                        <Unicode>few</Unicode>
                    </TextEquiv>
                </Word>
                <Word id="tr_2_tl_69_w5" custom="readingOrder {index:4;}">
                    <Coords points="2127,3974 2127,4034 2235,4034 2235,3974"/>
                    <TextEquiv>
                        <Unicode>weeks</Unicode>
                    </TextEquiv>
                </Word>
                <Word id="tr_2_tl_69_w6" custom="readingOrder {index:5;}">
                    <Coords points="2267,3974 2267,4034 2348,4034 2348,3974"/>
                    <TextEquiv>
                        <Unicode>ago.</Unicode>
                    </TextEquiv>
                </Word>
                <Word id="tr_2_tl_69_w7" custom="readingOrder {index:6;}">
                    <Coords points="2390,3973 2390,4033 2471,4033 2471,3973"/>
                    <TextEquiv>
                        <Unicode>This</Unicode>
                    </TextEquiv>
                </Word>
                <TextEquiv>
                    <Unicode>acte until a few weeks ago. This</Unicode>
                </TextEquiv>
            </TextLine>
            <TextLine id="tr_2_tl_70" custom="readingOrder {index:69;}">
                <Coords points="1702,4064 2481,4064 2481,4022 2423,4019 1702,4036"/>
                <Baseline points="1707,4062 1745,4060 1784,4058 1823,4056 1862,4056 1901,4056 1939,4056 1978,4054 2017,4055 2056,4056 2095,4055 2133,4053 2172,4053 2211,4053 2250,4053 2289,4051 2327,4052 2366,4053 2405,4054 2444,4056 2483,4056"/>
                <Word id="tr_2_tl_70_w1" custom="readingOrder {index:0;}">
                    <Coords points="1701,4018 1701,4078 1835,4078 1835,4018"/>
                    <TextEquiv>
                        <Unicode>senson</Unicode>
                    </TextEquiv>
                </Word>
                <Word id="tr_2_tl_70_w2" custom="readingOrder {index:1;}">
                    <Coords points="1864,4016 1864,4076 1924,4076 1924,4016"/>
                    <TextEquiv>
                        <Unicode>two</Unicode>
                    </TextEquiv>
                </Word>
                <Word id="tr_2_tl_70_w3" custom="readingOrder {index:2;}">
                    <Coords points="1948,4014 1948,4074 2009,4074 2009,4014"/>
                    <TextEquiv>
                        <Unicode>new</Unicode>
                    </TextEquiv>
                </Word>
                <Word id="tr_2_tl_70_w4" custom="readingOrder {index:3;}">
                    <Coords points="2042,4015 2042,4075 2134,4075 2134,4015"/>
                    <TextEquiv>
                        <Unicode>plays</Unicode>
                    </TextEquiv>
                </Word>
                <Word id="tr_2_tl_70_w5" custom="readingOrder {index:4;}">
                    <Coords points="2158,4013 2158,4073 2190,4073 2190,4013"/>
                    <TextEquiv>
                        <Unicode>of</Unicode>
                    </TextEquiv>
                </Word>
                <Word id="tr_2_tl_70_w6" custom="readingOrder {index:5;}">
                    <Coords points="2210,4012 2210,4072 2317,4072 2317,4012"/>
                    <TextEquiv>
                        <Unicode>his—“</Unicode>
                    </TextEquiv>
                </Word>
                <Word id="tr_2_tl_70_w7" custom="readingOrder {index:6;}">
                    <Coords points="2341,4013 2341,4073 2415,4073 2415,4013"/>
                    <TextEquiv>
                        <Unicode>Play</Unicode>
                    </TextEquiv>
                </Word>
                <Word id="tr_2_tl_70_w8" custom="readingOrder {index:7;}">
                    <Coords points="2443,4016 2443,4076 2466,4076 2466,4016"/>
                    <TextEquiv>
                        <Unicode>in</Unicode>
                    </TextEquiv>
                </Word>
                <TextEquiv>
                    <Unicode>senson two new plays of his—“ Play in</Unicode>
                </TextEquiv>
            </TextLine>
            <TextLine id="tr_2_tl_71" custom="readingOrder {index:70;}">
                <Coords points="1696,4117 2471,4108 2486,4066 1696,4070"/>
                <Baseline points="1701,4097 1740,4096 1779,4094 1818,4094 1858,4094 1897,4094 1936,4094 1975,4094 2015,4093 2054,4091 2093,4092 2132,4093 2172,4088 2211,4088 2250,4090 2289,4091 2329,4091 2368,4091 2407,4091 2446,4091 2486,4094"/>
                <Word id="tr_2_tl_71_w1" custom="readingOrder {index:0;}">
                    <Coords points="1695,4056 1695,4116 1773,4116 1773,4056"/>
                    <TextEquiv>
                        <Unicode>tne</Unicode>
                    </TextEquiv>
                </Word>
                <Word id="tr_2_tl_71_w2" custom="readingOrder {index:1;}">
                    <Coords points="1803,4054 1803,4114 1957,4114 1957,4054"/>
                    <TextEquiv>
                        <Unicode>Summer</Unicode>
                    </TextEquiv>
                </Word>
                <Word id="tr_2_tl_71_w3" custom="readingOrder {index:2;}">
                    <Coords points="1987,4052 1987,4112 2045,4112 2045,4052"/>
                    <TextEquiv>
                        <Unicode>Air</Unicode>
                    </TextEquiv>
                </Word>
                <Word id="tr_2_tl_71_w4" custom="readingOrder {index:3;}">
                    <Coords points="2100,4052 2100,4112 2159,4112 2159,4052"/>
                    <TextEquiv>
                        <Unicode>and</Unicode>
                    </TextEquiv>
                </Word>
                <Word id="tr_2_tl_71_w5" custom="readingOrder {index:4;}">
                    <Coords points="2199,4049 2199,4109 2292,4109 2292,4049"/>
                    <TextEquiv>
                        <Unicode>“The</Unicode>
                    </TextEquiv>
                </Word>
                <Word id="tr_2_tl_71_w6" custom="readingOrder {index:5;}">
                    <Coords points="2322,4051 2322,4111 2406,4111 2406,4051"/>
                    <TextEquiv>
                        <Unicode>Path</Unicode>
                    </TextEquiv>
                </Word>
                <Word id="tr_2_tl_71_w7" custom="readingOrder {index:6;}">
                    <Coords points="2441,4051 2441,4111 2470,4111 2470,4051"/>
                    <TextEquiv>
                        <Unicode>to</Unicode>
                    </TextEquiv>
                </Word>
                <TextEquiv>
                    <Unicode>tne Summer Air and “The Path to</Unicode>
                </TextEquiv>
            </TextLine>
            <TextLine id="tr_2_tl_72" custom="readingOrder {index:71;}">
                <Coords points="1720,4149 1847,4166 1945,4135 2261,4135 2315,4164 2457,4166 2457,4100 1720,4117"/>
                <Baseline points="1725,4136 1761,4133 1798,4133 1835,4133 1871,4133 1908,4133 1945,4131 1981,4131 2018,4133 2055,4133 2092,4131 2128,4132 2165,4132 2202,4130 2238,4130 2275,4130 2312,4130 2348,4132 2385,4133 2422,4133 2459,4133"/>
                <Word id="tr_2_tl_72_w1" custom="readingOrder {index:0;}">
                    <Coords points="1721,4094 1721,4154 1774,4154 1774,4094"/>
                    <TextEquiv>
                        <Unicode>the</Unicode>
                    </TextEquiv>
                </Word>
                <Word id="tr_2_tl_72_w2" custom="readingOrder {index:1;}">
                    <Coords points="1798,4092 1798,4152 2051,4152 2051,4092"/>
                    <TextEquiv>
                        <Unicode>Pond"—were</Unicode>
                    </TextEquiv>
                </Word>
                <Word id="tr_2_tl_72_w3" custom="readingOrder {index:2;}">
                    <Coords points="2070,4092 2070,4152 2229,4152 2229,4092"/>
                    <TextEquiv>
                        <Unicode>produced</Unicode>
                    </TextEquiv>
                </Word>
                <Word id="tr_2_tl_72_w4" custom="readingOrder {index:3;}">
                    <Coords points="2259,4090 2259,4150 2282,4150 2282,4090"/>
                    <TextEquiv>
                        <Unicode>in</Unicode>
                    </TextEquiv>
                </Word>
                <Word id="tr_2_tl_72_w5" custom="readingOrder {index:4;}">
                    <Coords points="2312,4092 2312,4152 2453,4152 2453,4092"/>
                    <TextEquiv>
                        <Unicode>Vienna.</Unicode>
                    </TextEquiv>
                </Word>
                <TextEquiv>
                    <Unicode>the Pond"—were produced in Vienna.</Unicode>
                </TextEquiv>
            </TextLine>
            <TextEquiv>
                <Unicode></Unicode>
            </TextEquiv>
        </TextRegion>
    </Page>
</PcGts>
