3392 4320
327 263 901 323 Schuitzlers
969 257 1197 317 beath

136 258 207 318 12

672 457 759 517 n.

515 479 800 539 Paercbslteneren.
816 515 1115 575 Lorgenhlalt,.

602 581 827 641 OKT.
842 605 947 665 1937

219 670 228 730 3
258 670 311 730 Die
345 678 510 738 Eröffnung
549 686 602 746 des
637 697 820 757 Testaments
855 704 908 764 des
942 714 1141 774 verstorbenen
1185 723 1311 783 Dichters

154 709 226 769 Atur
247 717 396 777 Schnitzler
423 724 484 784 jand
511 729 541 789 am
578 732 623 792 22.
640 736 685 796 do.
702 742 778 802 statt.
800 744 840 804 Im
877 752 995 812 Nachlaß
1027 756 1057 816 ist
1079 759 1114 819 ein
1141 767 1310 827 Schauspiel

147 754 256 814 betttett
285 761 366 821 „Füg
396 765 448 825 der
477 774 629 834 Schatten“
664 783 802 843 gefunden
836 791 969 851 worden.
1004 799 1056 859 Ein
1090 806 1204 866 Roman
1238 810 1290 870 lieg

143 799 302 859 vermutlich
339 806 394 866 nur
431 809 453 869 in
495 818 691 878 Fragmenten
733 827 797 887 vor.
838 839 1090 899 Testamentarisch
1127 850 1181 910 hat
1219 855 1282 915 Artu

138 841 288 901 Schnißzler
316 849 365 909 zum
412 856 575 916 Verwalter
603 866 694 926 seines
722 874 885 934 Nachlasses
918 882 963 942 den
1000 890 1213 950 Dramaturgen
1250 897 1277 957 di

148 885 276 945 Verliner
303 898 595 958 Reinhardtbühnen,
614 912 673 972 Dr.
691 918 785 978 Franz
803 922 880 982 Hor
898 926 923 986 ch
941 930 1096 990 bestimmt.

419 1292 780 1352 BSERV

233 1293 306 1353 O

899 1299 957 1359 R

319 1354 346 1414 I.
360 1354 485 1414 österr.
495 1354 648 1414 behördl.
662 1354 963 1414 konzessioniertes

274 1397 510 1457 Unternehmen
542 1396 590 1456 für
613 1398 1006 1458 Zeitungs-Ausschnitte

331 1453 475 1513 WIEN,
504 1458 552 1518 I.,
580 1458 864 1518 WOLLZEILE
913 1458 953 1518 11

423 1506 642 1566 TELEPHON
680 1509 856 1569 R-23-0-43

650 1652 826 1712 Jed

220 1650 454 1710 Ausschnitt
477 1649 568 1709 aus:

582 1760 1072 1820 ABENDAUSGABE

890 1853 977 1913 1937

225 1876 341 1936 vom:

353 2009 471 2069 Arthur
501 2014 668 2074 Schnitzlers
698 2021 788 2081 letzter
817 2025 917 2085 Wille.
951 2027 1013 2087 Der
1043 2034 1123 2094 Sohn
1152 2040 1267 2100 Arthur
1296 2048 1463 2108 Schnißlero

263 2049 337 2109 hat
364 2049 411 2109 inr
438 2057 713 2117 Nachlaß=kolnos.
721 2061 788 2121 Bat

863 2071 1001 2131 folgende
1034 2080 1209 2140 Verfügung
1246 2090 1469 2150 vorgefunden:

279 2094 578 2154 „Bestimmungen,
604 2100 654 2160 die
684 2105 724 2165 ich
759 2106 794 2166 gu

839 2112 904 2172 nach
937 2115 1053 2175 meinem
1100 2127 1235 2187 Ableben
1273 2130 1300 2190 zu
1338 2133 1459 2193 erfüllen

275 2133 367 2193 bitte;
391 2139 549 2199 Herzstich.
596 2145 689 2205 Keine
722 2149 796 2209 Kra.
824 2152 852 2212 e.
895 2159 992 2219 Keine
1025 2164 1118 2224 Parte
1155 2173 1462 2233 (schwarzumrahmte

281 2180 561 2240 Sterbenachricht),
577 2187 641 2247 auch
672 2190 691 2250 in
722 2193 767 2253 der
792 2197 917 2257 Jeltung
943 2203 1028 2263 nicht.
1048 2209 1218 2269 Begräbnis
1244 2214 1334 2274 letzter
1354 2222 1464 2282 Klosse.

276 2220 339 2280 Das
369 2224 447 2284 durch
482 2228 648 2288 Befolgung
678 2234 766 2294 dieser
796 2240 967 2300 Verfügung
1002 2249 1149 2309 erübrigte
1179 2254 1247 2314 Geld
1282 2258 1316 2318 ist
1341 2263 1463 2323 Spitgl¬

271 2264 384 2324 zwecken
421 2270 638 2330 zuzuwenden.
680 2277 770 2337 Keine
803 2284 921 2344 Reden.
963 2291 1171 2351 Vermeidung
1208 2298 1280 2358 allen
1317 2303 1449 2363 rituenen

274 2306 435 2366 Bewerks.
501 2314 591 2374 Keine
622 2320 738 2380 Trauer
769 2327 865 2387 tragen
906 2330 966 2390 nach
1002 2335 1112 2395 meinem
1164 2341 1244 2401 Tode
1280 2349 1456 2409 —olut

273 2347 354 2407 keine

884 2476 1011 2536 Ra

203 2485 741 2545 OBSERV

288 2542 305 2602 1.
319 2542 445 2602 österr.
455 2539 613 2599 behördl.
623 2536 926 2596 konzessionlertes

241 2581 477 2641 Unternehmen
505 2581 554 2641 für
578 2581 968 2641 Zeitungs-Ausschnitte

292 2640 442 2700 WIEN.
470 2640 518 2700 I.,
546 2640 834 2700 WOLLZEILE
882 2639 922 2699 11

402 2692 612 2752 TELEPHON
650 2692 828 2752 R-23-0-43

408 2811 511 2871 OR
598 2824 616 2884 A

328 2974 391 3034 2°
446 2997 681 3057 OCTER.

252 3262 644 3322 Pauper’s
695 3261 1051 3321 Funeral
1090 3259 1434 3319 Ordered

385 3372 484 3432 Dy
535 3372 685 3432 Dr.
717 3370 1179 3430 Schnitzler
1230 3370 1289 3430 in
1360 3371 1550 3431 Will

285 3467 455 3527 VIENNA,
490 3467 570 3527 Oct.
601 3463 640 3523 22
681 3464 912 3524 (AP).—Dr.,
917 3468 987 3528 ing,
1008 3467 1102 3527 asked
1133 3467 1208 3527 that
1233 3467 1288 3527 the
1314 3467 1424 3527 money
1454 3467 1544 3527 saved

916 3506 946 3566 by
977 3506 985 3566 a
1020 3506 1171 3566 pauper's
1197 3506 1335 3566 funeral
1357 3508 1391 3568 be
1418 3506 1551 3566 distrib¬

247 3517 365 3577 Arthur
398 3515 603 3575 Schnitzler,
626 3513 773 3573 Austrian
810 3514 882 3574 man

916 3542 985 3602 uted
1014 3542 1129 3602 among
1158 3542 1337 3602 hospitals.

247 3568 273 3628 of
315 3563 446 3623 letters,
483 3562 551 3622 who
592 3562 660 3622 dled
701 3559 873 3619 yesterday

962 3578 1020 3638 The
1045 3580 1162 3640 codieil
1179 3581 1245 3641 also
1272 3578 1392 3638 forbids
1414 3578 1472 3638 any
1497 3578 1551 3638 fu-

249 3613 308 3673 wili
329 3612 364 3672 be
384 3611 474 3671 given
505 3611 515 3671 a
540 3608 691 3668 pauper's
711 3606 842 3666 fundral
862 3610 887 3670 It
913 3616 1013 3676 nerol
1039 3617 1184 3677 orations
1215 3617 1269 3677 and
1305 3619 1450 3679 specifies
1481 3617 1551 3677 that

926 3656 1110 3716 absolutely
1148 3655 1189 3715 no
1227 3653 1307 3713 one"
1345 3653 1369 3713 ls
1403 3654 1433 3714 to
1471 3653 1554 3713 wear

241 3660 292 3720 his
314 3659 378 3719 own
405 3656 625 3716 instructions
643 3656 694 3716 are
721 3653 854 3713 obeyed.

915 3691 1105 3751 mourning.
1145 3691 1180 3751 It
1207 3691 1229 3751 is
1260 3691 1353 3751 dated
1389 3693 1476 3753 April
1504 3691 1556 3751 29.

282 3697 300 3757 A
336 3696 459 3756 codicil
487 3694 522 3754 of
549 3693 606 3753 the
638 3691 784 3751 author's
816 3691 882 3751 will

923 3730 1006 3790 1912,
1032 3730 1094 3790 and
1133 3729 1199 3789 also
1238 3728 1392 3788 instructa
1426 3729 1501 3789 that
1531 3729 1547 3789 a

241 3733 341 3793 which
372 3733 437 3793 was
463 3733 534 3793 resd
565 3730 711 3790 tonight,
732 3730 787 3790 not
808 3729 883 3789 only

916 3766 1020 3826 needle
1071 3765 1103 3825 be
1155 3768 1267 3828 thast
1309 3769 1447 3829 through
1502 3768 1552 3828 his

238 3774 346 3834 orders
368 3772 377 3832 a
403 3772 538 3832 funeral
556 3769 608 3829 “of
626 3769 682 3829 the
705 3766 774 3826 very
796 3765 874 3825 last.

242 3811 276 3871 or
302 3809 426 3869 pauper
457 3807 559 3867 class,
581 3805 637 3865 but
663 3805 727 3865 also
762 3802 885 3862 forbids
917 3802 1015 3862 heart
1037 3805 1066 3865 to
1092 3806 1216 3866 remove
1243 3808 1303 3868 any
1333 3805 1431 3865 doubt
1453 3808 1483 3868 of
1505 3808 1556 3868 his

247 3846 402 3906 wreaths,
420 3847 570 3907 obituary
597 3841 886 3901 announcements
917 3839 1036 3899 denth.

957 3879 1022 3939 The
1047 3879 1237 3939 remalnder
1263 3879 1295 3939 of
1313 3879 1369 3939 the
1395 3879 1469 3939 will,
1486 3879 1551 3939 dis-

245 3885 300 3945 and
333 3884 379 3944 all
399 3882 595 3942 accersories
624 3880 651 3940 to
675 3879 731 3939 the
755 3879 890 3939 funeral

916 3916 997 3976 posin
1045 3918 1075 3978 of
1097 3918 1143 3978 his
1161 3917 1333 3977 property,
1346 3918 1410 3978 will
1423 3918 1453 3978 be
1475 3918 1543 3978 read

240 3921 345 3981 ritual
374 3920 441 3980 such
470 3921 503 3981 as
523 3921 537 3981 a
561 3919 657 3979 guard
681 3918 714 3978 of
734 3918 854 3978 honor.

285 3960 344 4020 1r.
365 3960 566 4020 Schnitzler,
587 3957 596 4017 a
627 3955 793 4015 physician
829 3953 889 4013 be-
915 3954 1111 4014 tomorrow.
1121 3954 1186 4014 The
1207 3954 1282 4014 date
1303 3956 1337 4016 of
1353 3957 1408 4017 the
1429 3957 1559 4017 funeral

250 3999 312 4059 fore
338 3999 374 4059 he
394 3999 506 4059 turned
533 3996 720 4056 exclusively
745 3993 776 4053 to
796 3993 883 4053 writ-
915 3996 977 4056 has
997 3993 1052 4053 not
1072 3993 1128 4053 yet
1148 3995 1216 4055 been
1248 3996 1397 4056 decided.

1425 246 1549 306 box
1629 246 1863 306 43/26

1490 619 2205 679 OBSERVER

1584 703 1609 763 I.
1623 695 1742 755 österr.
1756 686 1905 746 behördl.
1915 673 2214 733 konzessioniertes

1538 737 1771 797 Unternehmen
1802 728 1850 788 für
1877 715 2261 775 Zeitungs-Ausschnitte

1604 793 1747 853 WIEN,
1774 792 1819 852 I.,
1846 781 2134 841 WOLLZEILE
2181 769 2219 829 11

1692 841 1914 901 TELEPHON
1952 825 2136 885 R-23-0-43

1642 998 1816 1058 WYOR
1910 990 2070 1050 TIMES

1730 1185 1793 1245 23

1888 1201 2152 1261 OCTER.

1573 1360 1880 1420 SCHNITZLER
1924 1363 2039 1423 WILL
2082 1365 2206 1425 ASKS

1617 1431 1703 1491 FOR
1749 1434 1943 1494 NEEDLE
1979 1436 2013 1496 IN
2050 1440 2225 1500 HEART

1601 1542 1727 1602 rian
1771 1545 1903 1605 Author
1939 1547 2086 1607 Wiskeil
2115 1548 2149 1608 to
2186 1549 2234 1609 Be

1645 1607 1730 1667 Sure
1759 1609 1795 1669 of
1826 1610 2118 1670 Death-APaipet
2138 1623 2156 1683 e

1714 1673 1873 1733 Faneral
1892 1676 2087 1736 Specise.

1598 1770 1770 1830 VIENNA,
1786 1772 1859 1832 Oct.
1879 1775 1908 1835 22
1933 1775 2095 1835 (A».-Dr.
2111 1775 2233 1835 Arthur

1563 1811 1754 1871 Schnitzler,
1781 1813 1923 1873 Austrian
1959 1816 2030 1876 man
2061 1816 2097 1876 of
2124 1816 2234 1876 letters

1553 1850 1624 1910 who
1664 1852 1735 1912 died
1776 1855 1962 1915 yesterday,
1999 1855 2065 1915 wil!
2096 1855 2176 1915 have
2217 1856 2230 1916 a

1564 1894 1710 1954 pauper's
1733 1894 1866 1954 funeral
1884 1897 1911 1957 1f
1933 1897 1977 1957 his
2004 1897 2071 1957 own
2102 1900 2240 1960 instrue¬

1563 1932 1639 1992 tions
1663 1934 1719 1994 are
1743 1933 1878 1993 obeyed.

1582 1975 1600 2035 A
1650 1975 1769 2035 codicil
1806 1975 1837 2035 of
1874 1977 1929 2037 the
1970 1975 2116 2035 author's
2157 1979 2239 2039 will,

1557 2013 1652 2073 which
1683 2014 1747 2074 was
1765 2017 1833 2077 read
1860 2019 2002 2079 tonight,
2020 2019 2076 2079 not
2094 2017 2162 2077 only
2189 2018 2236 2078 or¬

1559 2053 1625 2113 ders
1651 2055 1659 2115 a
1689 2055 1818 2115 funeral
1840 2056 1894 2116 “of
1915 2056 1965 2116 the
1991 2058 2062 2118 very
2092 2058 2167 2118 last"
2197 2058 2230 2118 or

1559 2096 1672 2156 pauper
1705 2096 1806 2156 class,
1835 2095 1891 2155 but
1920 2097 2042 2157 forbida
2079 2097 2233 2157 wreathe,

1556 2127 1699 2187 obituary
1729 2130 2001 2190 announcomenta
2028 2130 2083 2190 and
2116 2132 2160 2192 all
2183 2130 2234 2190 ac¬

1549 2161 1700 2221 cessories
1725 2160 1754 2220 to
1783 2161 1832 2221 the
1857 2163 1992 2223 funeral
2013 2166 2128 2226 ritual,
2149 2166 2222 2226 such

1556 2193 1591 2253 as
1651 2193 1750 2253 guard
1778 2193 1809 2253 ot
1833 2193 1948 2253 honor.

1579 2221 1646 2281 Dr.
1663 2224 1859 2284 Schnitzler,
1880 2225 1892 2285 a
1922 2225 2085 2285 physician
2119 2225 2227 2285 before

1555 2254 1587 2314 he
1624 2256 1738 2316 turned
1784 2255 1971 2315 excluysly
2013 2254 2045 2314 to
2087 2258 2233 2318 writing.

1548 2288 1637 2348 aked
1676 2288 1748 2348 that
1776 2288 1825 2348 the
1861 2287 1972 2347 money
2007 2288 2099 2348 savad
2138 2291 2172 2351 by

1563 2318 1705 2378 pauper's
1727 2323 1852 2383 funeral
1865 2324 1894 2384 be
1912 2324 2097 2384 distributed
2118 2325 2227 2385 among

1559 2354 1746 2414 hospitals.

1587 2384 1641 2444 The
1665 2386 1780 2446 codicil
1795 2386 1858 2446 also
1882 2385 2006 2445 forbids
2025 2389 2085 2449 any
2104 2387 2233 2447 funeral

1547 2416 1690 2476 orations
1726 2417 1785 2477 and
1825 2419 1972 2479 peeifies
2008 2417 2083 2477 that
2115 2417 2230 2477 "abno¬

1551 2446 1643 2506 lutely
1670 2448 1704 2508 no
1731 2447 1804 2507 one"
1835 2446 1861 2506 ia
1881 2446 1912 2506 to
1935 2449 2019 2509 wear
2042 2449 2230 2509 mourning.

1559 2479 1580 2539 It
1605 2479 1630 2539 is
1656 2479 1749 2539 dated
1779 2482 1871 2542 April
1893 2481 1943 2541 29,
1965 2481 2049 2541 1912,
2071 2482 2129 2542 and
2164 2482 2227 2542 also

1555 2512 1702 2572 instrunte
1738 2510 1809 2570 that
1842 2512 1857 2572 a
1897 2514 2008 2574 needle
2044 2515 2080 2575 he
2116 2515 2227 2575 thrust

1554 2545 1684 2605 through
1724 2545 1771 2605 his
1807 2545 1902 2605 heart
1934 2546 1961 2606 to
2001 2547 2127 2607 remove
2163 2547 2222 2607 any

1549 2578 1649 2638 doubt
1674 2581 1706 2641 of
1731 2578 1775 2638 his
1804 2578 1913 2638 death.
1954 2578 2018 2638 The
2043 2581 2225 2641 remainder

1553 2608 1587 2668 of
1606 2610 1654 2670 the
1676 2609 1751 2669 will,
1764 2611 1923 2671 disposing
1945 2611 1980 2671 ot
1998 2613 2042 2673 his
2064 2616 2227 2676 proporty,

1551 2640 1619 2700 will
1639 2640 1674 2700 be
1697 2640 1770 2700 read
1797 2641 1985 2701 tomorrow.

1582 2669 1646 2729 Tha
1666 2673 1735 2733 date
1761 2673 1790 2733 of
1811 2674 1860 2734 the
1881 2679 2014 2739 funeral
2029 2679 2084 2739 has
2104 2679 2158 2739 not
2174 2679 2228 2739 yet

1556 2709 1626 2769 been
1660 2709 1809 2769 declded.

1681 2829 1764 2889 .Y.
1777 2829 1944 2889 WORLD
1984 2832 2240 2892 TELEGRAM

1704 3008 1772 3068 25
1843 3017 2075 3077 OCIBR.

1625 3171 1862 3231 FUNERAL
1904 3169 1953 3229 OF
1995 3166 2191 3226 PAUPER

1666 3235 1788 3295 WISH
1830 3237 1887 3297 OF
1921 3235 2257 3295 SCHNITZLER

1627 3315 1768 3375 Austrian
1795 3313 1914 3373 Author
1941 3312 2007 3372 Also
2034 3312 2131 3372 Urged
2158 3312 2268 3372 Needie

1700 3360 1756 3420 Put
1778 3361 1804 3421 in
1835 3360 1931 3420 Heart
1954 3358 1984 3418 to
2010 3360 2102 3420 Make
2129 3359 2202 3419 Sure

1856 3405 1888 3465 of
1922 3405 2043 3465 Death.

1625 3461 1661 3521 Ny
1690 3457 1733 3517 the
1758 3456 1905 3516 Auociated
1934 3455 2022 3515 Press.

1664 3497 1822 3557 VIENNA.
1859 3495 1936 3555 Oct.
1973 3494 2114 3554 33.—Dr.
2151 3494 2268 3554 Arthur

1622 3533 1817 3593 Schnitzler,
1835 3531 1977 3591 Austrian
2012 3530 2076 3590 man
2112 3528 2141 3588 of
2168 3530 2275 3590 letters

1624 3571 1686 3631 who
1721 3570 1783 3630 died
1822 3566 2033 3626 Wednesday,
2059 3565 2122 3625 will
2148 3565 2227 3625 have
2257 3566 2270 3626 a

1625 3608 1764 3668 pauper's
1782 3606 1913 3666 funeral
1931 3608 1957 3668 if
1979 3605 2027 3665 his
2049 3605 2110 3665 own
2136 3605 2276 3665 instruc¬

1623 3647 1703 3707 tions
1729 3644 1781 3704 are
1810 3642 1919 3702 obeyed

1653 3682 1670 3742 A
1719 3679 1837 3739 codicil
1868 3678 1902 3738 of
1938 3678 1990 3738 the
2035 3676 2174 3736 author's
2219 3675 2280 3735 will

1625 3718 1679 3778 not
1708 3718 1775 3778 only
1809 3715 1913 3775 orders
1939 3715 1951 3775 a
1985 3715 2114 3775 funeral
2140 3712 2190 3772 "of
2219 3712 2269 3772 the

1625 3754 1690 3814 very
1715 3754 1792 3814 last"
1818 3754 1850 3814 or
1875 3753 1993 3813 pauper
2014 3753 2096 3813 class
2130 3750 2186 3810 but
2207 3748 2272 3808 for¬

1627 3791 1690 3851 bida
1730 3790 1879 3850 wreaths,
1907 3790 2048 3850 obituary
2088 3787 2273 3847 announce¬

1628 3829 1728 3889 ments
1761 3828 1818 3888 and
1859 3828 1903 3888 all
1932 3826 2118 3886 accessories
2151 3823 2179 3883 to
2220 3822 2268 3882 the

1626 3865 1752 3925 funerul
1776 3865 1890 3925 ritual,
1908 3865 1977 3925 such
2014 3862 2045 3922 as
2073 3862 2081 3922 a
2114 3862 2209 3922 guard
2242 3859 2273 3919 of

1627 3903 1743 3963 honor.
1770 3902 1833 3962 The
1860 3900 1928 3960 date
1950 3900 1981 3960 of
1998 3902 2050 3962 the
2072 3900 2198 3960 funeral
2215 3898 2267 3958 has

1628 3940 1682 4000 not
1708 3938 1779 3998 been
1814 3936 1957 3996 declded.

1668 3975 1727 4035 The
1752 3975 1878 4035 codicil.
1897 3974 1987 4034 dated
2018 3972 2108 4032 April
2127 3971 2175 4031 29,
2199 3972 2277 4032 1912.

1628 4011 1686 4071 alo
1732 4012 1878 4072 Instructs
1921 4009 1991 4069 that
2030 4008 2046 4068 a
2088 4008 2197 4068 needle
2239 4005 2272 4065 be

1631 4050 1734 4110 thrust
1754 4048 1882 4108 through
1913 4047 1961 4107 his
1986 4047 2075 4107 heart
2100 4047 2124 4107 to
2149 4045 2272 4105 remove

1629 4088 1687 4148 any
1711 4087 1806 4147 doubt
1830 4087 1862 4147 of
1885 4085 1930 4145 his
1954 4082 2063 4142 death.

2593 1408 2705 1468 3
2796 1399 2941 1459 178

2292 1533 2610 1593 SCHNITZLER
2645 1530 2770 1590 WILL
2804 1524 2929 1584 ASKS

2351 1605 2444 1665 FOR
2478 1604 2665 1664 NEEDLE
2700 1602 2733 1662 IN
2776 1602 2945 1662 HEART

2298 1719 2456 1779 Austrian
2497 1716 2628 1776 Author
2669 1712 2801 1772 Wished
2834 1711 2873 1771 to
2907 1709 2953 1769 Be

2372 1784 2453 1844 Surc
2486 1781 2517 1841 of
2543 1778 2884 1838 Death—Pauper's

2449 1846 2596 1906 Funeral
2623 1843 2818 1903 Specified.

2334 1946 2505 2006 VIENNA,
2527 1942 2582 2002 Oot
2613 1942 2648 2002 22
2674 1939 2831 1999 (A.—Dr.
2852 1939 2968 1999 Arthur

2302 1987 2485 2047 Schnitzler,
2512 1984 2659 2044 Austrian
2691 1983 2758 2043 man
2794 1979 2829 2039 of
2856 1980 2963 2040 letters

2303 2026 2367 2086 who
2406 2028 2470 2088 dled
2514 2025 2698 2085 yesterday,
2733 2021 2797 2081 will
2828 2019 2909 2079 hav-
2948 2019 2960 2079 4

2305 2070 2448 2130 pauper's
2471 2067 2600 2127 funeral
2619 2067 2645 2127 if
2668 2065 2717 2125 his
2739 2064 2806 2124 own
2833 2061 2971 2121 instruc¬

2301 2110 2382 2170 tions
2408 2109 2459 2169 aro
2481 2106 2618 2166 obeyed.

2325 2151 2343 2211 A
2394 2148 2508 2208 codicil
2541 2147 2577 2207 of
2614 2145 2664 2205 the
2706 2142 2853 2202 author's
2895 2141 2972 2201 will,

2305 2192 2401 2252 which
2431 2190 2489 2250 was
2510 2189 2577 2249 read
2603 2187 2745 2247 tonight,
2763 2183 2817 2243 not
2834 2181 2905 2241 only
2930 2179 2976 2239 or¬

2303 2234 2376 2294 ders
2402 2233 2410 2293 a
2436 2230 2565 2290 funeral
2582 2228 2638 2288 "of
2660 2223 2711 2283 the
2738 2222 2806 2282 very
2832 2222 2909 2282 last"
2939 2220 2969 2280 or

2305 2273 2423 2333 pauper
2452 2270 2554 2330 class,
2579 2265 2635 2325 but
2665 2264 2787 2324 forbids
2824 2261 2979 2321 wreaths,

2304 2306 2447 2366 obituary
2477 2298 2745 2358 announcomente
2776 2294 2830 2354 and
2860 2294 2904 2354 all
2930 2291 2981 2351 ao¬

2308 2339 2458 2399 cessories
2486 2333 2513 2393 to
2542 2333 2588 2393 tbe
2617 2332 2747 2392 funeral
2767 2330 2881 2390 ritual,
2901 2327 2972 2387 such

2307 2372 2342 2432 as
2367 2369 2378 2429 a
2406 2367 2501 2427 guard
2529 2364 2561 2424 of
2581 2363 2700 2423 honor.

2327 2400 2388 2460 Dr.
2411 2399 2604 2459 Schnitzler,
2627 2393 2640 2453 a
2671 2390 2834 2450 physician
2870 2390 2975 2450 before

2308 2434 2347 2494 he
2387 2431 2494 2491 turned
2541 2427 2727 2487 exclusively
2767 2423 2798 2483 to
2842 2424 2984 2484 writing,

2309 2464 2400 2524 asked
2433 2461 2504 2521 that
2532 2460 2583 2520 the
2619 2457 2726 2517 money
2762 2453 2853 2513 saved
2893 2452 2925 2512 by

2317 2497 2459 2557 pauper's
2473 2496 2602 2556 funeral
2616 2494 2642 2554 be
2660 2491 2842 2551 distributed
2865 2488 2896 2548 an
2919 2488 2972 2548 ong

2313 2529 2491 2589 hospitaln.

2346 2560 2404 2620 The
2426 2560 2540 2620 codicil
2557 2556 2616 2616 also
2642 2554 2760 2614 forbide
2782 2553 2840 2613 any
2857 2549 2988 2609 funeral

2313 2593 2453 2653 orations
2487 2593 2544 2653 and
2582 2588 2730 2648 apecifies
2764 2583 2836 2643 that
2870 2580 2984 2640 "abso¬

2313 2625 2411 2685 lutely
2435 2623 2466 2683 no
2494 2621 2565 2681 one"
2597 2620 2620 2680 la
2644 2619 2671 2679 to
2699 2617 2777 2677 wear
2801 2614 2986 2674 mourning.

2317 2658 2343 2718 It
2365 2658 2391 2718 la
2418 2657 2505 2717 datod
2541 2655 2633 2715 April
2651 2651 2703 2711 29,
2725 2649 2809 2709 1912,
2831 2649 2892 2709 and
2923 2645 2984 2705 also

2316 2690 2459 2750 instructs
2499 2686 2569 2746 that
2602 2685 2613 2745 a
2657 2683 2763 2743 needle
2804 2679 2835 2739 be
2871 2678 2981 2738 thrust

2315 2724 2445 2784 through
2484 2720 2530 2780 his
2569 2716 2661 2776 heart
2692 2715 2722 2775 to
2761 2711 2883 2771 remove
2922 2708 2979 2768 any

2319 2756 2416 2816 doubt
2441 2754 2473 2814 of
2493 2751 2542 2811 his
2567 2751 2676 2811 death.
2717 2746 2778 2806 The
2807 2745 2985 2805 remainder

2323 2787 2351 2847 of
2375 2787 2422 2847 the
2446 2787 2516 2847 will.
2535 2784 2690 2844 disposing
2715 2781 2742 2841 of
2762 2781 2808 2841 his
2828 2778 2992 2838 propurty,

2325 2819 2385 2879 will
2409 2820 2439 2880 be
2463 2817 2535 2877 read
2562 2813 2750 2873 tomorrow.

2354 2847 2411 2907 The
2431 2849 2503 2909 date
2523 2849 2551 2909 of
2571 2849 2623 2909 the
2643 2847 2773 2907 funsral
2788 2843 2840 2903 has
2861 2843 2918 2903 not
2933 2840 2985 2900 yet

2312 2888 2399 2948 been
2430 2884 2571 2944 decided.
