3344 4320
1475 273 1598 333 box
1675 278 1861 338 42/6

191 270 306 330 12.
356 280 948 340 Schnitzler's
1019 273 1250 333 Death

2669 357 2735 417 Nr.
2752 360 2813 420 291
2847 363 2858 423 —
2919 365 3019 425 Seite
3048 364 3064 424 7

1306 421 1396 481 war,
1409 425 1533 485 nachem
1569 428 1601 488 er
1626 432 1852 492 (186-1889)
1876 440 1932 500 auf
1956 440 2092 500 mehreren
2139 443 2194 503 Kli.

1303 471 1380 531 niken
1413 476 1581 536 prakriziert
1605 481 1659 541 und
1687 482 1751 542 auch
1779 485 1838 545 eine
1865 488 1943 548 Reise
1971 490 2016 550 zum
2057 491 2190 551 Studium

2424 513 2509 573 Ist

2551 518 2931 578 Schlankheit

1292 518 1342 578 der
1375 524 1573 584 hygienischen
1611 531 1841 591 Einrichtungen
1883 534 1948 594 nach
1985 536 2100 596 London
2142 539 2197 599 und

1310 569 1403 629 Paris
1427 574 1647 634 unternommen
1676 579 1774 639 hatte,
1793 580 1835 640 bis
1864 580 1929 640 1893
1958 582 2089 642 Assistent
2113 585 2201 645 seines

2693 586 2799 646 nur
2847 592 3061 652 Mode?

2676 619 2821 679 Schlanksein
2843 622 2951 682 bedeutet
2967 625 3072 685 meisten¬

1303 615 1415 675 Vaters
1444 619 1471 679 an
1505 621 1551 681 der
1574 625 1691 685 Wiener
1715 630 1907 690 allgemeinen
1935 633 2108 693 Poliklinik.
2136 631 2196 691 Den

2673 647 2832 707 Gesundsein.
2842 652 2988 712 Schlankheit
2998 652 3024 712 ist
3034 655 3056 715 de

1302 669 1578 729 militärärztlichen
1615 673 1735 733 Dienst,
1762 676 1786 736 in
1827 678 1877 738 den
1918 679 2069 739 Schnitzler
2105 684 2200 744 später

2677 676 2801 736 natürliche
2819 679 2929 739 Zustand,
2943 682 3014 742 zuviel
3028 684 3074 744 Fett

2676 703 2734 763 stört
2750 705 2812 765 nicht
2834 706 2877 766 nur
2892 708 2929 768 die
2948 712 3071 772 Harmonie

1296 714 1379 774 trat,
1399 718 1497 778 mußte
1523 718 1552 778 er
1577 720 1640 780 nach
1670 721 1719 781 der
1749 727 1940 787 Publikation
1976 729 2064 789 seines
2094 733 2196 793 „Leut¬

2681 730 2738 790 Ihrer
2751 733 2914 793 Erscheinung,
2924 739 3017 799 sondern
3037 739 3072 799 be¬

2677 757 2767 817 hindert
2784 760 2817 820 oft
2831 763 2884 823 auch
2904 766 2938 826 die
2951 768 3018 828 glatte
3035 768 3075 828 Ar¬

1301 761 1382 821 nant
1411 766 1516 826 Gustl“
1550 769 1688 829 aufgeben
1727 774 1784 834 und
1818 775 1885 835 bald
1924 778 2057 838 widmete
2086 781 2115 841 er
2153 783 2196 843 sich

2676 786 2727 846 beit
2749 790 2944 850 lebenswichtiger
2970 798 3063 858 Organe

1297 812 1519 872 ausschließlich
1551 816 1597 876 der
1628 819 1793 879 Literatur.

2678 814 2732 874 Eine
2747 816 2804 876 Tasse
2822 819 2891 879 feinen
2909 822 3071 882 Frühstückstee

2678 844 2739 904 jeden
2765 846 2871 906 Morgen,
2891 849 2932 909 aus
2952 849 2971 909 10
2997 852 3074 912 natur¬

2674 871 2744 931 lichen
2769 876 2873 936 Kräutern
2897 879 2968 939 (nicht
2982 880 3066 940 Chemi

1350 867 1408 927 Die
1436 873 1627 933 Atmosphäre
1660 876 1707 936 der
1735 880 1921 940 Geistigkeit,
1943 882 1985 942 die
2018 882 2039 942 in
2072 884 2199 944 Schnitz¬

2678 899 2761 959 kalien)
2785 902 2861 962 macht
2878 901 2910 961 Sie
2936 907 3007 967 sicher
3026 908 3068 968 und

1297 916 1356 976 lers
1392 920 1558 980 Vaterhaus
1589 924 1745 984 herrschte,
1766 926 1811 986 die
1837 929 1907 989 enge
1932 932 2109 992 Berührung
2144 934 2199 994 mit

2674 928 2913 988 mühelosschlanker.
2921 933 2958 993 Die
2969 936 3066 996 Packung

2667 951 2682 1011 S
2698 953 2748 1013 3.90
2771 954 2790 1014 In
2806 958 2856 1018 allen
2876 962 3003 1022 Apotheken
3019 963 3061 1023 ode

1297 964 1348 1024 der
1380 969 1461 1029 guten
1503 970 1688 1030 Gesellschaft
1720 974 1766 1034 der
1802 978 1967 1038 Achtziger-
1998 980 2055 1040 und
2091 981 2173 1041 Neun

2678 984 2742 1044 durch
2771 984 2807 1044 die
2832 994 3072 1054 Rathaus-Apotheke,

2677 1013 2738 1073 Wien
2760 1015 2788 1075 I.,
2801 1020 2963 1080 Stadiongasse
2984 1022 3004 1082 10

1291 1013 1476 1073 zigerjahre,
1514 1018 1598 1078 einer
1651 1024 1868 1084 eigenartigen,
1911 1028 2054 1088 spezifisch
2102 1028 2191 1088 öster¬

1289 1062 1450 1122 reichischen
1494 1067 1642 1127 Mischung
1686 1070 1737 1130 von
1776 1073 1967 1133 heterogenen
2006 1078 2197 1138 Elementen,

1289 1109 1343 1169 von
1378 1114 1554 1174 Gelehrten,
1579 1118 1853 1178 Großkaufleuten,
1878 1124 2059 1184 Advokaten,
2085 1127 2192 1187 Künst¬

2251 1130 2765 1190 DANNRACIE
2779 1136 2803 1196 N
2844 1140 2997 1200 IERR

1286 1159 1374 1219 lern,
1399 1163 1541 1223 Bankiers
1581 1164 1610 1224 u.
1635 1166 1684 1226 a.,
1709 1167 1752 1227 der
1787 1170 1855 1230 enge
1890 1173 2018 1233 Kontakt
2048 1175 2101 1235 mit
2131 1176 2180 1236 den

2362 1193 2904 1253 Frühstücks-Kräutertee

1287 1207 1412 1267 Größen
1443 1209 1492 1269 der
1528 1213 1628 1273 „ersten
1664 1216 1804 1276 deutschen
1845 1219 1985 1279 Bühne",
2006 1221 2055 1281 des
2091 1224 2186 1284 Burg¬

292 1230 1011 1290 OBSERVER

1289 1255 1441 1315 theaters,
1461 1258 1504 1318 die
1528 1259 1552 1319 in
1586 1262 1676 1322 seines
1705 1264 1810 1324 Vaters
1840 1267 1920 1327 Haus
1950 1270 2021 1330 aus-
2046 1270 2098 1330 und
2132 1273 2194 1333 ein¬

384 1303 408 1363 I.
424 1300 546 1360 österr.
557 1291 709 1351 behördl.
720 1278 1020 1338 konzessioniertes

1288 1307 1418 1367 gingen,
1433 1309 1629 1369 beeinflußten
1659 1314 1833 1374 Schnitzlers
1855 1318 2073 1378 Entwicklung;
2096 1320 2182 1380 dieses
2220 1317 2263 1377 des
2293 1316 2437 1376 Weisen",
2452 1318 2525 1378 1897
2548 1318 2626 1378 „Der
2649 1323 2816 1383 Ehrentag"
2839 1327 2889 1387 und
2919 1330 2990 1390 „Die
3013 1331 3099 1391 Toten

340 1342 580 1402 Unteruehmen
610 1333 659 1393 für
684 1318 1071 1378 Zeitungs-Ausschnitte

1284 1355 1514 1415 Jugendmilieu
1544 1360 1638 1420 drückt
1663 1363 1756 1423 seinem
1796 1366 1923 1426 späteren
1953 1369 2085 1429 Schaffen
2115 1371 2174 1431 nich

2213 1363 2400 1423 schweigen",
2446 1365 2513 1425 1900
2559 1369 2717 1429 „Andreas
2758 1375 2978 1435 Thalmayer",
3024 1381 3103 1441 „Der

394 1401 546 1461 WIEN,
577 1398 627 1458 I.,
650 1384 935 1444 WOLLZEILE
980 1374 1023 1434 11

1288 1403 1413 1463 weniger
1453 1404 1503 1464 den
1554 1410 1694 1470 Stempel
1731 1411 1800 1471 auf,
1836 1415 1886 1475 als
1927 1415 1981 1475 sein
2027 1419 2177 1479 ärztlicher

2210 1409 2312 1469 blinde
2339 1413 2517 1473 Geronimo"
2550 1415 2598 1475 wie
2626 1418 2690 1478 auch
2718 1419 2761 1479 die
2788 1422 2906 1482 Novelle
2934 1427 3101 1487 „Leutnant

499 1445 715 1505 TELEPHON
750 1434 927 1494 R-23-0-43

1287 1452 1403 1512 Beruf.

2206 1458 2332 1518 Gustl";
2368 1464 2465 1524 ferner
2501 1464 2530 1524 im
2576 1466 2691 1526 gleichen
2733 1470 2842 1530 Jahre:
2878 1475 2975 1535 „Frau
3011 1476 3097 1536 Berta

2206 1507 2367 1567 Garlan",
2391 1511 2465 1571 dann
2507 1513 2582 1573 „Die
2617 1515 2772 1575 griechische
2808 1520 2952 1580 Tänzerin
2993 1525 3108 1585 (1902),

1340 1507 1404 1567 Von
1432 1514 1588 1574 kleineren,
1611 1517 1708 1577 längst
1730 1521 1903 1581 vergessenen
1925 1527 2185 1587 Frühprodukten,

2210 1557 2441 1617 „Weissagung"
2476 1560 2582 1620 (1904),
2600 1563 2679 1623 „Das
2708 1565 2775 1625 neue
2799 1566 2866 1626 Lied
2895 1571 3007 1631 (1905),
3024 1575 3097 1635 „Der

1282 1560 1329 1620 die
1356 1560 1377 1620 in
1409 1563 1456 1623 der
1483 1563 1652 1623 „Deutschen
1685 1569 1917 1629 Wochenschrift"
1944 1572 2045 1632 (1886)
2066 1574 2119 1634 und
2151 1573 2177 1633 in

307 1599 535 1659 Ausschnitt
557 1590 645 1650 aus:

2208 1600 2263 1660 Tod
2297 1603 2346 1663 des
2375 1607 2601 1667 Junggesellen"
2635 1610 2746 1670 (1907),
2769 1615 2840 1675 „Der
2868 1616 2929 1676 tote
2952 1618 3101 1678 Gabriel“

1279 1605 1331 1665 der
1364 1608 1448 1668 lange
1480 1611 1554 1671 nicht
1586 1613 1665 1673 mehr
1697 1617 1882 1677 bestehenden
1920 1619 2084 1679 Zeitschrift
2116 1624 2174 1684 „An

644 1661 806 1721 CRAXEE
843 1651 1087 1711 TAGESPOST

2206 1649 2321 1709 (1908),
2356 1655 2436 1715 „Das
2478 1655 2622 1715 Tagebuch
2663 1656 2714 1716 der
2750 1661 2952 1721 Redegonda"
2993 1670 3108 1730 (1909),

1277 1653 1329 1713 der
1361 1657 1466 1717 schönen
1504 1661 1604 1721 blauen
1636 1664 1768 1724 Donau"
1801 1667 1895 1727 (1889)
1923 1670 2076 1730 erschienen
2108 1670 2165 1730 sind

2207 1700 2284 1760 „Der
2315 1700 2460 1760 Mörder"
2491 1704 2606 1764 (1910),
2631 1709 2793 1769 „Dreifache
2824 1713 3000 1773 Warnung"
3042 1718 3096 1778 und

1277 1703 1319 1763 ist
1357 1705 1409 1765 sein
1452 1708 1557 1768 erstes,
1595 1713 1912 1773 aufsehenerregendes
1955 1716 2007 1776 und
2055 1718 2081 1778 in
2124 1720 2160 1780 de

2200 1751 2418 1811 „Hirtenflöte"
2448 1752 2560 1812 (1911),
2584 1757 2672 1817 „Frau
2708 1757 2796 1817 Beate
2827 1760 2885 1820 und
2915 1763 2962 1823 ihr
2986 1763 3091 1823 Sohn"

1277 1754 1444 1814 damaligen
1494 1758 1564 1818 Zeit
1608 1759 1656 1819 als
1705 1763 1775 1823 kühn
1830 1766 2041 1826 empfundenes
2090 1768 2160 1828 Wer

2201 1796 2320 1856 (1913),
2339 1799 2464 1859 „Doktor
2489 1802 2639 1862 Gräsler,
2659 1805 2821 1865 Badearzt"
2853 1809 2965 1869 (1917),
2990 1813 3096 1873 „Casa¬

1277 1802 1449 1862 „Anatol",
1472 1807 1530 1867 eine
1563 1808 1655 1868 Reihe
1688 1810 1736 1870 von
1774 1813 1979 1873 dramutischen
2017 1816 2157 1876 Dialoger

325 1825 425 1885 vom:

766 1843 866 1903 22.
889 1840 990 1900 OKI

2198 1843 2295 1903 novas
2327 1846 2517 1906 Heimfahrt"
2555 1852 2666 1912 (1918).
2691 1855 2862 1915 Schnitzlers
2901 1860 3017 1920 neueste
3048 1860 3097 1920 er¬

1277 1851 1324 1911 die
1357 1852 1414 1912 mit
1446 1852 1525 1912 ihren
1568 1855 1657 1915 scharf
1690 1861 1885 1921 beobachteten
1928 1864 2070 1924 Menschen
2113 1865 2144 1925 un

1277 1896 1363 1956 deren
1399 1900 1538 1960 graziöser
1574 1905 1705 1965 Sprache
1723 1906 1757 1966 in
1784 1910 1871 1970 einer
1898 1913 1958 1973 fast
1976 1914 2169 1974 spielerischen
2196 1898 2335 1958 zählende
2372 1895 2467 1955 Werke
2494 1899 2571 1959 sind:
2607 1900 2694 1960 „Frl.
2712 1903 2800 1963 Else"
2827 1906 2948 1966 (1924),
2967 1908 3027 1968 eine
3054 1910 3088 1970 in

2198 1943 2277 2003 ihrer
2327 1945 2504 2005 schwierigen
2560 1950 2639 2010 Form
2702 1954 2842 2014 geradezu
2898 1960 3094 2020 meisterhafte

1264 1945 1335 2005 Art
1369 1948 1440 2008 schon
1485 1951 1534 2011 die
1568 1954 1717 2014 Eigenart
1756 1957 1805 2017 von
1844 1960 2021 2020 Schnitzlers
2060 1963 2148 2023 Talen

2195 1990 2332 2050 Novelle,
2357 1993 2429 2053 „Die
2460 1996 2531 2056 Frau
2562 1996 2610 2056 des
2640 1999 2796 2059 Richters"
2827 2005 2929 2065 (1925)
2954 2005 3007 2065 und
3038 2010 3086 2070 als

1269 1999 1387 2059 zeigen.
1423 2001 1490 2061 Sein
1530 2002 1649 2062 nächstes
1683 2005 1740 2065 und
1774 2009 1893 2069 zugleich
1928 2011 1978 2071 das
2007 2011 2080 2071 erste
2109 2013 2170 2073 auf¬

530 2031 717 2091 Arthur
750 2041 981 2101 Schnitzler
1013 2038 1076 2098 f.

2198 2040 2302 2100 Letztes
2327 2043 2591 2103 „Traumnovelle"
2617 2046 2727 2106 (1926).
2746 2049 2807 2109 Alle
2826 2052 2900 2112 diese
2919 2055 3011 2115 Werke
3036 2057 3091 2117 sind

1269 2046 1410 2106 geführte
1442 2049 1527 2109 Werk
1566 2052 1620 2112 war
1664 2053 1744 2113 „Das
1782 2055 1935 2115 Märchen"
1979 2061 2090 2121 (1893).
2128 2059 2164 2119 Ir

2197 2088 2362 2148 durchwegs
2395 2092 2510 2152 kürzere
2543 2094 2677 2154 Arbeiten
2723 2100 2908 2160 erzählenden
2947 2106 3093 2166 Inhalts,

414 2088 455 2148 U.
477 2093 602 2153 Wien,
631 2097 687 2157 21.
709 2100 848 2160 Oktober.
877 2103 925 2163 In
968 2105 1059 2165 seiner
1088 2106 1171 2166 Villa
1214 2104 1241 2164 in
1277 2092 1326 2152 der
1369 2097 1452 2157 gleich
1495 2098 1543 2158 den
1594 2102 1811 2162 vorgenannten
1853 2107 2057 2167 Schöpfungen
2107 2109 2155 2169 dem

2195 2136 2329 2196 Novellen
2382 2139 2438 2199 und
2484 2145 2682 2205 Novelletten.
2734 2148 2913 2208 Schnitzlers
2960 2154 3087 2214 einziger

351 2140 481 2200 Döbling
514 2145 550 2205 ist
570 2145 657 2205 heute
683 2147 713 2207 um
752 2148 807 2208 ¼7
833 2151 889 2211 Uhr
921 2153 1027 2213 abends
1059 2154 1083 2214 im
1121 2157 1171 2217 69.
1197 2157 1227 2217 Le

1271 2142 1388 2202 Wiener
1425 2145 1536 2205 Milieu
1579 2150 1807 2210 entnommenen
1850 2156 2029 2216 „Liebelei",
2062 2157 2152 2217 seinen

2190 2187 2296 2247 großer
2341 2188 2453 2248 Roman
2504 2193 2616 2253 erschien
2662 2194 2755 2254 1908:
2793 2199 2874 2259 „Der
2913 2202 2981 2262 Weg
3032 2204 3081 2264 ins

343 2190 508 2250 bensjahre
544 2192 591 2252 der
634 2196 745 2256 Dichter
788 2197 846 2257 Dr.
870 2201 989 2261 Arthur
1019 2205 1243 2265 Schnitzlei

1272 2193 1424 2253 seinerzeit
1462 2198 1700 2258 meistgespielten
1750 2202 1940 2262 Schauspiel,
1978 2206 2070 2266 klingt
2114 2208 2162 2268 das

2192 2234 2311 2294 Freie",
2336 2235 2395 2295 eine
2426 2240 2492 2300 groß
2523 2241 2654 2301 gesehene
2685 2244 2835 2304 Synthese
2860 2249 2908 2309 des
2938 2252 3076 2312 geistigen

344 2237 533 2297 plößlich
563 2243 793 2303 gestorben.
817 2246 874 2306 Der
903 2249 960 2309 Tod
990 2250 1087 2310 Artur
1117 2253 1232 2313 Schnitz

1271 2240 1498 2300 Anatol=Motiv
1529 2246 1652 2306 wieder.
1679 2247 1777 2307 Dessen
1814 2252 2035 2312 Uraufführung
2067 2255 2149 2315 (1895

2192 2281 2305 2341 Wiener
2336 2285 2444 2345 Lebens
2475 2290 2529 2350 zur
2560 2291 2626 2351 Zeit
2651 2292 2698 2352 der
2729 2296 2820 2356 letzten
2863 2300 3085 2360 Jahrhundert¬

348 2285 408 2345 lers
441 2286 485 2346 kam
530 2290 612 2350 selbst
641 2294 729 2354 seiner
757 2295 878 2355 nächsten
917 2298 1088 2358 Umgebung
1117 2300 1221 2360 über

1266 2288 1301 2348 am
1359 2291 1559 2351 Burgtheater
1601 2294 1663 2354 war
1710 2300 1884 2360 Schnitzlers
1926 2302 2013 2362 erster
2055 2304 2142 2364 große

2187 2332 2307 2392 wende.

344 2336 554 2396 raschend.
579 2339 663 2399 Wohl
694 2342 784 2402 klagte
815 2347 971 2407 Schnitzler
1003 2349 1026 2409 in
1063 2349 1110 2409 den
1148 2353 1237 2413 letzten

1266 2340 1509 2400 Bühnenerfolg.
1546 2342 1583 2402 In
1620 2345 1704 2405 Wien
1742 2349 1831 2409 spielt
1864 2351 1932 2411 auch
1964 2351 2016 2411 das
2054 2353 2159 2413 nächst¬

2245 2381 2287 2441 Es
2316 2381 2358 2441 ist
2380 2383 2422 2443 ein
2452 2388 2714 2448 charakteristisches
2744 2394 2893 2454 Merkmal
2922 2397 2971 2457 der
2993 2399 3078 2459 zahl¬

349 2385 422 2445 zwei
443 2385 551 2445 Jahren
585 2387 659 2447 über
687 2392 902 2452 Beschwerden,
923 2397 991 2457 aber
1018 2398 1045 2458 er
1072 2397 1139 2457 war
1167 2397 1240 2457 nicht
1268 2390 1355 2450 Stück
1383 2390 1566 2450 „Freiwild"
1593 2393 1707 2453 (1896).
1735 2394 1775 2454 In
1803 2397 1883 2457 diese
1904 2400 1998 2460 Jahre
2026 2402 2093 2462 fällt
2114 2402 2160 2462 die

2186 2428 2295 2488 reichen
2324 2430 2422 2490 Werke
2451 2436 2635 2496 Schnitzlers,
2659 2439 2705 2499 die
2734 2440 2780 2500 dem
2821 2443 2941 2503 Wiener
2965 2446 3074 2506 Milieu

347 2430 428 2490 krank
454 2434 478 2494 im
516 2437 697 2497 eigentlichen
729 2441 803 2501 Sinn
835 2443 884 2503 des
910 2443 1028 2503 Wortes
1054 2446 1110 2506 und
1136 2449 1235 2509 mußte
1267 2437 1441 2497 Entstehung
1480 2439 1529 2499 des
1567 2442 1729 2502 „Reigen",
1755 2445 1823 2505 zehn
1861 2449 1973 2509 Szenen
2011 2447 2067 2507 mit
2093 2447 2142 2507 dem

2182 2479 2392 2539 entstammen,
2431 2481 2486 2541 und
2525 2485 2591 2545 auch
2625 2487 2746 2547 solcher,
2780 2491 2829 2551 die
2862 2492 2917 2552 erst
2957 2494 2983 2554 in
3023 2496 3066 2556 den

337 2477 406 2537 auch
439 2482 483 2542 nie
516 2485 541 2545 in
580 2485 624 2545 der
656 2487 746 2547 letzten
785 2488 848 2548 Zeit
881 2491 932 2551 das
964 2495 1034 2555 Bett
1061 2497 1169 2557 hüten.
1195 2496 1233 2556 Er
1266 2489 1386 2549 gleichen
1419 2488 1566 2548 erotischen
1605 2492 1823 2552 Grundmotiv,
1849 2495 1893 2555 die
1920 2496 1989 2556 aber
2016 2497 2072 2557 erst
2099 2500 2149 2560 vie

2186 2527 2351 2587 allerletzten
2387 2530 2493 2590 Jahren
2529 2533 2682 2593 erschienen
2713 2537 2789 2597 sind,
2814 2540 2867 2600 daß
2897 2542 2931 2602 sie
2962 2545 3079 2605 zumeist

341 2530 442 2590 mußte
473 2533 520 2593 sich
557 2533 622 2593 auch
654 2539 791 2599 keinerlei
822 2542 1045 2602 Enthaltungen
1081 2544 1111 2604 in
1148 2548 1231 2608 bezug

1269 2536 1355 2596 später
1399 2536 1529 2596 gedruckt
1573 2539 1626 2599 und
1671 2540 1762 2600 1920,
1796 2545 1937 2605 durchaus
1986 2547 2056 2607 nicht
2095 2550 2148 2610 den

2186 2572 2290 2632 Bilder
2318 2578 2362 2638 der
2390 2580 2450 2640 Zeit
2478 2581 2527 2641 aus
2556 2582 2605 2642 des
2633 2584 2760 2644 Dichters
2788 2590 2925 2650 jüngeren
2959 2593 3069 2653 Jahren

342 2576 392 2636 auf
416 2581 494 2641 seine
518 2584 721 2644 Lebensweise
744 2589 930 2649 auferlegen.
953 2593 1043 2653 Heute
1072 2596 1235 2656 vormittag

1264 2584 1366 2644 Willen
1393 2584 1442 2644 des
1470 2586 1599 2646 Dichters
1627 2593 1843 2653 entsprechend,
1860 2595 1945 2655 unter
1968 2596 2016 2656 dem
2049 2599 2157 2659 Wider¬

2181 2626 2286 2686 geben.
2319 2628 2413 2688 Einer
2445 2629 2508 2689 viel
2535 2632 2709 2692 sorgloseren
2762 2634 2815 2694 und
2852 2640 3078 2700 unbekümmer¬

339 2629 506 2689 unternahm
550 2633 706 2693 Schnitzler
733 2637 808 2697 einen
842 2640 1068 2700 Spaziergang,
1090 2643 1138 2703 von
1172 2645 1220 2705 den

1261 2632 1354 2692 spruch
1394 2634 1637 2694 rechtsstehender
1676 2640 1775 2700 Kreise
1814 2643 1985 2703 aufgeführt
2025 2646 2140 2706 wurden

2184 2673 2255 2733 teren
2280 2673 2369 2733 Welt,
2388 2676 2436 2736 als
2460 2676 2490 2736 es
2515 2679 2562 2739 die
2587 2682 2700 2742 heutige
2725 2683 2773 2743 ist,
2792 2685 2869 2745 eines
2894 2689 2983 2749 satten
3014 2691 3068 2751 und

332 2676 367 2736 er
409 2677 491 2737 gegen
533 2680 562 2740 11
598 2682 657 2742 Uhr
699 2684 763 2744 nach
794 2685 894 2745 Hause
936 2691 1149 2751 zurückkehrte.
1179 2693 1219 2753 Um

1264 2681 1313 2741 Die
1347 2682 1446 2742 Werke
1475 2685 1568 2745 reihen
1602 2686 1652 2746 sich
1686 2689 1740 2749 nun
1774 2689 1802 2749 in
1836 2692 1945 2752 rascher
1974 2694 2079 2754 Folge.
2113 2697 2151 2757 E¬

2186 2721 2266 2781 dabei
2301 2727 2515 2787 schöngeistigen
2556 2731 2775 2791 Bürgertums,
2806 2735 2834 2795 an
2875 2738 2932 2798 das
2968 2740 3077 2800 soziale

341 2722 409 2782 ¼12
437 2727 491 2787 Uhr
520 2727 588 2787 fand
609 2730 656 2790 ihn
685 2730 753 2790 seine
781 2735 966 2795 Sekretärin,
987 2737 1028 2797 die
1049 2739 1103 2799 zur
1125 2740 1234 2800 Arbeit
1262 2730 1433 2790 erschienen:
1475 2734 1550 2794 „Das
1592 2738 1818 2798 Vermächtnis"
1860 2739 1976 2799 (1897),
2005 2743 2052 2803 die
2087 2746 2155 2806 drei

2185 2772 2343 2832 Probleme
2372 2774 2456 2834 selten
2490 2778 2693 2838 herantreten.
2733 2781 2834 2841 Selten
2869 2787 2959 2847 hallen
2999 2789 3071 2849 seine

339 2775 366 2835 in
395 2775 450 2835 sein
479 2777 724 2837 Arbeitszimmer
753 2784 927 2844 eingetreten
964 2787 1040 2847 war,
1062 2789 1229 2849 bewußtlos
1266 2781 1405 2841 Einakter
1448 2784 1686 2844 „Paracelsus",
1722 2788 1798 2848 „Die
1841 2791 2037 2851 Gefährtin",
2080 2796 2142 2856 „De

2181 2819 2276 2879 Werke
2307 2822 2336 2882 in
2373 2825 2451 2885 einen
2488 2828 2607 2888 schrillen
2645 2829 2698 2889 Ton
2735 2831 2806 2891 aus,
2831 2833 2867 2893 sie
2904 2838 3065 2898 verklingen

337 2823 390 2883 auf
410 2823 463 2883 dem
497 2826 595 2886 Boden
622 2829 755 2889 liegend.
776 2832 841 2892 Man
875 2833 980 2893 brachte
1008 2836 1054 2896 den
1088 2839 1233 2899 Bewußt-
1261 2830 1353 2890 grüne
1380 2831 1519 2891 Kakadu"
1553 2834 1665 2894 (1898),
1686 2837 1738 2897 sein
1772 2838 1885 2898 Drama
1919 2839 1997 2899 „Der
2025 2840 2137 2900 Schleie

2180 2868 2233 2928 und
2275 2873 2499 2933 verdämmern.
2547 2875 2636 2935 Seine
2678 2879 2778 2939 weiche
2814 2882 2867 2942 und
2909 2885 2998 2945 dabei
3028 2885 3074 2945 oft

333 2871 409 2931 losen
445 2875 535 2935 sofort
564 2876 591 2936 zu
627 2877 710 2937 Bett,
739 2879 801 2939 doch
830 2881 878 2941 hat
907 2882 934 2942 er
970 2883 1011 2943 die
1047 2886 1137 2946 ganze
1166 2885 1228 2945 Zeit
1258 2879 1306 2939 der
1349 2877 1502 2937 Beatrice"
1552 2881 1663 2941 (1899),
1692 2884 1768 2944 dann
1818 2884 1866 2944 der
1909 2891 2146 2951 Einakterzyklu¬

2177 2918 2349 2978 spielerische
2407 2924 2606 2984 Behandlung
2664 2927 2722 2987 der
2780 2930 2940 2990 Probleme
3005 2932 3068 2992 läßt

326 2916 400 2976 über
436 2919 481 2979 bis
518 2922 546 2982 zu
581 2925 673 2985 seinem
721 2927 796 2987 Tode
831 2929 906 2989 nicht
936 2932 1016 2992 einen
1053 2936 1231 2996 Augenblidh

1259 2927 1431 2987 „Lebendige
1467 2930 1646 2990 Stunden",
1676 2933 1791 2993 woraus
1832 2937 1983 2997 besonders
2024 2941 2133 3001 „Litera

2174 2967 2328 3027 Schnitzler
2362 2970 2411 3030 als
2445 2972 2488 3032 den
2528 2976 2787 3036 ausgesprochenen
2827 2981 3058 3041 österreichischen

332 2967 412 3027 mehr
460 2969 513 3029 das
555 2973 744 3033 Bewußtsein
792 2977 927 3037 erlangt.
968 2979 1015 3039 Es
1056 2982 1123 3042 war
1164 2983 1224 3043 eine
1260 2978 1306 3038 tur
1354 2977 1529 3037 hervorragt
1564 2981 1672 3041 (1901),
1693 2984 1746 3044 das
1781 2985 1889 3045 Drama
1923 2989 1997 3049 „Der
2025 2990 2152 3050 einsame

2174 3013 2289 3073 Dichter
2318 3019 2495 3079 erscheinen,
2518 3023 2567 3083 den
2601 3026 2716 3086 Dichter
2750 3027 2828 3087 eines
2862 3031 3060 3091 vergangenen

326 3020 696 3080 Gehirnblutung
733 3027 929 3087 eingetreten,
958 3029 986 3089 so
1024 3031 1073 3091 daß
1111 3034 1139 3094 er
1176 3034 1227 3094 sich
1256 3026 1343 3086 Weg"
1380 3026 1488 3086 (1903),
1510 3028 1561 3088 die
1584 3030 1728 3090 Komödie
1758 3035 2011 3095 „Zwischenspiel"
2041 3038 2134 3098 (1904)

2171 3063 2272 3123 Wien,
2300 3067 2380 3127 dessen
2415 3070 2584 3130 Landschaft
2605 3073 2659 3133 und
2694 3077 2863 3137 Umgebung
2904 3080 2930 3140 in
2965 3082 3059 3142 seinen

331 3064 398 3124 auch
443 3066 525 3126 nicht
563 3068 645 3128 einen
683 3072 817 3132 Moment
856 3076 952 3136 seines
998 3079 1087 3139 nahen
1125 3081 1222 3141 Todes
1253 3076 1349 3136 ferner
1388 3074 1409 3134 im
1455 3076 1574 3136 gleichen
1613 3076 1694 3136 Jahr
1725 3078 1792 3138 eine
1823 3081 1897 3141 neue
1927 3085 2144 3145 Einakterreihe
2175 3106 2286 3166 Werken
2325 3118 2459 3178 lebendig
2490 3119 2579 3179 wird.

328 3112 449 3172 bewußt
478 3116 593 3176 wurde.
632 3118 670 3178 Um
715 3120 770 3180 ¼7
798 3122 859 3182 Uhr
893 3123 1002 3183 abends
1036 3127 1097 3187 trat
1125 3129 1196 3189 Atem

1252 3123 1515 3183 „Marionetten",
1553 3127 1632 3187 „Der
1670 3130 1762 3190 junge
1805 3133 2013 3193 Medardus",
2051 3136 2136 3196 dessen

327 3163 470 3223 lähmung
501 3166 544 3226 ein
574 3166 634 3226 und
659 3169 736 3229 sanft
761 3172 894 3232 umfaßte
925 3174 966 3234 ihn
1004 3175 1051 3235 der
1082 3178 1154 3238 Tod.
1179 3178 1220 3238 An

1252 3170 1420 3230 Titelrolle,
1439 3173 1487 3233 dem
1530 3175 1632 3235 großen
1669 3177 1747 3237 Josef
1777 3179 1868 3239 Kainz
1899 3184 2062 3244 zugedacht,
2086 3185 2128 3245 dem

330 3210 419 3270 seinem
468 3214 665 3274 Sterbelager
703 3217 804 3277 weilte
841 3222 895 3282 sein
931 3223 1027 3283 sofort
1064 3226 1220 3286 berufener
1251 3220 1388 3280 Künstler
1420 3222 1497 3282 nicht
1522 3224 1605 3284 mehr
1636 3226 1659 3286 zu
1696 3226 1798 3286 spielen
1835 3229 1985 3289 vergönnt
2016 3232 2087 3292 war,
2112 3232 2147 3292 ist

322 3258 443 3318 Bruder
486 3263 601 3323 Hofrat
644 3267 992 3327 Universitätsprofessor
1040 3276 1219 3336 Primarius

1251 3267 1293 3327 ein
1325 3268 1435 3328 Drama
1472 3270 1524 3330 aus
1557 3272 1603 3332 den
1641 3274 1736 3334 Tagen
1773 3274 1825 3334 der
1857 3279 2004 3339 Besetzung
2042 3280 2136 3340 Wiens

323 3306 386 3366 Dr.
406 3310 513 3370 Julius
533 3313 756 3373 Schnitzler
783 3316 839 3376 und
866 3318 910 3378 die
929 3321 1051 3381 übrigen
1083 3322 1102 3382 in
1134 3323 1210 3383 Wien
1249 3318 1338 3378 durch
1364 3318 1511 3378 Napoleon
1543 3321 1568 3381 I.
1595 3321 1760 3381 (erschienen
1793 3324 1894 3384 1909).
1921 3326 2022 3386 Diesem
2061 3329 2143 3389 Werk

324 3357 482 3417 weilenden
530 3360 735 3420 Angehörigen
784 3364 830 3424 des
866 3368 1013 3428 Dichters.
1049 3370 1125 3430 Noch
1167 3372 1201 3432 am
1250 3368 1337 3428 folgte
1367 3367 1443 3427 „Das
1473 3368 1555 3428 weite
1579 3371 1673 3431 Land"
1704 3372 1815 3432 (1910),
1833 3372 1897 3432 eine
1921 3376 2138 3436 Tragikomödie

325 3406 422 3466 Abend
466 3408 569 3468 wurde
607 3411 692 3471 durch
729 3414 778 3474 den
816 3417 975 3477 Amtsarzt
1012 3419 1054 3479 die
1086 3422 1220 3482 Leichen¬
1246 3416 1294 3476 des
1332 3419 1472 3479 Alterns,
1497 3420 1545 3480 und
1583 3420 1656 3480 1912
1687 3423 1859 3483 „Professor
1890 3426 2073 3486 Verhardi",
2092 3430 2135 3490 ein

322 3453 432 3513 beschau
473 3460 715 3520 vorgenommen.
746 3464 907 3524 Vorläufig
943 3466 998 3526 sind
1039 3469 1115 3529 keine
1150 3468 1205 3528 Dis

1241 3464 1419 3524 Schauspiel
1447 3466 1506 3526 aus
1539 3467 1587 3527 dem
1637 3472 1787 3532 ärztlichen
1831 3473 1939 3533 Beruf,
1967 3473 2015 3533 bei
2048 3478 2139 3538 seiner

320 3503 475 3563 positionen
514 3506 583 3566 über
617 3508 659 3568 die
692 3512 880 3572 Leichenfeier
908 3516 1048 3576 getroffen
1087 3521 1221 3581 worden.

1243 3514 1433 3574 Aufführung
1465 3516 1515 3576 von
1545 3518 1706 3578 politischen
1732 3521 1868 3581 Gruppen
1898 3521 2145 3581 vielumstritten.

311 3548 388 3608 Man
427 3552 492 3612 will
526 3555 581 3615 das
615 3560 774 3620 Eintreffen
813 3562 906 3622 seines
951 3565 1133 3625 bekanntlich
1177 3565 1204 3625 in
1238 3563 1282 3623 Im
1321 3563 1408 3623 Jahre
1437 3564 1502 3624 1915
1531 3566 1684 3626 erschienen
1713 3569 1778 3629 drei
1801 3571 1938 3631 Einakter
1966 3572 2048 3632 unter
2071 3573 2120 3633 dem

311 3600 418 3660 Berlin
464 3605 598 3665 lebenden
638 3608 773 3668 Sohnes,
813 3610 863 3670 der
903 3613 999 3673 sofort
1039 3615 1095 3675 von
1147 3616 1191 3676 dem
1242 3612 1321 3672 Titel
1355 3614 1518 3674 „Komödie
1553 3614 1603 3674 der
1638 3617 1772 3677 Worte",
1801 3618 1874 3678 1917
1914 3619 1964 3679 das
2004 3623 2133 3683 schwache

316 3650 468 3710 tragischen
506 3654 585 3714 Ende
616 3658 707 3718 seines
739 3659 848 3719 Vaters
886 3662 1069 3722 verständigt
1101 3666 1216 3726 wurde,
1242 3661 1333 3721 „Fink
1370 3660 1425 3720 und
1462 3663 1707 3723 Fliederbusch",
1732 3666 1805 3726 1919
1842 3667 1915 3727 „Die
1953 3672 2124 3732 Schwestern

316 3699 492 3759 abwarten.

1237 3707 1306 3767 oder
1332 3709 1483 3769 Casanova
1518 3713 1538 3773 in
1574 3714 1674 3774 Spa“,
1695 3714 1765 3774 1924
1801 3718 1956 3778 „Komödie
1987 3718 2032 3778 der
2062 3720 2132 3780 Ver¬

1235 3757 1382 3817 führung"
1415 3760 1467 3820 und
1500 3760 1568 3820 1925
1595 3763 1642 3823 die
1669 3766 1859 3826 dramatische
1886 3769 2023 3829 Dichtung
2055 3769 2129 3829 „Der

363 3793 486 3853 Arthur
516 3799 669 3859 Schnitzler
705 3803 798 3863 wurde
828 3804 863 3864 am
905 3808 951 3868 15.
981 3809 1046 3869 Mai
1076 3811 1146 3871 1862
1182 3810 1205 3870 in
1235 3806 1322 3866 Gang
1353 3808 1405 3868 zum
1447 3809 1599 3869 Weiher".

306 3844 391 3904 Wien
432 3847 556 3907 geboren
602 3850 646 3910 als
681 3853 766 3913 Sohn
806 3854 857 3914 des
897 3859 1090 3919 ordentlichen
1136 3861 1198 3921 Pro

1289 3867 1461 3927 Schnitzlers
1495 3870 1639 3930 Eigenart
1673 3873 1722 3933 und
1762 3874 1867 3934 großes
1901 3876 2006 3936 Talent
2034 3877 2128 3937 offen¬

306 3894 410 3954 fessors
449 3894 482 3954 an
521 3895 575 3955 der
609 3897 730 3957 Wiener
763 3903 961 3963 Universität,
989 3905 1049 3965 Dr.
1077 3910 1198 3970 Johann
1232 3912 1302 3972 bart
1342 3914 1391 3974 sich
1430 3917 1506 3977 nicht
1546 3921 1677 3981 weniger
1716 3922 1743 3982 in
1793 3926 1886 3986 seinen
1931 3929 2118 3989 erzählenden

306 3942 483 4002 Schnitzler,
505 3943 585 4003 eines
618 3949 833 4009 Laryngologen
871 3952 919 4012 von
958 3957 1145 4017 Bedeutung,
1173 3960 1199 4020 zu
1232 3962 1366 4022 Werken.
1399 3964 1463 4024 1892
1502 3968 1614 4028 erschien
1658 3970 1841 4030 „Sterben",
1863 3972 1916 4032 das
1949 3975 1991 4035 die
2024 3975 2115 4035 letzten

303 3992 396 4052 dessen
447 3993 691 4053 Patientenkreis
736 3999 813 4059 viele
858 4002 1051 4062 prominente
1097 4005 1207 4065 Schau¬

1230 4011 1306 4071 Tage
1346 4014 1428 4074 eines
1462 4017 1745 4077 Schwindsüchtigen
1790 4019 1845 4079 mit
1873 4023 2023 4083 scharfem,
2057 4026 2123 4086 aber

301 4042 410 4102 spieler
445 4041 496 4101 und
531 4047 652 4107 Sänger
687 4047 836 4107 gehörten.
872 4050 1026 4110 Schnitzler
1062 4056 1199 4116 studierte
1229 4058 1297 4118 auch
1338 4064 1493 4124 peinlichem
1546 4066 1724 4126 Realismus
1759 4068 1903 4128 schildert,
1938 4071 2012 4131 1894
2048 4074 2116 4134 „Die

302 4091 469 4151 gleichfalls
494 4093 626 4153 Medizin
656 4096 680 4156 in
704 4099 806 4159 Wien,
825 4100 1023 4160 promovierte
1047 4103 1113 4163 1885
1144 4103 1197 4163 und
1228 4106 1402 4166 Blumen“.
1427 4109 1492 4169 1895
1529 4110 1594 4170 „Ein
1632 4114 1805 4174 Ahschied",
1830 4121 1902 4181 1896
1939 4121 2010 4181 „Die
2041 4122 2112 4182 Frau
