3344 4384
1431 342 1559 402 box
1633 343 1819 403 44/3

144 342 267 402 12.
316 343 911 403 Schnitzler's
979 345 1208 405 Death

368 1179 644 1239 CASINOS
678 1178 719 1238 IN
779 1178 1155 1238 OSTERREICH

458 1234 579 1294 Baden
608 1234 622 1294 /
641 1232 805 1292 Salzburg
839 1234 847 1294 /
867 1229 1083 1289 Semmering

352 1278 516 1338 Roulette
552 1279 565 1339 —
618 1276 778 1336 Baccara
814 1275 827 1335 —
876 1275 1017 1335 Chemin
1058 1274 1097 1334 de
1129 1274 1186 1334 fer

362 1345 813 1405 österreichische
860 1342 1040 1402 Casino
1077 1342 1121 1402 A.
1149 1342 1193 1402 G.

361 1390 473 1450 Wien
508 1393 557 1453 III,
577 1390 1107 1450 Schwarzenbergpjatz
1137 1387 1181 1447 5a

361 1524 819 1584 „OBSERVER"

596 1569 617 1629 1.
635 1569 739 1629 österr.
757 1569 910 1629 behördlich
940 1566 1193 1626 konzessioniertes

596 1608 795 1668 Unternehmen
817 1608 856 1668 für
867 1608 1187 1668 Zeitungs-Ausschnitte

599 1650 667 1710 Wien
687 1652 705 1712 I,
714 1650 843 1710 Wollzeile
859 1650 892 1710 11,
900 1649 1030 1709 Telephon
1049 1646 1190 1706 R-23-0-43

361 1826 580 1886 Ausschnitt
607 1826 663 1886 aus
680 1826 689 1886 :

526 1902 615 1962 Wr.
646 1898 1002 1958 Stadtstimmen,
1018 1910 1122 1970 Wien

364 2041 474 2101 vom:

725 2061 769 2121 -5
816 2056 960 2116 NOV.
989 2047 1096 2107 1936

1268 2172 1356 2232 Sind
1384 2174 1461 2234 diese
1489 2175 1650 2235 Menschen
1678 2175 1738 2235 alle
1761 2174 1833 2234 tot?
1856 2175 1999 2235 Starben
2027 2175 2066 2235 sie

400 2211 528 2271 Ein
612 2211 1047 2271 Gedenktag

1208 2221 1266 2281 mit
1283 2223 1369 2283 ihrer
1391 2223 1482 2283 Zeit?
1499 2223 1585 2283 Oder
1607 2223 1687 2283 starb
1710 2223 1758 2283 die
1780 2223 1849 2283 Zeit
1866 2223 1925 2283 mit
1942 2223 2060 2283 ihnen?

1208 2271 1316 2331 Waren
1354 2271 1391 2331 sie
1419 2271 1553 2331 wirklich
1586 2269 1645 2329 alle
1673 2271 1753 2331 schon
1786 2271 1812 2331 im
1862 2271 1958 2331 Leben
1997 2271 2044 2331 dem

362 2289 409 2349 In
446 2289 542 2349 diesen
585 2289 693 2349 Tagen
730 2289 832 2349 waren
875 2288 905 2348 es
936 2286 1013 2346 fünf
1044 2289 1164 2349 Jahre,

1203 2319 1290 2379 Tode
1319 2319 1473 2379 verfallen
1506 2318 1561 2378 wie
1589 2319 1660 2379 jene
1689 2320 1776 2380 Zeit,
1799 2317 1843 2377 die
1871 2319 1909 2379 sie
1937 2319 2058 2379 gebar?

301 2337 357 2397 daß
387 2337 522 2397 Arthur
552 2338 810 2398 Schnitzler
847 2336 896 2396 den
933 2334 1032 2394 letzten
1070 2336 1169 2396 Weg,

1209 2364 1291 2424 Jene
1325 2365 1419 2425 Zeit,
1447 2364 1496 2424 die
1530 2365 1629 2425 gewiß
1674 2366 1745 2426 auch
1785 2364 1850 2424 ihre
1890 2364 2067 2424 Probleme

297 2384 350 2444 den
374 2381 682 2441 unwiderküfrichen
707 2381 778 2441 Weg
809 2381 855 2441 ins
880 2381 986 2441 Freie,
1005 2381 1057 2441 den
1082 2381 1158 2441 Weg

1208 2411 1310 2471 hatte,
1327 2411 1353 2471 in
1386 2411 1477 2471 denen
1511 2411 1580 2471 hart
1603 2411 1651 2471 die
1678 2411 1862 2471 Menschen,
1879 2412 1986 2472 härter
2014 2411 2062 2471 als

300 2431 349 2491 ins
378 2429 466 2489 weite
494 2429 582 2489 Land
611 2430 705 2490 ging,
727 2429 782 2489 das
810 2429 838 2489 er
866 2429 888 2489 im
933 2429 1171 2489 Zwischenziel,

1210 2457 1252 2517 die
1280 2461 1388 2521 Dinge
1421 2458 1442 2518 im
1492 2459 1639 2519 Raume,
1661 2459 1709 2519 sich
1742 2459 1888 2519 stießen?
1916 2459 2002 2519 Aber
2036 2459 2062 2519 es

302 2478 355 2538 das
388 2477 458 2537 man
491 2475 587 2535 Leben
626 2477 728 2537 heißt,
750 2477 776 2537 zu
815 2477 912 2537 suchen
950 2474 1009 2534 und
1042 2474 1068 2534 in
1101 2476 1155 2536 den

1211 2507 1332 2567 scheint,
1359 2504 1406 2564 als
1438 2504 1523 2564 wäre
1555 2504 1618 2564 dies
1650 2504 1803 2564 Zartheit
1836 2505 1988 2565 gewesen,
2015 2506 2062 2566 als

300 2525 461 2585 Menschen
510 2525 537 2585 zu
587 2525 694 2585 finden
743 2525 943 2585 ausgezogen
993 2523 1078 2583 war,
1112 2522 1165 2582 die

1208 2555 1291 2615 wäre
1326 2552 1523 2612 hinterdrein
1562 2552 1675 2612 immer
1715 2552 1758 2612 ein
1794 2552 1847 2612 ins
1882 2553 2064 2613 Dämmern

308 2573 399 2633 seiner
438 2573 507 2633 Zeit
540 2571 767 2631 Weggenossen
805 2570 939 2630 gewesen
978 2570 1063 2630 sind.
1086 2567 1161 2627 Das

1210 2602 1393 2662 gehauchtes
1416 2599 1507 2659 Wort
1530 2599 1578 2659 des
1600 2599 1746 2659 Dichters
1768 2599 1865 2659 dieser
1888 2602 2071 2662 Menschen,

299 2619 404 2679 waren
447 2617 637 2677 Menschen,
669 2617 732 2677 wie
770 2617 827 2677 der
865 2617 954 2677 fesche
997 2617 1166 2677 Leutnant

1210 2647 1253 2707 die
1281 2647 1307 2707 er
1341 2647 1389 2707 sich
1417 2647 1476 2707 aus
1509 2647 1557 2707 dem
1607 2647 1704 2707 Leben
1737 2647 1823 2707 holte
1845 2648 1910 2708 und
1943 2648 1970 2708 so
1997 2647 2067 2707 hin¬

302 2665 412 2725 Gustl,
451 2665 500 2725 die
545 2663 832 2723 Schlager=Mitzi,
871 2662 926 2722 der
966 2662 1053 2722 Herr
1098 2662 1153 2722 von

1211 2695 1321 2755 stellte,
1343 2695 1403 2755 wie
1432 2694 1470 2754 sie
1499 2694 1630 2754 wirklich
1664 2695 1791 2755 waren,
1819 2695 1962 2755 gleichsam
2013 2695 2062 2755 als

307 2716 404 2776 Sela,
431 2716 502 2776 aber
534 2713 606 2773 auch
637 2713 689 2773 der
715 2712 937 2772 Hotelportier
968 2710 1024 2770 vom
1067 2710 1169 2770 Sem¬

1209 2741 1479 2801 Entschuldigung
1523 2743 1576 2803 für
1615 2743 1695 2803 alles
1739 2745 1900 2805 Unzarte,
1939 2743 2052 2803 Rauhe

300 2763 423 2823 mering
451 2761 515 2821 und
543 2761 634 2821 fogar
657 2761 710 2821 der
733 2760 830 2820 junge
858 2758 1057 2818 Medardus,
1079 2758 1165 2818 Ana¬

1209 2791 1405 2851 Feindselige
1437 2788 1638 2848 gesprochen,
1660 2789 1702 2849 ein
1734 2788 1835 2848 Wort
1862 2789 1940 2849 nur,
1963 2791 2073 2851 hinge¬

299 2809 345 2869 tol
371 2811 428 2871 und
459 2810 558 2870 Max,
579 2809 625 2869 die
652 2806 775 2866 grande
802 2803 895 2863 dame
922 2805 978 2865 und
1010 2805 1066 2865 das
1093 2806 1165 2866 süße

1208 2835 1290 2895 weht
1311 2835 1368 2895 wie
1394 2835 1435 2895 ein
1467 2835 1575 2895 welkes
1607 2835 1705 2895 Blatt
1726 2835 1782 2895 auf
1809 2837 1937 2897 unserem
1980 2837 2052 2897 Weg

308 2856 437 2916 Mädel,
460 2856 508 2916 der
541 2853 741 2913 Salonlöwe
769 2852 834 2912 und
867 2850 915 2910 der
948 2851 1089 2911 Strizzi,
1111 2850 1165 2910 der

1207 2880 1256 2940 den
1311 2883 1370 2943 wir
1419 2883 1873 2943 sommersehnsuchtstrunken
1928 2883 1957 2943 in
2012 2883 2061 2943 den

307 2904 454 2964 General
482 2903 513 2963 a.
540 2901 587 2961 D.
614 2902 677 2962 und
710 2901 762 2961 der
794 2900 979 2960 Korporal,
1007 2901 1085 2961 alle,
1107 2898 1170 2958 alle

1214 2928 1337 2988 Herbst,
1358 2928 1383 2988 in
1415 2929 1465 2989 den
1497 2930 1620 2990 Winter
1646 2931 1764 2991 gehen,
1785 2931 1908 2991 armer,
1929 2931 2042 2991 frieren

308 2952 377 3012 aber
399 2949 587 3009 Menschen,
604 2949 647 3009 die
669 2949 798 3009 Wiener
820 2949 895 3009 Luft
911 2946 1035 3006 atmen,
1052 2946 1083 3006 ob
1111 2946 1164 3006 auf

1207 2979 1258 3039 der
1290 2980 1537 3040 Erinnerungen
1574 2979 1738 3039 übervoll,
1765 2980 1816 3040 der
1847 2982 1955 3042 Liebe,
1976 2981 2063 3041 ihres

303 2998 354 3058 dem
401 2997 752 3057 Sommerhaidenweg
789 2994 861 3054 oder
892 2993 918 3053 im
965 2992 1068 3052 Café.
1094 2994 1161 3054 Und

1210 3029 1334 3089 Glückes
1372 3029 1431 3089 und
1459 3029 1544 3089 ihres
1577 3031 1776 3091 Entsagens,
1799 3032 1884 3092 ihres
1918 3032 2063 3092 Findens

305 3047 368 3107 alle
390 3045 526 3105 sprachen
559 3043 606 3103 die
627 3041 753 3101 Worte,
770 3041 885 3101 gleiche
907 3038 1033 3098 Worte,
1050 3038 1107 3098 nur
1134 3038 1160 3098 in

306 3094 357 3154 der
380 3092 594 3152 Tonfarbung
622 3090 831 3150 verschieden,
854 3087 910 3147 nur
933 3086 1085 3146 vielleicht
1108 3086 1164 3146 mit
1209 3080 1271 3140 und
1300 3080 1485 3140 Verlierens
1514 3080 1683 3140 verspielte
1706 3080 1847 3140 Kinder.

302 3142 441 3202 anderen
482 3140 626 3200 Leuten,
658 3137 730 3197 aber
772 3137 797 3197 im
849 3136 957 3196 Wesen
999 3134 1065 3194 doch
1107 3134 1168 3194 alle

1274 3138 1403 3198 Gerade
1430 3140 1581 3200 deshalb,
1603 3140 1678 3200 weil
1700 3142 1759 3202 wir
1787 3143 1899 3203 solches
1927 3143 2067 3203 empfin¬

305 3191 416 3251 gleich,
443 3188 479 3248 ob
511 3185 542 3245 es
575 3185 743 3245 Professor
770 3184 965 3244 Bernhardi
992 3182 1060 3242 war
1093 3179 1166 3239 oder

1208 3191 1283 3251 den,
1300 3191 1457 3251 mitleiden
1491 3191 1605 3251 können
1639 3192 1698 3252 mit
1714 3191 1763 3251 dem
1807 3193 1877 3253 Leid
1905 3193 1992 3253 eines
2020 3191 2068 3251 sich

305 3236 382 3296 etwa
418 3236 469 3296 der
501 3235 588 3295 Herr
619 3233 675 3293 von
712 3233 898 3293 Hofreiter,
924 3230 1037 3290 freilich
1074 3227 1166 3287 unter

1209 3242 1441 3302 entlaubenden
1472 3242 1637 3302 Baumes,
1659 3243 1715 3303 uns
1746 3244 1916 3304 mitfreuen
1948 3242 2061 3302 können

304 3283 438 3343 anderen
472 3280 794 3340 Voraussetzungen,
814 3277 871 3337 aus
901 3275 1035 3335 anderer
1060 3274 1170 3334 Atmo¬

1211 3294 1243 3354 an
1283 3292 1332 3352 dem
1383 3292 1454 3352 Weh
1494 3292 1577 3352 eines
1610 3292 1720 3352 tödlich
1755 3292 1954 3352 getroffenen
1988 3292 2071 3352 Her¬

307 3334 418 3394 sphäre
440 3331 583 3391 heraus.
605 3328 684 3388 Aber
711 3325 881 3385 wesentlich
908 3322 1083 3382 wienerisch
1110 3322 1173 3382 alle

1208 3344 1303 3404 zens,
1324 3342 1387 3402 uns
1425 3341 1482 3401 mit
1509 3340 1742 3400 aufschwingen
1780 3343 1895 3403 können
1933 3345 1964 3405 zu
2002 3340 2070 3400 Lei¬

308 3380 368 3440 und
402 3379 501 3439 daher
529 3377 644 3437 gleich.
667 3377 711 3437 Im
761 3374 854 3434 guten
894 3373 948 3433 wie
977 3373 1003 3433 im
1048 3370 1169 3430 Bösen.

1210 3394 1421 3454 denschaften,
1443 3394 1485 3454 die
1508 3392 1600 3452 unser
1622 3392 1702 3452 Herz
1725 3394 1784 3454 und
1812 3394 1887 3454 Hirn
1915 3391 2071 3451 entflam¬

306 3429 349 3489 Im
398 3427 506 3487 heißen
544 3424 619 3484 Atem
669 3421 755 3481 eines
788 3420 960 3480 glutenden
994 3418 1171 3478 Sommer¬

1208 3442 1298 3502 men,
1318 3443 1429 3503 gerade
1460 3442 1586 3502 deshalb
1617 3442 1693 3502 darf
1714 3444 1784 3504 man
1815 3445 1976 3505 glauben:
2002 3442 2067 3502 noch

306 3474 419 3534 tages,
441 3473 468 3533 im
517 3471 620 3531 Spiel
648 3468 701 3528 der
729 3468 994 3528 Sommerlüfte,
1016 3467 1075 3527 auf
1103 3466 1151 3526 dem

1216 3492 1324 3552 immer
1352 3492 1443 3552 gibt's
1471 3492 1514 3552 die
1536 3492 1623 3552 Welt
1639 3492 1704 3552 mit
1721 3494 1905 3554 Menschen,
1922 3492 1970 3552 die
1992 3492 2073 3552 nicht

311 3522 427 3582 Gange
459 3520 512 3580 zum
560 3516 686 3576 Weiher
719 3515 792 3575 oder
824 3513 872 3573 bei
899 3513 1173 3573 Weihnachtsein¬

1217 3543 1409 3603 Schablonen
1438 3543 1525 3603 sind;
1548 3543 1608 3603 noch
1636 3543 1752 3603 immer
1780 3542 1874 3602 gibt's
1902 3541 1946 3601 die
1969 3543 2073 3603 Welt,

306 3570 414 3630 käufen
447 3567 506 3627 auf
529 3564 583 3624 der
616 3564 757 3624 Straße,
780 3561 833 3621 bei
861 3561 942 3621 einem
986 3558 1171 3618 Abschieds¬

1214 3597 1240 3657 in
1282 3594 1340 3654 der
1383 3592 1473 3652 Liebe
1516 3593 1600 3653 nicht
1643 3594 1827 3654 unbedingt
1870 3591 1933 3651 nur
1976 3592 2060 3652 einen

309 3618 422 3678 souper
448 3613 504 3673 mit
531 3612 623 3672 echten
660 3610 716 3670 und
748 3609 876 3669 falschen
908 3608 1171 3668 Tränenperlen,

1214 3645 1489 3705 Theaterkonflikt
1516 3642 1685 3702 bedeutet;
1712 3642 1780 3702 noch
1818 3643 1934 3703 immer
1972 3640 2066 3700 gibt's

312 3667 338 3727 im
388 3663 534 3723 Boudoir
573 3660 659 3720 einer
693 3657 812 3717 schönen
851 3657 959 3717 Frau,
987 3654 1013 3714 im
1063 3654 1160 3714 Hotel

1213 3695 1331 3755 Leben,
1347 3695 1398 3755 das
1425 3695 1517 3755 Leben
1543 3692 1579 3752 ist
1600 3692 1656 3752 und
1683 3692 1760 3752 nicht
1781 3692 1842 3752 nur
1864 3692 1982 3752 Kulisse
2003 3692 2064 3752 und

309 3714 395 3774 foyer
434 3710 504 3770 oder
543 3707 603 3767 auf
636 3706 684 3766 dem
739 3707 924 3767 Schloßhof
952 3701 1006 3761 von
1050 3701 1174 3761 Schön¬

1211 3749 1453 3809 Hintergrund,
1484 3746 1697 3806 Trauerspiel
1727 3746 1792 3806 und
1828 3746 1987 3806 Lustspiel
2018 3746 2070 3806 zu¬

318 3761 417 3821 brunn
445 3761 473 3821 in
501 3758 700 3818 Erwartung
728 3756 778 3816 des
806 3757 916 3817 großen
950 3753 1082 3813 Korsen.

2109 2175 2219 2235 gleich;
2248 2175 2313 2235 noch
2347 2176 2463 2236 immer
2491 2177 2569 2237 aber
2597 2178 2691 2238 gibt's
2725 2180 2768 2240 ein
2802 2181 2968 2241 Völkchen,

3011 2188 3062 2248 gen
3097 2184 3157 2244 und
3192 2187 3235 2247 die
3261 2184 3303 2244 we

2108 2223 2160 2283 das
2188 2222 2234 2282 sich
2261 2223 2388 2283 Wiener
2415 2223 2535 2283 nennt;
2557 2226 2620 2286 noch
2647 2226 2762 2286 immer
2784 2227 2879 2287 gibt's
2906 2229 2958 2289 das

3009 2233 3071 2293 mit
3103 2232 3158 2292 der
3197 2232 3296 2292 Mode

2110 2268 2185 2328 Café
2202 2268 2240 2328 de
2262 2268 2430 2328 l'Europe,
2446 2271 2494 2331 den
2517 2273 2787 2333 Stephansplatz,
2799 2274 2847 2334 den
2869 2277 2971 2337 Ring,

3007 2280 3103 2340 Täten
3136 2280 3199 2340 sie's
3226 2280 3309 2340 nicht

2113 2317 2178 2377 aber
2212 2318 2283 2378 auch
2317 2316 2366 2376 den
2406 2319 2538 2379 Wiener
2566 2319 2659 2379 Wald
2694 2320 2754 2380 und
2788 2323 2837 2383 die
2865 2322 2958 2382 stillen

3006 2328 3198 2388 geworden.
3223 2328 3270 2388 So

2110 2364 2199 2424 Wege
2227 2364 2263 2424 am
2306 2365 2421 2425 Rande
2448 2366 2501 2426 der
2528 2366 2649 2426 Stadt,
2671 2369 2760 2429 deren
2793 2370 2893 2430 Seele
2920 2370 2961 2430 ein

3007 2373 3168 2433 Menschen
3200 2374 3255 2434 wie
3280 2375 3311 2435 de

2109 2411 2230 2471 Dichter
2253 2411 2368 2471 liebte,
2386 2412 2424 2472 an
2452 2411 2501 2471 der
2529 2412 2556 2472 er
2579 2414 2684 2474 starb,
2701 2415 2750 2475 als
2773 2416 2811 2476 sie
2834 2416 2866 2476 zu
2895 2414 2966 2474 ster¬

3013 2421 3064 2481 das
3096 2420 3192 2480 Leben
3231 2420 3269 2480 um

2110 2458 2158 2518 ben
2191 2459 2304 2519 schien,
2327 2459 2402 2519 weil
2429 2461 2618 2521 Fremdheit
2646 2462 2704 2522 und
2738 2462 2861 2522 Kühle,
2884 2462 2969 2522 kom¬

3007 2468 3218 2528 ihretwillen,
3238 2468 3302 2528 lieb

2113 2504 2283 2564 merzielles
2312 2505 2433 2565 Denken
2467 2507 2527 2567 und
2561 2510 2909 2570 Geschäftstüchtigkeit
2932 2513 2964 2573 sie

3009 2513 3062 2573 den
3089 2516 3310 2576 Sonnenunte

2112 2553 2164 2613 wie
2191 2552 2338 2612 Unkraut
2365 2555 2575 2615 umwucherte
2602 2555 2660 2615 und
2692 2558 2802 2618 Zinsen
2834 2557 2860 2617 in
2887 2557 2971 2617 klin¬

3015 2562 3132 2622 Stadt,
3151 2564 3201 2624 das
3226 2564 3313 2624 leich.

2112 2599 2225 2659 gender
2253 2600 2376 2660 Münze
2409 2602 2570 2662 begehrte,
2592 2602 2640 2662 wo
2668 2602 2732 2662 nur
2760 2602 2818 2662 mit
2846 2602 2969 2662 Schön¬

3013 2612 3153 2672 gefühlte
3179 2608 3273 2668 Wort

2113 2648 2170 2708 heit
2206 2646 2268 2706 und
2304 2649 2570 2709 Ergriffenheit,
2599 2650 2656 2710 mit
2692 2650 2968 2710 Hingegebenheit

3013 2658 3110 2718 wegt,
3135 2657 3189 2717 das
3214 2658 3287 2718 Däm

2113 2693 2167 2753 und
2195 2695 2405 2755 Herzlichkeit
2427 2696 2472 2756 die
2494 2695 2587 2755 große
2616 2695 2731 2755 Schuld
2760 2698 2786 2758 zu
2821 2698 2958 2758 bezahlen

3011 2706 3089 2766 Luft
3115 2704 3163 2764 des
3195 2704 3305 2764 Wiene

2111 2740 2191 2800 war,
2214 2741 2256 2801 die
2285 2743 2349 2803 man
2382 2743 2441 2803 auf
2464 2743 2512 2803 sich
2540 2743 2664 2803 geladen
2697 2743 2799 2803 hatte,
2817 2743 2865 2803 als
2893 2746 2963 2806 man

3018 2752 3101 2812 glück
3115 2752 3177 2812 und
3205 2752 3301 2812 Herbs

2112 2789 2164 2849 das
2192 2788 2275 2848 Wien
2308 2791 2461 2851 zerstören
2488 2790 2609 2850 wollte,
2630 2789 2689 2849 das
2716 2790 2773 2850 das
2800 2791 2884 2851 Wien
2916 2791 2968 2851 der

3016 2800 3103 2860 Wien
3143 2800 3198 2860 ist,
3222 2801 3309 2861 Wien

2112 2832 2301 2892 kaiserlichen
2340 2835 2426 2895 Zeit,
2454 2835 2507 2895 das
2540 2835 2626 2895 Wien
2665 2838 2719 2898 der
2752 2838 2963 2898 wienerischen

3013 2844 3119 2904 wird.

2111 2883 2293 2943 Menschen,
2318 2883 2376 2943 sein
2413 2884 2500 2944 Wien
2536 2886 2600 2946 und
2636 2886 2742 2946 damit
2773 2886 2837 2946 auch
2873 2886 2966 2946 unser

3087 2898 3164 2958 Geht
3195 2903 3233 2963 ihr
3263 2901 3292 2961 al

2113 2928 2198 2988 Wien
2227 2931 2364 2991 gewesen
2393 2931 2450 2991 ist.

3013 2951 3101 3011 Sehr
3127 2951 3170 3011 hin
3202 2951 3265 3011 und
3291 2950 3302 3010 1

2175 2984 2352 3044 Gewesen?
2383 2988 2560 3048 Verweht?
2590 2988 2731 3048 Dahin?
2762 2988 2844 3048 Doch
2875 2991 2974 3051 nicht,

3011 3001 3062 3061 zen
3094 2999 3170 3059 auf!
3190 2997 3234 3057 Es
3267 2997 3305 3057 ist

2115 3032 2194 3092 wenn
2225 3031 2255 3091 es
2286 3033 2356 3093 auch
2387 3033 2417 3093 zu
2452 3034 2502 3094 den
2533 3035 2886 3095 pseudoliterarischen,
2912 3038 2971 3098 em¬

3010 3045 3063 3105 dem
3117 3044 3316 3104 Stephansp

2110 3080 2241 3140 phatisch
2268 3082 2479 3142 verkündeten
2512 3083 2887 3143 Nachkriegsweisheiten
2920 3086 2966 3146 sich

3012 3095 3102 3155 zing,
3127 3092 3156 3152 ob
3188 3092 3211 3152 im
3260 3092 3307 3152 Gl

2110 3128 2268 3188 arriviert
2295 3129 2481 3189 dünkender
2513 3131 2741 3191 Auch-Dichter
2773 3131 2820 3191 der
2852 3133 2963 3193 großen

3011 3143 3062 3203 der
3089 3141 3179 3201 leisen
3212 3140 3302 3200 Mela

2176 3174 2240 3234 doch
2274 3176 2343 3236 ach!
2365 3176 2376 3236 —
2436 3176 2500 3236 viel
2522 3177 2679 3237 kleineren
2707 3179 2771 3239 Ara
2798 3179 2852 3239 des
2880 3179 2971 3239 wirk¬

3012 3194 3065 3254 nen
3095 3194 3295 3254 Nachmittag

2113 3224 2200 3284 lichen
2234 3224 2422 3284 Verfalles,
2445 3224 2499 3284 der
2528 3227 2699 3287 Inflation
2732 3226 2793 3286 und
2827 3227 2881 3287 der
2910 3226 2975 3286 tat¬

3012 3245 3068 3305 auf
3104 3244 3154 3304 dem
3201 3243 3304 3303 Somn

2111 3269 2264 3329 sächlichen
2304 3271 2386 3331 Zote
2414 3271 2563 3331 gehörte,
2591 3271 2645 3331 von
2685 3273 2734 3333 der
2768 3274 2971 3334 Morbidität

3012 3294 3095 3354 alter
3120 3292 3204 3352 Herr
3234 3293 3305 3353 bege

2113 3318 2377 3378 Schnitzlerischer
2406 3319 2566 3379 Gestalten
2606 3321 2632 3381 zu
2666 3321 2799 3381 sprechen
2839 3322 2899 3382 und
2933 3323 2971 3383 sie

3016 3344 3066 3404 das
3095 3343 3157 3403 wie
3181 3343 3226 3403 ein
3255 3343 3306 3403 Gr

2110 3364 2167 3424 mit
2200 3364 2284 3424 einer
2316 3364 2590 3424 Handbewegung
2627 3369 2791 3429 abzutun.
2824 3369 2965 3429 (Geschah

3012 3395 3064 3455 die
3099 3392 3128 3452 in
3170 3394 3315 3454 Schleien

2108 3411 2187 3471 nicht
2219 3412 2351 3472 gleiches
2394 3411 2457 3471 mit
2484 3412 2585 3472 Ibsen
2633 3414 2695 3474 und
2738 3415 2839 3475 seinen
2876 3415 2971 3475 Men¬

3013 3445 3117 3505 Füßen
3149 3445 3309 3505 hinweht,

2110 3457 2236 3517 schen?)
2263 3460 2406 3520 Damals
2438 3460 2651 3520 verleugnete
2683 3462 2730 3522 sich
2762 3463 2873 3523 Wien,
2900 3463 2968 3523 oder

3010 3495 3112 3555 blickt,
3141 3495 3192 3555 der
3227 3494 3312 3554 einer

2112 3504 2204 3564 besser
2241 3504 2271 3564 es
2309 3505 2422 3565 wurde
2459 3507 2665 3567 verleugnet.
2697 3508 2779 3568 Aber
2816 3509 2852 3569 es
2889 3509 2966 3569 starb

3014 3546 3086 3606 Ohr
3106 3546 3250 3606 flüstert,
3265 3545 3310 3605 die

2112 3552 2204 3612 nicht.
2226 3552 2313 3612 Auch
2346 3555 2421 3615 seine
2455 3555 2617 3615 Menschen
2655 3555 2774 3615 starben
2813 3558 2910 3618 nicht,
2933 3557 2970 3617 sie

3012 3594 3053 3654 ler
3078 3594 3136 3654 sein
3173 3594 3303 3654 könnten

2110 3597 2191 3657 leben
2230 3600 2326 3660 heute
2355 3600 2446 3660 noch.
2474 3600 2544 3660 Und
2577 3602 2615 3662 sie
2642 3601 2729 3661 leben
2767 3603 2897 3663 wieder.
2925 3601 2967 3661 Es

3004 3644 3111 3704 Gott,
3142 3645 3196 3705 wie
3232 3645 3297 3705 wen

2110 3647 2152 3707 sei
2168 3645 2268 3705 denn,
2290 3648 2347 3708 daß
2374 3648 2458 3708 einer
2485 3648 2585 3708 sagte,
2602 3648 2638 3708 sie
2665 3648 2765 3708 wären
2792 3651 2971 3711 gestorben,

2112 3693 2180 3753 weil
2212 3692 2260 3752 die
2292 3694 2493 3754 männlichen
2531 3695 2720 3755 Geschlechts
2753 3695 2853 3755 keinen
2896 3697 2964 3757 oder

3012 3695 3116 3755 Worte
3143 3698 3208 3758 nur
3235 3698 3300 3758 gest

2112 3744 2188 3804 nicht
2208 3743 2322 3803 immer
2349 3745 2438 3805 einen
2464 3746 2630 3806 gestärkten
2657 3746 2874 3806 Hemdkragen
2901 3746 2964 3806 tra¬
3003 3746 3098 3806 sind!
