3392 4352
228 327 351 387 12.

423 333 1011 393 Schnitzler's
1082 339 1310 399 Death

1499 338 1633 398 box
1714 341 1903 401 42/7

447 715 1148 775 OBSERVEF

530 771 554 831 1.
566 771 689 831 österr.
698 777 849 837 behördl.
866 788 1164 848 konzessioniertes

477 811 713 871 Unternehmen
743 819 793 879 für
819 828 1170 888 Zeitungs-Ausschni

534 871 680 931 WIEN,
708 877 758 937 I.,
784 886 1073 946 WOLLZEILE
1125 894 1169 954 11

625 927 845 987 TELEPHON
882 936 1062 996 R-23-0-43

414 1062 647 1122 Ausschnitt
673 1071 764 1131 aus:

495 1164 576 1224 Tel

500 1238 920 1298 abenlausabn.

421 1285 531 1345 vom:

708 1294 1028 1354 42.10.1931

517 1487 727 1547 God
854 1500 1154 1560 eines
1244 1513 1669 1573 großen
1777 1525 2255 1585 Dichter

785 1630 1039 1690 Arthur
1075 1639 1461 1699 Schnitzler
1506 1646 1593 1706 ist
1629 1652 1971 1712 gestorben

383 1719 452 1779 Eine
486 1727 643 1787 ungemein
676 1733 783 1793 große,
812 1733 925 1793 zärtlich
958 1736 1011 1796 lie¬

1090 1736 1128 1796 Er
1172 1741 1341 1801 hinterläßt
1385 1744 1428 1804 ein
1472 1750 1728 1810 außerordentlich

1786 1752 1876 1812 diesem
1925 1759 2058 1819 befindet
2101 1762 2149 1822 sich
2192 1763 2240 1823 ein
2277 1770 2452 1830 Schauspiel

335 1768 426 1828 bende
451 1774 615 1834 Gemeinde
635 1777 688 1837 von
713 1780 873 1840 Verehrern
902 1785 1018 1845 erfährt

1056 1787 1285 1847 umfangreiches
1322 1792 1527 1852 Mannskript,
1556 1798 1605 1858 das
1638 1799 1733 1859 später

1770 1804 1864 1864 „Zug
1895 1805 1964 1865 der
1990 1808 2223 1868 Schatten".
2253 1813 2298 1873 Ob
2323 1815 2352 1875 es
2378 1819 2452 1879 ganz

330 1813 373 1873 die
402 1823 678 1883 Trauerbotschaft:
703 1829 819 1889 Arthur
844 1831 1003 1891 Schnitzler

1052 1833 1163 1893 einmal
1199 1837 1418 1897 veröffentlicht
1450 1843 1566 1903 werden
1602 1846 1669 1906 soll:
1701 1847 1727 1907 es

1777 1849 1925 1909 vollendet
1969 1854 2016 1914 ist,
2055 1856 2126 1916 steht
2170 1862 2338 1922 allerdings
2386 1867 2448 1927 noch

332 1864 383 1924 der
416 1869 533 1929 Dichter
563 1873 613 1933 des
647 1876 755 1936 echten,
779 1879 877 1939 alten,
902 1879 924 1939 in
962 1882 1009 1942 der

1057 1882 1090 1942 ist
1110 1882 1157 1942 sein
1188 1885 1351 1945 Tagebuch.
1385 1888 1438 1948 Ein
1463 1890 1568 1950 großer
1593 1894 1732 1954 Theater¬

1777 1897 1854 1957 nicht
1877 1900 1942 1960 fest.

332 1917 522 1977 Erinnerung
550 1922 608 1982 noch
631 1924 717 1984 lange
736 1927 903 1987 lebendigen
926 1928 1003 1988 Wien

1051 1929 1168 1989 roman,
1194 1931 1245 1991 den
1280 1933 1306 1993 er
1341 1936 1414 1996 schon
1449 1936 1500 1996 vor
1535 1941 1643 2001 Jahren
1682 1941 1729 2001 be¬

1811 1963 1902 2023 Heute
1935 1966 2095 2026 vormittag
2133 1971 2169 2031 ist
2197 1971 2247 2031 der
2280 1974 2357 2034 Sohn
2395 1978 2454 2038 Ar¬

330 1964 368 2024 ist
392 1963 449 2023 tot,
469 1966 516 2026 der
541 1971 679 2031 Schöpfer
709 1973 756 2033 der
781 1977 986 2037 melancholisch

1057 1978 1163 2038 gonnen
1192 1979 1286 2039 hatte,
1305 1980 1342 2040 ist
1361 1983 1416 2043 fast
1440 1986 1463 2046 zu
1497 1986 1576 2046 Ende
1600 1989 1730 2049 geführt.

1777 2010 1846 2070 thur
1866 2015 2058 2075 Schnitzlers,
2073 2019 2265 2079 Heinrich
2291 2025 2452 2085 Schnitz¬

325 2011 453 2071 heiteren
486 2016 637 2076 Dramen,
665 2019 710 2079 der
743 2022 871 2082 großen,
890 2025 1009 2085 lebens¬

1090 2024 1203 2084 Axthur
1236 2028 1397 2088 Schnitzler
1431 2030 1482 2090 hat
1521 2034 1573 2094 vor
1606 2037 1719 2097 Jahren

326 2059 467 2119 kundigen
510 2064 661 2124 Romane,
689 2067 736 2127 der
770 2069 920 2129 Verfasser
959 2070 1006 2130 des

1772 2058 1856 2118 ler,
1880 2059 1927 2119 der
1960 2061 1987 2121 in
2026 2065 2129 2125 Berlin
2162 2069 2209 2129 als
2247 2073 2449 2133 Schauspieler

1049 2071 1108 2131 Dr.
1136 2073 1235 2133 Franz
1273 2076 1377 2136 Horch,
1410 2079 1455 2139 den
1496 2082 1715 2142 Dramaturgen

1777 2104 1846 2164 tätig
1875 2109 1926 2169 ist,
1945 2109 1968 2169 im
2011 2112 2217 2172 Trauerhause
2245 2121 2451 2181 eingetroffen.

323 2106 492 2166 „Anatol",
528 2110 572 2170 der
613 2115 796 2175 „Liebelei",
827 2116 876 2176 des
917 2120 1005 2180 „Rei¬

1052 2118 1100 2178 der
1137 2124 1280 2184 Berliner
1316 2127 1647 2187 Reinhardt=Bühnen,
1678 2134 1727 2194 der

326 2156 437 2216 gens",
457 2156 503 2216 der
531 2159 737 2219 „Literatur",
761 2162 807 2222 der
836 2165 929 2225 Autor
957 2165 1004 2225 be¬

1774 2153 1816 2213 Um
1854 2153 1896 2213 die
1924 2159 2116 2219 Mittagszeit
2140 2162 2242 2222 wurde
2271 2164 2294 2224 im
2332 2167 2439 2227 Beisein

1053 2168 1155 2228 vorher
1202 2169 1230 2229 in
1277 2174 1403 2234 gleicher
1446 2178 1632 2238 Eigenschaft
1675 2180 1707 2240 am

1770 2200 1920 2260 Professor
1953 2206 2014 2266 Dr.
2039 2207 2146 2267 Julius
2180 2213 2373 2273 Schnitzlers,
2402 2216 2448 2276 des

325 2204 461 2264 rühmter
480 2207 616 2267 Novellen
643 2210 693 2270 wie
716 2213 884 2273 „Leutnant
898 2212 984 2272 Gustl

1057 2215 1176 2275 Theater
1225 2219 1248 2279 in
1292 2219 1339 2279 der
1378 2225 1598 2285 Joseph-Stadt
1642 2228 1718 2288 tätig

1766 2247 1904 2307 Bruders
1935 2249 1982 2309 des
2013 2255 2246 2315 Verstorbenen,
2273 2262 2324 2322 und
2359 2264 2445 2324 seiner

321 2252 377 2312 und
406 2255 576 2315 „Sterben"
601 2257 657 2317 und
682 2261 833 2321 klassischer
862 2261 1009 2321 Romane,

1047 2264 1125 2324 war,
1144 2270 1175 2330 zu
1208 2268 1304 2328 seinem
1346 2273 1644 2333 Nachlaßverwalter
1677 2275 1708 2335 be

1770 2291 1867 2351 beiden
1896 2292 1999 2352 Söhne
2027 2298 2106 2358 Hans
2139 2303 2195 2363 und
2229 2306 2378 2366 Heinrich,
2397 2308 2439 2368 die

319 2301 373 2361 wie
404 2303 478 2363 „Der
498 2303 563 2363 Weg
583 2306 627 2366 ins
648 2306 766 2366 Freie“,
787 2308 822 2368 ist
842 2312 1005 2372 gestorben.

1050 2315 1171 2375 stimmt.
1209 2315 1269 2375 Dr.
1298 2318 1386 2378 Horch
1434 2320 1466 2380 ist
1509 2322 1569 2382 noch
1607 2324 1714 2384 gestern

1770 2341 2122 2401 Testamentseröffnung

2185 2353 2448 2413 vorgenommen.

361 2350 523 2410 Schnitzler
553 2353 631 2413 erlag
661 2356 769 2416 gestern
804 2356 838 2416 um
878 2358 912 2418 11
942 2359 1000 2419 Uhr

1049 2361 1139 2421 abend
1186 2362 1240 2422 auf
1277 2365 1322 2425 die
1364 2368 1519 2428 Nachricht
1560 2368 1610 2428 von
1661 2371 1706 2431 dem

1772 2382 1831 2442 Das
1872 2390 2039 2450 Testament
2076 2397 2193 2457 enthält
2230 2401 2316 2461 neben
2362 2406 2438 2466 einer

318 2398 465 2458 mittags,
492 2400 536 2460 als
572 2400 603 2460 er
639 2401 687 2461 von
728 2404 808 2464 einem
857 2406 1004 2466 Spazier¬

1043 2410 1202 2470 plötzlichen
1231 2411 1303 2471 Tode
1333 2415 1506 2475 Schnitzlers
1536 2416 1584 2476 von
1613 2419 1714 2479 Berlin

1768 2432 1856 2492 Reihe
1895 2437 1950 2497 von
1993 2440 2054 2500 rein
2097 2445 2270 2505 familiären
2318 2452 2439 2512 Bestim¬

321 2447 397 2507 gang
431 2446 498 2506 nach
527 2449 622 2509 Hause
652 2450 728 2510 kam,
758 2451 834 2511 einem
877 2454 982 2514 Schlag

1048 2457 1187 2517 abgereist
1220 2461 1276 2521 und
1314 2461 1392 2521 trifft
1426 2464 1509 2524 heute
1542 2467 1645 2527 mittag
1682 2467 1710 2527 in

1762 2482 1886 2542 mungen
1928 2487 1992 2547 auch
2025 2493 2246 2553 Verfügungen
2283 2499 2352 2559 über
2390 2503 2435 2563 den

314 2493 415 2553 anfall
440 2494 464 2554 in
499 2496 590 2556 seiner
625 2497 780 2557 Wohnung
815 2500 839 2560 im
883 2503 999 2563 Wiener

1048 2506 1124 2566 Wien
1153 2509 1215 2569 ein,
1235 2509 1268 2569 um
1312 2512 1354 2572 sich
1384 2512 1474 2572 sofort
1499 2512 1532 2572 an
1566 2514 1609 2574 die
1633 2515 1719 2575 Sich¬

1766 2532 1959 2592 literarischen
1990 2538 2113 2598 Nachlaß
2144 2544 2193 2604 des
2218 2547 2371 2607 Dichters.

314 2541 442 2601 Cottage
468 2543 502 2603 am
542 2546 843 2606 Türkenschanzpark.

1044 2556 1113 2616 tung
1154 2558 1199 2618 des
1235 2559 1401 2619 Nachlasses
1437 2561 1466 2621 zu
1507 2562 1633 2622 machen.
1668 2565 1708 2625 In

1756 2681 1878 2741 rüstung
1911 2683 1934 2743 in
1972 2685 2019 2745 den
2053 2690 2175 2750 Mienen
2213 2693 2265 2753 wie
2293 2696 2316 2756 im
2364 2698 2439 2758 Ton.

343 2701 782 2761 Vernunft,
829 2707 1087 2767 Musik
1157 2712 1302 2772 und
1371 2714 1584 2774 Witz

1758 2724 1851 2784 „Was
1873 2727 1953 2787 einem
1989 2729 2060 2789 alles
2087 2734 2224 2794 passieren
2256 2738 2344 2798 kann!
2371 2740 2433 2800 Un¬

1756 2765 1920 2825 glaublich!
1972 2771 2024 2831 70.
2057 2776 2278 2836 Geburtstag!“
2340 2783 2424 2843 Dann

356 2774 430 2834 Man
459 2780 562 2840 spricht
586 2780 637 2840 von
665 2783 745 2843 einer
769 2786 905 2846 „Wiener
929 2788 994 2848 lite¬

1041 2789 1124 2849 liebte
1159 2792 1191 2852 er
1224 2795 1299 2855 nicht
1333 2795 1384 2855 das
1423 2798 1625 2858 Stillestehen,
1654 2798 1710 2858 das

1757 2808 1845 2868 lachte
1886 2813 1912 2873 er
1952 2816 2036 2876 gleich
2080 2820 2200 2880 nachher
2245 2822 2297 2882 mit
2338 2825 2426 2885 voller

313 2819 451 2879 rarischen
492 2825 639 2885 Schule“,
667 2825 712 2885 die
750 2828 777 2888 zu
819 2830 901 2890 Ende
938 2831 984 2891 des

1042 2834 1187 2894 Genießen
1214 2837 1240 2897 im
1277 2837 1396 2897 Ruhen,
1414 2837 1440 2897 er
1463 2840 1538 2900 blieb
1565 2843 1666 2903 immer
1685 2844 1706 2904 in

1760 2855 1961 2915 Herzlichkeit.
2004 2858 2095 2918 Nun,
2118 2862 2209 2922 dieser
2242 2867 2430 2927 Geburtstag

309 2864 428 2924 vorigen
470 2867 700 2927 Jahrhunderts
742 2873 898 2933 „blühte",
927 2876 981 2936 und

1038 2880 1223 2940 Bewegung.
1250 2879 1390 2939 Arbeiten
1431 2882 1483 2942 und
1523 2885 1704 2945 Spazieren¬

1754 2898 1833 2958 zählt
1857 2900 1884 2960 zu
1913 2900 1960 2960 den
1993 2903 2119 2963 wenigen
2148 2909 2284 2969 Dingen,
2298 2912 2345 2972 die
2369 2914 2410 2974 ihm

306 2907 439 2967 versteht
458 2909 489 2969 sie
513 2911 558 2971 als
581 2912 659 2972 einen
687 2915 778 2975 Zweig
807 2916 852 2976 der
876 2920 981 2980 großen

1030 2921 1116 2981 gehen
1164 2924 1280 2984 nannte
1323 2924 1353 2984 er
1388 2924 1439 2984 das
1483 2927 1564 2987 Beste
1608 2926 1698 2986 seines

1754 2940 1829 3000 nicht
1849 2944 1968 3004 passiert
1989 2944 2063 3004 sind.

307 2953 556 3013 naturalistischen
595 2956 764 3016 Bewegung
797 2959 882 3019 jener
911 2963 986 3023 Zeit.

1038 2962 1161 3022 Lebens.
1179 2964 1254 3024 Sehr
1277 2968 1351 3028 viele
1374 2968 1462 3028 seiner
1490 2968 1622 3028 Arbeiten
1649 2970 1701 3030 sind

306 2993 377 3053 Man
418 2998 516 3058 nennt
543 2998 596 3058 das
633 3001 771 3061 historisch
807 3004 981 3064 gewordene

1035 3007 1056 3067 im
1092 3004 1185 3064 Gehen
1212 3007 1233 3067 in
1261 3007 1309 3067 der
1332 3010 1500 3070 Landschaft
1523 3013 1708 3073 entstanden.

307 3039 411 3099 Kaffee
435 3042 638 3102 Griensteidl,
658 3046 710 3106 das
743 3046 833 3106 Lokal
857 3049 905 3109 der
929 3049 990 3109 Zu¬

1066 3048 1161 3108 Seine
1197 3051 1288 3111 tiefste
1325 3053 1512 3113 Eigenschaft
1549 3055 1612 3115 war
1654 3058 1699 3118 der

311 3085 555 3145 sammenkünfte,
582 3088 622 3148 wo
658 3088 706 3148 der
733 3090 822 3150 Kreis
858 3092 897 3152 sich
933 3094 968 3154 um

1025 3091 1154 3151 Humor.
1176 3094 1318 3154 Niemand
1344 3096 1447 3156 konnte
1470 3097 1491 3157 so
1517 3100 1629 3160 lachen,
1651 3100 1702 3160 mit

1964 3097 2205 3157 „Flücket

304 3126 478 3186 Schnitzler,
519 3129 782 3189 Beer=Hofmann,
823 3135 974 3195 Hermann

1027 3135 1161 3195 niemand
1196 3137 1301 3197 konnte
1331 3139 1393 3199 man
1427 3141 1456 3201 so
1486 3141 1596 3201 lachen.
1645 3142 1697 3202 Ein

299 3168 398 3228 Bahr,
414 3174 660 3234 Hofmannsthal
681 3175 785 3235 schloß.

1773 3192 1816 3252 in
1879 3194 1957 3254 die
2002 3201 2310 3261 Finsternis

342 3216 571 3276 Oberflächliche
595 3219 880 3279 Schematisierung.
914 3224 983 3284 Hof¬

304 3258 485 3318 mannsthal
517 3261 547 3321 ist
574 3261 600 3321 so
636 3261 693 3321 viel
721 3264 897 3324 Naturalist
924 3267 977 3327 wie

1952 3285 2222 3345 Schnitzlers

304 3300 481 3360 Hölderlin,
503 3303 738 3363 Beer=Hofmann
774 3307 809 3367 ist
836 3309 875 3369 ein
911 3309 982 3369 reli¬

1849 3324 2004 3384 letztes
2036 3329 2292 3389 Prosawerk

296 3345 361 3405 giös
394 3344 582 3404 Gläubiger,
602 3345 658 3405 und
682 3350 842 3410 Schnitzler
866 3350 898 3410 ist
922 3352 978 3412 aus

1780 3383 1821 3443 In
1859 3384 1948 3444 seinen
1986 3389 2193 3449 Erzählungen
2236 3393 2268 3453 ist
2297 3395 2344 3455 die
2377 3399 2419 3459 ge¬

297 3383 345 3443 dem
390 3386 524 3446 Umkreis
556 3389 604 3449 der
631 3389 729 3449 Natur
756 3393 783 3453 in
814 3395 868 3455 das
895 3395 975 3455 Reich

296 3427 344 3487 des
377 3431 527 3491 Traumes
557 3434 800 3494 vorgedrungen.

1746 3431 1913 3491 stalterische
1941 3433 2031 3493 Kraft
2059 3439 2231 3499 Schnitzlers
2263 3442 2285 3502 in
2322 3446 2408 3506 seinen

332 3472 428 3532 Seine
451 3476 629 3536 dichterische
654 3476 731 3536 Welt
759 3479 827 3539 liegt
855 3481 905 3541 auf
928 3482 974 3542 der

1737 3477 1832 3537 letzten
1871 3482 2092 3542 Lebensjahren
2136 3488 2205 3548 weit
2249 3491 2322 3551 über
2370 3494 2417 3554 die

298 3515 414 3575 Grenze
471 3518 527 3578 von
583 3520 859 3580 Tag=Wirklichkeit
916 3525 972 3585 und

1732 3528 1940 3588 dramatischen
1983 3529 2083 3589 Werke
2123 3537 2421 3597 hinausgewachsen,

299 3559 639 3619 Traum=Wirklichkeit.
704 3564 799 3624 Ueber
836 3565 881 3625 die
917 3568 976 3628 Be¬

1737 3574 1781 3634 die
1804 3577 1897 3637 seinen
1928 3579 2012 3639 Ruhm
2053 3583 2257 3643 ursprünglich
2285 3588 2396 3648 begrün

298 3601 479 3661 ziehungen,
498 3602 540 3662 die
564 3604 591 3664 da
624 3607 666 3667 hin
699 3607 750 3667 und
778 3607 829 3667 her
853 3611 979 3671 spielen,

1732 3622 1835 3682 deten.
1858 3625 1943 3685 Diese
1966 3628 2068 3688 epische
2091 3631 2338 3691 Geschlossenheit
2361 3637 2414 3697 und

296 3644 360 3704 gibt
386 3644 441 3704 sein
472 3646 557 3706 Werk
588 3646 627 3706 die
658 3649 764 3709 tiefsten
799 3652 975 3712 Phantasie¬

1731 3672 1839 3732 immer
1870 3673 2038 3733 erweiterte
2069 3679 2289 3739 Verfeinerung
2328 3682 2410 3742 einer

293 3685 514 3745 Erkenntnisse.
559 3688 603 3748 Es
633 3688 672 3748 ist
698 3691 741 3751 die
771 3694 884 3754 genaue
909 3694 973 3754 Pa¬

1739 3723 1814 3783 ganz
1845 3721 2058 3781 individuellen
2099 3726 2220 3786 Technik
2262 3729 2408 3789 steigerten

292 3727 396 3787 rallele
428 3729 473 3789 der
505 3732 849 3792 Vernunft=Erkenntnis
882 3737 972 3797 Sieg¬

1737 3773 1783 3833 sich
1810 3771 1871 3831 noch
1898 3771 1923 3831 in
1950 3774 2043 3834 seinem
2080 3775 2167 3835 letzten
2199 3778 2333 3838 Roman.

293 3770 385 3830 mund
414 3774 596 3834 Freuds.
630 3774 685 3834 Die
710 3776 807 3836 beiden
841 3780 971 3840 Männer

293 3813 390 3873 hatten
424 3815 446 3875 im
489 3816 680 3876 persönlichen
713 3819 890 3879 Verhältnis
923 3823 969 3883 zu¬

1776 3825 1937 3885 „Flucht
1966 3825 2004 3885 in
2045 3826 2111 3886 die
2139 3833 2391 3893 Finsternis

293 3855 438 3915 einander
462 3858 512 3918 das
546 3861 658 3921 Gefühl
682 3861 761 3921 eines
790 3864 972 3924 geheimnis¬

1738 3873 1905 3933 (erschienen
1940 3875 1964 3935 im
2009 3874 2047 3934 S.
2073 3877 2332 3937 Fischer=Verlag)
2363 3884 2411 3944 hat

293 3899 383 3959 vollen
420 3903 737 3963 Doppelgängertums
775 3906 797 3966 in
838 3907 969 3967 verschie¬

1737 3922 1785 3982 als
1821 3923 1887 3983 eine
1923 3923 2117 3983 medizinische
2158 3924 2268 3984 Studie
2304 3929 2415 3989 wieder

285 3941 375 4001 denen
408 3947 689 4007 Lebensbereichen.

1730 3971 1983 4031 Zusammenhang
2015 3972 2067 4032 mit
2086 3971 2130 4031 den
2157 3974 2245 4034 ersten
2273 3977 2406 4037 Motiven

335 3990 507 4050 Schnitzlers
535 3995 722 4055 dichterisches
750 3995 951 4055 Kernproblem

1732 4019 1789 4079 und
1847 4022 2055 4082 Erfahrungen
2118 4022 2171 4082 von
2233 4025 2406 4085 Schnitzlers

295 4030 331 4090 ist
350 4029 358 4089 —
409 4034 481 4094 nicht
504 4035 585 4095 Liebe
609 4036 663 4096 und
686 4037 763 4097 Tod,
781 4038 831 4098 das
859 4037 890 4097 ist
913 4038 967 4098 nur

1732 4067 1869 4127 Jugend,
1894 4070 1942 4130 der
1971 4070 2043 4130 Arzt
2073 4070 2133 4130 war
2162 4070 2218 4130 und
2251 4073 2279 4133 es
2308 4072 2412 4132 inner¬

292 4076 482 4136 Oberfläche,
497 4079 642 4139 sondern:
661 4080 792 4140 Freiheit
815 4081 869 4141 und
897 4079 969 4139 Ver¬

1733 4114 1782 4174 lich
1806 4117 1952 4177 geblieben
1980 4117 2030 4177 ist.
2058 4117 2098 4177 So
2126 4117 2158 4177 ist
2182 4119 2240 4179 hier
2268 4120 2328 4180 noch
2355 4120 2414 4180 ein¬

287 4119 505 4179 antwortung.
525 4123 626 4183 Darum
663 4123 756 4183 kreiste
781 4123 833 4183 sein
862 4122 962 4182 ganzes

291 4162 403 4222 Denken
441 4165 499 4225 und
533 4165 766 4225 Phantasieren.
787 4166 845 4226 Die
879 4165 970 4225 unge¬

1736 4162 1801 4222 mal
1819 4162 1861 4222 die
1879 4165 1969 4225 ganze
1991 4164 2069 4224 Welt
2087 4167 2333 4227 Schnitzlerischer
2355 4165 2415 4225 Ge¬

2699 3387 2860 3447 Arthur
2893 3390 3135 3450 Schnitzler
3168 3395 3307 3455 (letzte
