3392 4352
1409 422 1536 482 box
1612 422 1851 482 43/21

130 434 248 494 12.
299 432 898 492 Schnitzler's
959 428 1187 488 Death

662 876 1291 936 DOBSERVE

1363 882 1476 942 Ra

751 924 773 984 I.
790 926 912 986 österr.
925 930 1073 990 behördl.
1086 942 1385 1002 vonzessioniertes

701 964 942 1024 Unternehmen
970 971 1019 1031 für
1042 983 1424 1043 Zenung-Ausschnitte

743 1025 897 1085 WIEN,
926 1034 974 1094 I.,
996 1040 1283 1100 WOLLZEILE
1334 1046 1375 1106 11

847 1083 1063 1143 TELEPHON
1102 1091 1275 1151 R-23-0-43

638 1213 861 1273 Ausschnitt
890 1223 978 1283 aus:

909 1324 1042 1384 Extract
1059 1324 1126 1384 from

886 1456 937 1516 De
973 1457 1163 1517 Telegraat

900 1512 1121 1572 Amsterdam

775 1634 877 1694 Date

981 1637 1068 1697 2.8.
1088 1637 1184 1697 MI.
1204 1641 1317 1701 1.

1685 1771 1871 1831 KUNST
1910 1771 1961 1831 EN
2015 1770 2343 1830 LETTEREN.

599 1951 1297 2011 SCANITZLER
1438 1952 1533 2012 EN
1674 1950 1888 2010 ZIJN
2040 1950 2328 2010 TIJS.

1490 2112 1671 2172 minnelijke
1698 2112 1790 2172 jonge
1812 2109 1997 2169 officieren,
2016 2109 2064 2169 die
2087 2110 2135 2170 hij
2153 2109 2206 2169 zoo
2228 2109 2347 2169 menig¬

601 2138 726 2198 OUD
786 2136 1079 2196 WEENEN
1148 2136 1430 2196 KEERDE

1491 2153 1574 2213 maal
1612 2152 1645 2212 om
1687 2150 1745 2210 zich
1774 2149 1849 2209 heen
1878 2147 1953 2207 zag,
1970 2147 2057 2207 heeft
2078 2147 2124 2207 hij
2145 2147 2215 2207 vaak
2245 2147 2349 2207 uitge-

1489 2191 1592 2251 beeld.
1609 2190 1656 2250 Zij
1674 2189 1725 2249 zijn
1751 2189 1820 2249 niet
1838 2189 1867 2249 de
1894 2188 2001 2248 eenige
2023 2186 2074 2246 van
2101 2188 2156 2248 zijn
2182 2186 2354 2246 gestalten,

892 2225 1161 2285 TERUG.

1491 2233 1536 2293 die
1562 2229 1748 2289 uitstierven
1778 2228 1802 2288 in
1832 2228 1886 2288 een
1915 2226 2048 2286 anderen
2082 2226 2152 2286 tijd.
2174 2225 2227 2285 Hij
2249 2225 2348 2285 kende

1488 2270 1544 2330 ook
1579 2270 1631 2330 den
1662 2267 1806 2327 flaneur,
1829 2267 1882 2327 den
1916 2264 2053 2324 causeur
2084 2264 2114 2324 en
2148 2264 2356 2324 raisonneur,

1489 2309 1545 2369 den
1573 2308 1686 2368 jongen
1719 2308 1788 2368 man
1820 2306 1877 2366 van
1909 2306 2002 2366 goede
2035 2306 2173 2366 familie,
2193 2304 2237 2364 die
2266 2303 2350 2363 niets

1491 2349 1518 2409 te
1547 2347 1619 2407 doen
1653 2347 1709 2407 had
1742 2347 1794 2407 dan
1827 2347 1883 2407 zijn
1916 2344 2041 2404 passies
2071 2344 2094 2404 te
2127 2344 2269 2404 beleven,
2293 2343 2345 2403 don

598 2350 754 2410 Vriend
786 2347 855 2407 der
880 2348 1068 2408 muziek.

1492 2386 1625 2446 ouderen
1661 2385 1986 2445 levenskunstenaar,
2010 2383 2041 2443 de
2073 2383 2351 2443 hartstochtelijke

1488 2425 1613 2485 vrouw,
1661 2424 1692 2484 en
1727 2423 1868 2483 bovenal
1892 2424 1947 2484 het
1971 2422 2206 2482 zoogenaamde
2238 2422 2351 2482 „Süsse

806 2452 867 2512 Hij
890 2452 1036 2512 beeldde
1059 2452 1159 2512 typen
1193 2452 1261 2512 uit,
1278 2450 1334 2510 die
1357 2449 1457 2509 reeds

1497 2464 1630 2524 Mädel",
1648 2464 1697 2524 dat
1718 2464 1781 2524 ooit
1802 2464 1886 2524 moet
1907 2461 2024 2521 hebben
2049 2461 2195 2521 bestaan.

770 2504 851 2564 lang
878 2503 938 2563 zijn
970 2500 1194 2560 uitgestorven
1241 2500 1276 2560 of
1308 2500 1461 2560 heenge¬

1528 2504 1588 2564 Hij
1610 2503 1700 2563 heeft
1726 2503 1777 2563 ook
1813 2503 1972 2563 trotsche,
1994 2500 2075 2560 rijpe
2101 2500 2269 2560 menschen
2304 2497 2355 2557 ge¬

1493 2542 1670 2602 schilderd,
1711 2541 1816 2601 zooals
1849 2540 2011 2600 professor
2044 2538 2222 2598 Bernhardi
2247 2538 2279 2598 en
2311 2538 2359 2598 hij

766 2551 873 2611 gaan,
901 2550 998 2610 typen
1042 2550 1095 2610 uit
1118 2550 1176 2610 het
1198 2547 1285 2607 oude
1312 2547 1457 2607 Oosten¬

1497 2583 1580 2643 heeft
1605 2581 1630 2641 in
1660 2580 1688 2640 de
1714 2580 1855 2640 tragedie
1886 2580 1935 2640 van
1965 2580 2019 2640 den
2048 2580 2157 2640 jongen
2186 2577 2353 2637 Medardus

766 2599 857 2659 rijk.

1491 2622 1547 2682 zijn
1576 2621 1721 2681 geheelen
1750 2620 1802 2680 tijd
1827 2619 1879 2679 een
1904 2619 1981 2679 ceuw
2014 2619 2163 2679 vroeger,
2180 2617 2224 2677 als
2249 2616 2268 2676 in
2297 2616 2349 2676 een

1493 2660 1618 2720 spiegel
1638 2659 1844 2719 weerkaatst.
1861 2658 1949 2718 Maar
1970 2658 2018 2718 hij
2035 2658 2058 2718 is
2083 2657 2168 2717 altijd
2197 2655 2273 2715 weer
2294 2655 2350 2715 van

637 2682 823 2742 WEENEN,
837 2682 907 2742 Oct.
921 2681 934 2741 —
974 2681 1036 2741 Zijn
1059 2682 1311 2742 landgenooten,
1326 2682 1356 2742 de
1379 2681 1445 2741 men

1497 2697 1530 2757 de
1555 2700 1680 2760 helden,
1697 2698 1743 2758 die
1769 2699 1814 2759 hij
1831 2697 1893 2757 met
1915 2697 2023 2757 eenige
2048 2697 2144 2757 ironie
2170 2694 2365 2754 uitbeeldde,

594 2725 714 2785 schen,
735 2724 783 2784 die
812 2722 900 2782 reeds
929 2721 1025 2781 onder
1058 2721 1090 2781 de
1118 2721 1279 2781 suggestie
1312 2718 1364 2778 van
1401 2721 1457 2781 zijn

1497 2739 1573 2799 naar
1622 2738 1654 2798 de
1683 2736 1845 2796 omgeving
1877 2736 2108 2796 teruggekeerd
2137 2735 2181 2795 die
2210 2735 2262 2795 hem
2307 2735 2359 2795 het

600 2763 678 2823 naam
722 2762 929 2822 opgroeiden,
953 2759 1074 2819 kunnen
1106 2759 1161 2819 het
1185 2759 1247 2819 zich
1283 2759 1345 2819 niet
1373 2759 1463 2819 voor¬

1498 2777 1598 2837 meest
1648 2777 1736 2837 nabij
1761 2777 1846 2837 was:
1870 2776 1951 2836 naar
1980 2774 2012 2834 de
2041 2774 2186 2834 literaten
2219 2774 2263 2834 die
2296 2774 2352 2834 hun

600 2803 710 2863 stellen
759 2801 811 2861 dat
838 2801 895 2861 hun
926 2800 1045 2860 dichter
1072 2798 1133 2858 niet
1160 2798 1239 2858 meer
1266 2798 1310 2858 is;
1337 2799 1394 2859 hij,
1417 2797 1460 2857 die

1497 2817 1579 2877 leven
1607 2816 1674 2876 met
1694 2816 1823 2876 allerlei
1843 2813 1945 2873 frasen
1977 2814 2201 2874 vervalschen,
2221 2813 2295 2873 naar
2323 2813 2354 2873 de

599 2843 651 2903 een
683 2840 832 2900 kenmerk
861 2840 917 2900 van
946 2840 978 2900 de
1006 2839 1070 2899 stad
1103 2837 1232 2897 Weenen
1265 2837 1292 2897 en
1325 2837 1381 2897 van
1410 2837 1462 2897 het

1497 2855 1673 2915 resolutere
1705 2855 1849 2915 vrouwen
1885 2855 1927 2915 die
1959 2854 2131 2914 tegenover
2159 2852 2213 2912 hen
2245 2852 2272 2912 in
2304 2852 2358 2912 het

598 2882 676 2942 oude
712 2880 888 2940 Oostenrijk
924 2879 1057 2939 scheen,
1081 2879 1116 2939 en
1152 2877 1214 2937 niet
1246 2876 1297 2936 een
1333 2876 1458 2936 mensch

1501 2894 1587 2954 recht
1610 2894 1727 2954 waren,
1743 2894 1774 2954 en
1802 2894 1879 2954 naar
1899 2894 1930 2954 de
1954 2893 2071 2953 musici
2087 2891 2118 2951 en
2146 2892 2360 2952 muzikanten.

601 2918 649 2978 die
677 2921 729 2981 het
754 2921 842 2981 recht
867 2919 923 2979 had
952 2918 1008 2978 oud
1037 2917 1064 2977 te
1093 2917 1234 2977 worden.
1255 2915 1294 2975 Al
1319 2915 1371 2975 wil
1392 2918 1456 2978 men

1531 2932 1709 2992 Schnitzler
1734 2932 1782 2992 zou
1811 2933 1883 2993 geen
1912 2932 2042 2992 Weener
2063 2930 2200 2990 geweest
2221 2932 2298 2992 zijn,
2314 2929 2358 2989 in¬

604 2959 652 3019 het
680 2959 745 3019 zich
778 2959 830 3019 ook
867 2957 931 3017 niet
960 2956 1117 3016 bekennen
1154 2956 1182 3016 en
1219 2956 1312 3016 liefde
1345 2956 1461 3016 gaarne

1497 2974 1563 3034 dien
1593 2974 1626 3034 de
1656 2972 1772 3032 muziek
1802 2972 1826 3032 in
1856 2971 1914 3031 zijn
1948 2971 2056 3031 wereld
2086 2971 2144 3031 had
2170 2971 2365 3031 ontbroken.

599 3001 663 3061 met
684 2998 781 3058 ironie
806 2998 996 3058 bestrijden,
1013 2996 1078 3056 men
1103 2995 1191 3055 heeft
1212 2994 1277 3054 hier
1301 2993 1350 3053 een
1379 2995 1459 3055 sterk

1497 3014 1573 3074 Laat
1622 3011 1679 3071 ons
1712 3012 1829 3072 denken
1862 3010 1918 3070 aan
1952 3010 2004 3070 den
2041 3010 2179 3070 musicus
2211 3010 2365 3070 Weiring,

596 3037 1016 3097 saamhoorigheidsgevoel
1072 3037 1134 3097 met
1166 3034 1221 3094 zijn
1261 3034 1465 3094 representa¬

1492 3052 1648 3112 orkestlid
1684 3051 1739 3111 van
1778 3049 1829 3109 een
1864 3052 2162 3112 voorstadstheater
2194 3049 2225 3109 en
2264 3049 2358 3109 vader

604 3077 684 3137 tieve
733 3076 886 3136 dichters.
910 3076 950 3136 En
979 3076 1047 3136 toen
1080 3073 1269 3133 Altenberg,
1290 3073 1354 3133 toen
1391 3072 1467 3132 Hof-

1500 3091 1554 3151 van
1579 3091 1633 3151 het
1654 3089 1817 3149 geofferde
1842 3091 1950 3151 meisje
1972 3091 1996 3151 in
2026 3088 2217 3148 „Liebelei",
2231 3088 2280 3148 een
2310 3087 2359 3147 ge¬

598 3118 788 3178 manusthal
812 3115 969 3175 stierven,
993 3115 1057 3175 was
1089 3115 1120 3175 de
1152 3112 1337 3172 algemeene
1369 3112 1460 3172 schok

1502 3129 1610 3189 stalte,
1659 3129 1703 3189 die
1756 3128 1812 3188 nog
1849 3128 1893 3188 uit
1921 3127 1954 3187 de
1982 3128 2079 3188 dagen
2116 3126 2168 3186 van
2200 3126 2357 3186 Schubert

603 3156 751 3216 duidelijk
776 3155 804 3215 te
829 3153 1010 3213 bemerken.
1026 3153 1103 3213 Doch
1131 3152 1191 3212 niet
1212 3150 1264 3210 zoo
1285 3150 1458 3210 smartelijk

1499 3170 1620 3230 schijnt
1644 3169 1671 3229 te
1695 3168 1866 3228 stammen.
1886 3168 1965 3228 Laat
1989 3167 2043 3227 ons
2067 3165 2184 3225 denken
2215 3165 2266 3225 aan
2298 3167 2352 3227 zijn

598 3195 645 3255 als
685 3195 798 3255 thans,
815 3195 857 3255 bij
877 3193 932 3253 den
960 3192 1007 3252 zoo
1035 3189 1279 3249 onverwachten
1307 3189 1381 3249 dood
1409 3189 1464 3249 van

1505 3207 1701 3267 Wergenthin
1728 3207 1753 3267 in
1779 3207 1830 3267 den
1856 3207 1958 3267 roman
1984 3206 2061 3266 „Der
2087 3204 2151 3264 Weg
2177 3204 2219 3264 ins
2241 3204 2365 3264 Freie”,

598 3234 720 3294 Arthur
775 3232 971 3292 Schnitzler,
999 3231 1093 3291 wiens
1125 3231 1324 3291 aanstaande
1356 3228 1470 3288 zeven¬

1500 3249 1554 3309 den
1583 3248 1696 3308 jongen
1730 3246 1868 3306 musicus
1897 3246 1951 3306 van
1985 3246 2039 3306 het
2065 3243 2131 3303 type
2161 3243 2215 3303 dat
2236 3243 2282 3303 hij
2307 3243 2357 3303 zoo

604 3276 700 3336 tigste
745 3273 930 3333 verjaardag
963 3270 1100 3330 waarlijk
1132 3270 1196 3330 niet
1217 3270 1293 3330 door
1322 3270 1354 3330 de
1379 3270 1447 3330 thea

1500 3286 1572 3346 vaak
1605 3287 1795 3347 ontmoette,
1816 3285 1982 3345 aarzelend
2010 3284 2160 3344 tusschen
2189 3284 2245 3344 zijn
2278 3284 2330 3344 com

600 3313 665 3373 ters
688 3312 788 3372 alleen
819 3312 869 3372 zou
900 3311 1022 3371 gevierd
1050 3309 1192 3369 worden.

1504 3324 1798 3384 ponisten-roeping
1826 3323 1857 3383 en
1885 3323 1916 3383 de
1944 3322 2309 3382 dirigentenwenschen.

637 3352 701 3412 Het
742 3350 855 3410 groote
884 3350 1124 3410 theatereffect,
1145 3347 1197 3407 dat
1226 3347 1287 3407 was
1316 3347 1384 3407 het,
1409 3347 1465 3407 wat

1539 3363 1599 3423 Ook
1636 3362 1716 3422 waar
1745 3362 1793 3422 hij
1814 3362 1882 3422 niet
1907 3360 2125 3420 rechtstreeks
2154 3359 2207 3419 van
2240 3359 2360 3419 muziek

600 3390 781 3450 Schnitzler
809 3389 880 3449 voor
904 3389 963 3449 had
991 3389 1022 3449 op
1050 3388 1101 3448 zoo
1129 3387 1231 3447 menig
1259 3386 1357 3446 ander
1385 3386 1472 3446 dich¬

1502 3404 1535 3464 en
1564 3402 1764 3462 muzikanten
1798 3402 1943 3462 spreekt,
1964 3401 2068 3461 klinkt
2094 3398 2210 3458 muziek
2244 3398 2268 3458 in
2298 3401 2356 3461 zijn

598 3429 665 3489 ter.
685 3428 772 3488 Maar
796 3428 839 3488 hij
864 3428 922 3488 was
950 3428 1021 3488 voor
1046 3428 1101 3488 ons
1129 3426 1191 3486 niet
1216 3425 1314 3485 alleen
1347 3425 1378 3485 de
1402 3425 1453 3485 dra

1499 3442 1641 3502 woorden
1669 3440 1696 3500 en
1724 3440 1853 3500 verzen.
1870 3440 1924 3500 Hij
1945 3440 2003 3500 was
2027 3439 2086 3499 zelf
2106 3437 2157 3497 een
2181 3437 2366 3497 hartstoch¬

604 3470 757 3530 maticus,
794 3468 842 3528 die
871 3467 980 3527 overal
1001 3468 1058 3528 zijn
1091 3467 1212 3527 publiek
1245 3465 1321 3525 vond
1351 3464 1382 3524 en
1411 3464 1467 3524 ook

1502 3485 1585 3545 telijk
1614 3479 1936 3539 muziekliefhebber,
1953 3478 2006 3538 zijn
2036 3477 2132 3537 vrouw
2166 3476 2228 3536 was
2253 3478 2365 3538 zange-

607 3510 671 3570 niet
694 3509 789 3569 enkel
809 3509 842 3569 de
865 3506 1078 3566 meesterlijke
1105 3505 1253 3565 verteller
1280 3506 1375 3566 wiens
1402 3502 1474 3562 boe¬

1502 3521 1566 3581 res,
1578 3520 1634 3580 zijn
1663 3520 1752 3580 zoon,
1769 3519 1813 3579 die
1838 3519 1931 3579 thans
1951 3518 2186 3578 tooneelspeler
2206 3517 2238 3577 en
2263 3518 2363 3578 regis¬

602 3547 657 3607 ken
693 3547 756 3607 zich
788 3547 843 3607 ver
875 3545 977 3605 buiten
1009 3546 1065 3606 het
1093 3544 1199 3604 gebied
1231 3544 1286 3604 der
1318 3544 1472 3604 Duitsche

1500 3560 1574 3620 seur
1600 3560 1641 3620 is,
1658 3559 1745 3619 wilde
1771 3557 1858 3617 eerst
1879 3558 2020 3618 dirigent
2041 3556 2183 3616 worden.
2204 3553 2266 3613 Men
2296 3555 2366 3615 ont¬

608 3586 678 3646 taal
697 3586 937 3646 verspreidden.
957 3586 1133 3646 Schnitzler
1157 3583 1215 3643 was
1239 3583 1286 3643 een
1311 3583 1381 3643 stuk
1411 3586 1463 3646 van
1499 3598 1622 3658 moette
1653 3598 1706 3658 den
1736 3596 1859 3656 dichter
1883 3597 1959 3657 vaak
1989 3595 2024 3655 op
2055 3595 2237 3655 concerten,
2261 3595 2290 3655 en
2320 3596 2366 3656 hij

602 3626 664 3686 ons
688 3625 790 3685 leven,
806 3626 837 3686 de
861 3625 974 3685 laatste
994 3625 1057 3685 zuil
1077 3625 1127 3685 van
1151 3625 1205 3685 ons
1229 3623 1468 3683 Oostenrijksch

1506 3638 1568 3698 was
1606 3637 1659 3697 een
1701 3637 1900 3697 geestdriftig
1930 3637 2116 3697 aanhanger
2146 3634 2199 3694 van
2233 3634 2370 3694 Mahler,

616 3667 777 3727 verleden.
814 3665 879 3725 Met
916 3665 976 3725 hem
1018 3665 1042 3725 is
1067 3663 1120 3723 een
1151 3661 1300 3721 Weensch
1325 3662 1463 3722 tijdperk
1506 3675 1571 3735 toen
1596 3679 1667 3739 deze
1686 3679 1739 3739 nog
1764 3678 1817 3738 zijn
1842 3677 1932 3737 strijd
1951 3676 1998 3736 als
2017 3674 2281 3734 opera-directeur
2305 3673 2359 3733 had

608 3706 749 3766 voorbij,
770 3706 802 3766 of
826 3704 915 3764 beter
944 3705 1016 3765 nog,
1038 3704 1094 3764 het
1118 3706 1142 3766 is
1171 3703 1394 3763 geschiedenis
1422 3703 1458 3763 ge

1505 3718 1580 3778 door
1605 3718 1632 3778 te
1657 3718 1788 3778 maken.

611 3744 760 3804 worden.

1546 3757 1602 3817 Een
1643 3753 1872 3813 merkwaardig
1905 3751 2066 3811 fanaticus
2099 3751 2155 3811 van
2192 3750 2224 3810 de
2256 3749 2365 3809 piano¬

657 3781 712 3841 Wij
730 3783 850 3843 hebben
881 3781 945 3841 hier
972 3780 1044 3840 heel
1067 3780 1135 3840 veel
1157 3780 1199 3840 zin
1235 3780 1307 3840 voor
1333 3780 1475 3840 geschie¬

1509 3795 1738 3855 paedagogiek,
1759 3793 1786 3853 de
1811 3792 1879 3852 zeer
1904 3792 2056 3852 begaafde
2081 3792 2141 3852 Van
2166 3792 2262 3852 Jung,
2279 3789 2367 3849 heeft

608 3825 713 3885 denis,
758 3823 790 3883 en
823 3822 875 3882 wij
901 3822 1018 3882 hadden
1051 3822 1103 3882 het
1132 3819 1254 3879 onszelf
1283 3819 1372 3879 reeds
1401 3820 1469 3880 lang

1505 3834 1684 3894 Schnitzler
1709 3834 1797 3894 sterk
1826 3831 1988 3891 beinvloed
2018 3831 2089 3891 toen
2119 3829 2164 3889 hij
2185 3831 2243 3891 zijn
2273 3828 2364 3888 „Weg

609 3864 730 3924 moeten
758 3862 872 3922 zeggen
900 3861 954 3921 dat
974 3861 1041 3921 deze
1069 3861 1194 3921 perlode
1218 3859 1332 3919 geheel
1352 3859 1477 3919 voorbij

1509 3876 1553 3936 ins
1585 3873 1691 3933 Freie”
1724 3873 1869 3933 schreef;
1898 3870 1930 3930 en
1967 3870 2019 3930 ook
2056 3870 2089 3930 de
2118 3867 2364 3927 redevoeringen

615 3902 697 3962 was,
744 3902 799 3962 ook
838 3900 908 3960 voor
944 3900 1061 3960 Arthur
1093 3900 1288 3960 Schnitzler.
1312 3900 1401 3960 Maar
1433 3900 1468 3960 hi

1506 3913 1578 3973 over
1603 3912 1631 3972 de
1655 3912 1829 3972 bevrijding
1858 3912 1906 3972 der
1931 3909 2044 3969 Joden,
2065 3910 2105 3970 die
2130 3909 2194 3969 men
2219 3909 2243 3969 in
2272 3906 2360 3966 dezen

611 3941 791 4001 doorleefde
819 3938 897 3998 haar
917 3938 1022 3998 steeds
1047 3938 1207 3998 opnieuw,
1223 3938 1246 3998 in
1274 3938 1333 3998 zijn
1361 3938 1474 3998 laatste

1505 3953 1613 4013 roman
1638 3951 1739 4011 vindt,
1752 3950 1828 4010 gaan
1853 3950 1937 4010 terug
1962 3950 1994 4010 op
2019 3947 2172 4007 inzichten
2201 3947 2249 4007 van
2274 3947 2374 4007 Jung.

609 3980 731 4040 werken
763 3979 838 4039 deed
870 3977 909 4037 zij
933 3977 1023 4037 reeds
1051 3977 1260 4037 spookachtig
1288 3978 1366 4038 aan,
1390 3977 1477 4037 maar

1542 3994 1582 4054 Al
1618 3992 1691 4052 deze
1728 3989 1897 4049 menschen
1942 3989 1990 4049 uit
2027 3987 2059 4047 de
2100 3986 2261 4046 omgeving
2306 3983 2362 4043 van

611 4021 654 4081 zij
674 4019 745 4079 dééd
777 4019 832 4079 ons
860 4019 934 4079 iets.
955 4019 993 4079 En
1021 4019 1076 4079 het
1101 4017 1151 4077 zal
1171 4019 1207 4079 de
1235 4017 1305 4077 taak
1337 4016 1388 4076 van
1420 4016 1471 4076 een

1507 4032 1687 4092 Schnitzler
1710 4031 1762 4091 zijn
1790 4028 2027 4088 uitgestorven,
2041 4028 2301 4088 weggetrokken,
2315 4025 2363 4085 ten

608 4060 683 4120 goed
711 4055 904 4115 psycholoog
937 4056 1012 4116 zijn,
1033 4055 1065 4115 om
1109 4055 1140 4115 de
1166 4055 1269 4115 eerste
1298 4055 1472 4115 indrukker

1509 4072 1628 4132 gronde
1664 4070 1800 4130 gegaan.
1827 4067 1888 4127 Met
1920 4067 1972 4127 een
2008 4064 2242 4124 monomanisch
2278 4061 2370 4121 fana¬

611 4095 670 4155 van
702 4097 756 4157 den
784 4095 906 4155 dichter
934 4094 1110 4154 Schuitzler
1138 4094 1169 4154 en
1201 4094 1260 4154 hun
1288 4094 1473 4154 nawerking

1510 4112 1600 4172 tisme
1633 4110 1691 4170 riep
1724 4111 1773 4171 hij
1796 4106 1923 4166 telkens
1951 4106 1973 4166 in
2010 4103 2128 4163 nieuwe
2160 4100 2301 4160 werken,
2324 4100 2369 4160 die

612 4137 639 4197 te
669 4135 912 4195 onderzoeken.

655 4175 718 4235 Zijn
782 4173 963 4233 problemen
1023 4171 1241 4231 veranderden
1273 4171 1468 4231 nauwelijks

616 4213 736 4273 slechts
766 4213 824 4273 hun
854 4213 1016 4273 oplossing
1046 4213 1087 4273 is,
1109 4213 1133 4273 in
1163 4210 1329 4270 oneindige
1359 4211 1459 4271 menig

616 4255 816 4315 vuldigheid,
834 4254 934 4314 rijker
959 4250 1143 4310 geworden.
1165 4250 1235 4310 Wij,
1257 4252 1290 4312 de
1316 4249 1482 4309 bewonde¬
