3344 4352
225 300 266 360 2

1488 291 1615 351 box
1696 291 1879 351 43/5

381 302 964 362 Schnitzlers
1033 293 1265 353 Death

1565 593 1724 653 PAUL
1761 597 2036 657 ZSOLNAY
2081 602 2305 662 VERLAG
2400 607 2552 667 WIEN

528 643 745 703 Amerika
789 646 868 706 und
912 646 984 706 die
1020 649 1302 709 Abrüstung.

427 706 537 766 Bleibt
572 709 635 769 noch
677 711 740 771 eine
776 712 880 772 Frage
904 705 920 765 -

966 714 1073 774 unter
1102 713 1152 773 den
1193 714 1215 774 in
1250 715 1453 775 Washington

333 760 382 820 zur
421 756 612 816 Erörterung
651 759 864 819 gelangenden
898 757 909 817 —
964 759 1018 819 auf
1052 759 1100 819 die
1134 759 1309 819 detailliert
1342 762 1369 822 im
1419 761 1473 821 ge¬

338 857 530 917 Destereich
557 858 607 918 des
634 859 1033 919 Jahrhunderbeginnes.
1047 861 1111 921 Der
1138 861 1343 921 Semmering
1370 864 1458 924 grüßt

1515 868 1570 928 und
1599 873 1721 933 manche
1743 873 1810 933 noch
1838 875 1860 935 in
1894 876 1938 936 der
1961 879 2055 939 Mitte
2078 879 2127 939 des
2156 878 2266 938 Weges
2295 881 2383 941 dieses
2417 885 2628 945 underührbar

2692 881 2719 941 zu
2750 879 2915 939 schließen,
2936 883 3013 943 weil
3034 885 3072 945 am
3113 885 3199 945 Ende
3230 890 3306 950 doch

337 904 453 964 herein,
487 903 536 963 der
565 905 653 965 Platz
681 906 747 966 „Am
793 907 925 967 Peter“,
948 907 997 967 das
1032 908 1081 968 von
1115 909 1225 969 blauem
1270 909 1369 969 Rauch
1403 909 1458 969 und

1516 915 1611 975 reinen
1641 921 1805 981 Künstlers
1839 922 1913 982 nicht
1942 924 2021 984 sehen
2050 925 2191 985 wollten,
2215 927 2265 987 das
2300 928 2367 988 aber
2391 930 2458 990 jetzt
2482 933 2578 993 wohl,
2601 933 2623 993 in

2676 921 2724 981 ein
2764 924 2839 984 diest
2862 925 2915 985 von
2949 928 3090 988 Willkür
3123 932 3177 992 und
3205 935 3319 995 Verlog

334 948 514 1008 ebensolchen
555 951 770 1011 Gesprächen,
811 953 856 1013 die
890 953 941 1013 sich
981 953 1128 1013 geistreich
1163 956 1299 1016 wölken,
1345 954 1463 1014 erfüllte

1512 962 1568 1022 der
1614 964 1762 1024 Stunde,
1808 965 1842 1025 da
1899 968 1950 1028 die
2002 971 2126 1031 „letzten
2184 971 2320 1031 Masken

2680 966 2798 1026 Würde
2822 971 2872 1031 von
2902 973 3015 1033 Arthur
3038 977 3220 1037 Schnitzlers
3249 983 3322 1043 Lebe

2358 974 2489 1034 fallen,
2543 977 2627 1037 über

334 992 452 1052 Wiener
481 995 691 1055 Kaffeehaus.
731 998 799 1058 Und
834 999 947 1059 Brioni
971 1001 1010 1061 ist
1039 1001 1107 1061 noch
1136 1001 1203 1061 eine
1232 1001 1459 1061 österreichische

1518 1010 1596 1070 jeden
1636 1011 1765 1071 Zweifel
1801 1013 1924 1073 erhaben
1970 1016 2162 1076 hervortritt.
2213 1021 2399 1081 Schnitzlers
2439 1024 2625 1084 moralisches

2680 1016 2792 1076 Hälste
2811 1018 2940 1078 darauf,
2959 1022 3011 1082 daß
3042 1022 3082 1082 ihm
3124 1023 3136 1083 —
3190 1025 3242 1085 wie
3261 1027 3325 1087 Ibs

321 1043 437 1103 Insel,
471 1044 526 1104 auf
549 1043 605 1103 der
633 1043 677 1103 ein
711 1046 1045 1106 Ministerialbeamter
1085 1046 1145 1106 mit
1186 1047 1335 1107 eigenem,
1370 1046 1452 1106 wenn

1514 1055 1734 1115 Fundament,
1757 1058 1836 1118 seine
1882 1061 2006 1121 sittliche
2046 1064 2233 1124 Grundlage
2273 1065 2312 1125 ist
2358 1068 2396 1128 ein
2449 1070 2629 1130 unerhörter

2681 1063 2737 1123 das
2770 1064 2883 1124 Wahre
2915 1067 2990 1127 nicht
3016 1070 3104 1130 wahr
3130 1072 3224 1132 genug
3256 1075 3325 1135 war

326 1086 392 1146 auch
432 1088 509 1148 nicht
544 1091 655 1151 großem
706 1091 879 1151 Vermögen
929 1091 1024 1151 seinen
1075 1094 1225 1154 freigebig
1271 1095 1454 1155 bemessenen

1516 1103 1782 1163 Wahrheitsmut,
1800 1106 1840 1166 ein
1869 1109 2095 1169 unerbittlicher
2119 1112 2420 1172 Wahrheitsdrang.
2438 1118 2513 1178 Eine
2537 1118 2628 1178 seiner

330 1135 627 1195 Echolungsurlaub
663 1136 859 1196 keineswegs
895 1139 1067 1199 verbringt,
1092 1139 1162 1199 aber
1192 1139 1370 1199 abschließt.

2766 1136 2822 1196 Ein
2860 1140 3042 1200 Naturalist
3068 1142 3149 1202 also,
3175 1145 3250 1205 aber
3282 1147 3318 1207 ein

1512 1147 1889 1207 Lieblingswendungen,
1918 1155 2000 1215 wenn
2045 1156 2072 1216 es
2112 1159 2267 1219 Geistiges
2307 1159 2372 1219 oder
2406 1162 2622 1222 Menschliches

429 1180 635 1240 Dichterisch,
659 1183 727 1243 aber
757 1183 820 1243 auch
855 1184 1200 1244 naturwissenschaftlich
1230 1186 1373 1246 gesehen,
1397 1186 1436 1246 ein

2669 1183 2847 1243 Anfängen
2876 1186 2928 1246 her
2951 1186 3008 1246 mit
3032 1189 3279 1249 Hofmannsthal
3303 1194 3314 1254 b

1509 1197 1537 1257 zu
1567 1195 1718 1255 schlichten
1754 1198 1840 1258 galt,
1864 1199 1957 1259 war:
1987 1204 2086 1264 „Man
2128 1205 2197 1265 darf
2226 1205 2255 1265 es
2291 1207 2337 1267 sich
2378 1207 2460 1267 nicht
2490 1208 2512 1268 so
2548 1210 2628 1270 leicht

333 1225 638 1285 Betrachtungsart,
666 1228 715 1288 die
749 1228 842 1288 seinem
894 1231 1098 1291 dichterischen
1137 1231 1242 1291 Wesen
1287 1231 1364 1291 nahe
1398 1235 1464 1295 lag,

2679 1228 2795 1288 achter,
2812 1231 2884 1291 aber
2906 1231 2973 1291 auch
3001 1234 3039 1294 ein
3074 1234 3245 1294 Künstler;
3268 1237 3306 1297 ein

1509 1238 1657 1298 machen."
1687 1237 1735 1297 In
1771 1243 1860 1303 dieser
1890 1245 2033 1305 Strenge
2057 1251 2152 1311 gegen
2189 1252 2235 1312 sich
2266 1252 2372 1312 selbst,
2397 1255 2444 1315 die
2474 1255 2557 1315 einer
2587 1256 2628 1316 oft

334 1270 384 1330 hat
407 1273 595 1333 Schnitzlers
624 1273 714 1333 Werk
749 1275 794 1335 sich
823 1276 879 1336 aus
909 1276 959 1336 dem
999 1279 1249 1339 Anatol-Typus
1279 1279 1437 1339 entwickel

2675 1273 2754 1333 Maß
2800 1276 2845 1336 ein
2896 1276 3043 1336 Wiener,
3089 1279 3156 1339 war
3214 1285 3337 1345 Schnitz

1511 1285 1736 1345 weitgehenden
1771 1291 1932 1351 Nachsicht
1962 1294 2048 1354 gegen
2090 1297 2199 1357 andere
2229 1300 2401 1360 entsprach,
2432 1301 2546 1361 äußert
2576 1303 2622 1363 sich

2676 1321 2879 1381 einzigartige
2903 1324 3106 1384 Verbindung
3136 1327 3327 1387 gegensätzlic

330 1321 448 1381 Anatol
485 1321 538 1381 das
563 1323 603 1383 ist
622 1322 652 1382 er
676 1323 776 1383 selbst,
795 1326 848 1386 zur
873 1324 955 1384 Zeit,
974 1324 1021 1384 als
1046 1324 1075 1384 er
1099 1326 1128 1386 es
1159 1327 1224 1387 noch
1248 1327 1332 1387 nicht
1350 1327 1403 1387 für
1421 1328 1468 1388 die

1507 1333 1576 1393 jene
1606 1333 1727 1393 sittliche
1763 1336 1820 1396 und
1855 1339 2093 1399 versittlichende
2123 1343 2233 1403 Kraft,
2262 1344 2308 1404 die
2338 1346 2389 1406 den
2425 1347 2627 1407 Wahrheits¬

332 1365 464 1425 anderen
491 1367 570 1427 war,
586 1368 649 1428 was
676 1368 707 1428 am
745 1368 834 1428 Ende
856 1368 898 1428 die
920 1368 1062 1428 Aufgabe
1084 1370 1162 1430 jedes
1189 1371 1295 1431 großen
1327 1371 1459 1431 Schrift¬

2663 1364 2805 1424 anderer
2854 1366 2927 1426 dazu
2986 1371 3133 1431 berufen,
3181 1373 3323 1433 damals,

1515 1375 1633 1435 forscher
1661 1379 1709 1439 zum
1748 1381 1915 1441 Entdecker
1937 1385 1986 1445 des
2014 1386 2116 1446 weiten
2143 1389 2262 1449 Landes
2290 1392 2338 1452 der
2360 1392 2452 1452 Seele
2480 1393 2533 1453 und
2561 1396 2609 1456 zum

336 1410 453 1470 stellers
490 1413 607 1473 wird;
632 1413 802 1473 Schnitzler
827 1415 868 1475 ist
898 1416 1034 1476 Anatol,
1058 1416 1110 1476 wie
1141 1417 1193 1477 der
1224 1419 1312 1479 junge
1342 1418 1459 1478 Goethe

2675 1410 2763 1470 neuen
2803 1413 3063 1473 Jahrhunderts,
3092 1416 3141 1476 die
3175 1420 3319 1480 Verhunn

1512 1425 1662 1485 Gestalter
1690 1427 1738 1487 der
1765 1430 2051 1490 genußfreudigen,
2073 1433 2153 1493 wenn
2186 1437 2251 1497 auch
2278 1439 2418 1499 zuweilen
2451 1440 2504 1500 von
2537 1440 2618 1500 bösen

330 1458 475 1518 Werther
504 1458 568 1518 war
597 1457 615 1517 —
674 1457 725 1517 als
761 1461 842 1521 einen
883 1461 1011 1521 heiteren
1046 1464 1198 1524 Werther
1227 1464 1302 1524 hab'
1326 1464 1366 1524 ich
1402 1464 1448 1524 den

2679 1457 2792 1517 lismus
2819 1459 2873 1519 vom
2912 1461 3063 1521 deutschen
3091 1464 3242 1524 Theater,
3259 1467 3307 1527 von

1509 1470 1679 1530 Ahnungen
1715 1476 1939 1536 beunruhigten
1975 1479 2168 1539 Gesellschaft
2193 1482 2286 1542 seines
2316 1488 2486 1548 Zeitalters
2517 1489 2628 1549 macht.

2665 1501 2918 1561 österreichischem
2983 1506 3092 1566 Boden
3151 1511 3324 1571 abzuwehre

329 1503 451 1563 Anatol
474 1506 528 1566 vor
551 1506 673 1566 Jahren
707 1506 828 1566 einmal
851 1509 1001 1569 definiert
1024 1506 1084 1566 —,
1107 1510 1173 1570 oder
1202 1509 1257 1569 wie
1285 1510 1340 1570 der
1363 1512 1451 1572 junge

1507 1514 1581 1574 Wie
1605 1519 1725 1579 Anatol
1749 1522 1801 1582 zur
1825 1524 1939 1584 Hälfte
1963 1525 2003 1585 ein
2038 1527 2165 1587 Wiener
2189 1530 2454 1590 Hausherrnsohn
2490 1536 2541 1596 und
2576 1536 2622 1596 zur

2675 1547 2869 1607 Naturalist,
2891 1550 2961 1610 aber
2983 1548 2993 1608 —
3049 1550 3075 1610 im
3114 1555 3330 1615 Drewiertelt¬

333 1550 449 1610 Musset
477 1551 527 1611 der
555 1553 626 1613 beau
660 1553 821 1613 ténébreux
850 1555 932 1615 war,
955 1553 1010 1613 der
1038 1556 1116 1616 dann
1150 1556 1238 1616 durch
1277 1557 1326 1617 die
1366 1559 1460 1619 ganze

1513 1564 1616 1624 Hälfte
1645 1565 1685 1625 ein
1715 1568 1859 1628 Dichter,
1877 1570 1905 1630 so
1929 1571 1980 1631 hat
2004 1571 2073 1631 auch
2102 1574 2136 1634 an
2166 1576 2211 1636 dem
2252 1577 2379 1637 Dichter
2403 1577 2495 1637 selbst
2513 1580 2622 1640 wieder

2672 1594 2793 1654 Musik,
2817 1595 2887 1655 der,
2905 1597 3015 1657 immer
3039 1601 3236 1661 vorhanden,
3260 1607 3306 1667 sich

328 1597 623 1657 salonromantische
652 1600 873 1660 Chopin=Zeit
902 1601 1010 1661 spukt.
1034 1601 1130 1661 Diese
1164 1604 1266 1664 Figur
1301 1604 1357 1664 und
1392 1604 1459 1664 ihre

1513 1610 1558 1670 der
1594 1613 1911 1673 Wahrheitsforscher
1940 1618 2003 1678 und
2039 1618 2090 1678 der
2125 1622 2304 1682 Epikuräer
2333 1625 2465 1685 gleichen
2507 1628 2627 1688 Anteil.

2670 1637 2720 1697 So
2749 1640 2851 1700 wurde
2880 1641 2926 1701 er,
2949 1643 3033 1703 wenn
3069 1646 3147 1706 schon
3182 1649 3261 1709 nicht
3290 1650 3318 1710 zu

323 1643 477 1703 weibliche
496 1646 745 1706 Entsprechung,
764 1646 816 1706 das
835 1647 1001 1707 sagenhaft
1013 1649 1191 1709 gewordene
1216 1652 1304 1712 „süße
1323 1652 1435 1712 Mädel

1508 1655 1581 1715 Nur
1610 1659 1722 1719 freilich
1757 1661 1825 1721 darf
1859 1663 1920 1723 man
1961 1664 2034 1724 über
2063 1667 2170 1727 solchen
2204 1670 2351 1730 Formeln
2391 1673 2441 1733 den
2476 1673 2622 1733 Künstler

2665 1685 2873 1745 Miterfinder
2914 1688 2971 1748 und
3025 1691 3157 1751 weitaus
3205 1695 3319 1755 erfolgt

344 1685 349 1745 —
398 1691 481 1751 Adam
524 1692 577 1752 und
602 1694 661 1754 Eva
686 1694 740 1754 der
758 1696 1010 1756 Schnitzlerischen
1035 1697 1395 1757 Schöpfungsgeschichte

1509 1701 1585 1761 nicht
1621 1706 1786 1766 vergessen,
1817 1707 1910 1767 dessen
1946 1711 2064 1771 Werk,
2088 1715 2271 1775 wenngleich
2301 1718 2335 1778 es
2372 1718 2425 1778 vom
2472 1721 2619 1781 Erlebni¬

2675 1732 2824 1792 „Wiener
2855 1733 2975 1793 Note",
3000 1736 3083 1796 durch
3120 1738 3161 1798 die
3198 1739 3245 1799 sich
3276 1741 3312 1801 da

336 1740 396 1800 sind
429 1738 456 1798 in
496 1739 584 1799 Wien
623 1741 805 1801 erwachsen,
833 1739 915 1799 wenn
954 1741 1020 1801 auch
1054 1742 1131 1802 nicht
1159 1744 1313 1804 durchaus
1347 1744 1401 1804 auf
1424 1744 1451 1804 se

1507 1750 1644 1810 ausgeht
1674 1752 1731 1812 und
1766 1753 1817 1813 auf
1847 1756 2060 1816 Beobachtung
2095 1760 2221 1820 beruht,
2251 1762 2314 1822 doch
2343 1764 2458 1824 immer
2487 1766 2544 1826 erst
2574 1768 2619 1828 die

2672 1777 2955 1837 kriegsgeneration
2985 1782 3150 1842 literarisch
3180 1786 3303 1846 mündig

327 1786 717 1846 naturwissenschaftlichem
758 1786 869 1846 Wege,
887 1786 945 1846 wie
969 1786 997 1846 es
1027 1789 1079 1849 der
1103 1790 1195 1850 junge
1214 1792 1336 1852 Dichter
1354 1791 1452 1851 wahr¬

1505 1797 1678 1857 Phantasie
1701 1801 1863 1861 beflügelt.
1881 1803 1938 1863 Ein
1968 1804 2060 1864 Stück
2090 1807 2216 1867 erlebtes
2246 1808 2361 1868 Leben,
2379 1813 2535 1873 vermehrt
2559 1815 2616 1875 und

2670 1822 2799 1882 Gebiete
2828 1825 2879 1885 des
2913 1826 3082 1886 Theaters,
3112 1828 3162 1888 das
3202 1831 3320 1891 Schnitz

333 1831 430 1891 haben
459 1831 581 1891 wollte.
599 1832 690 1892 Denn
725 1833 847 1893 Anatol
865 1834 904 1894 ist
928 1834 979 1894 der
1004 1834 1153 1894 veredelte
1182 1838 1240 1898 (vor
1270 1838 1344 1898 allem
1385 1839 1454 1899 auch

1511 1843 1645 1903 gleichsam
1695 1846 1866 1906 angegoren
1910 1850 1989 1910 durch
2027 1852 2076 1912 die
2108 1855 2334 1915 Zusatzfrage:
2359 1859 2420 1919 wie
2452 1861 2537 1921 hätte
2568 1862 2617 1922 sich

2673 1870 2832 1930 herrschte,
2852 1870 2961 1930 wirkte
2981 1873 3018 1933 sie
3045 1874 3205 1934 erlösend;
3225 1878 3262 1938 sie
3282 1878 3333 1938 erl

331 1876 390 1936 der
427 1879 637 1939 vergeistigte)
667 1879 800 1939 Wiener
837 1879 1125 1939 Hausherrnsohn,
1156 1885 1227 1945 aber
1258 1885 1294 1945 er
1324 1886 1366 1946 ist
1403 1886 1450 1946 zur

1505 1888 1558 1948 das
1597 1893 1769 1953 entwickeln
1808 1897 1936 1957 müssen,
1964 1899 2044 1959 wenn
2083 1900 2142 1960 das
2180 1901 2239 1961 und
2272 1903 2358 1963 jenes
2391 1906 2617 1966 hinzugetreten

2666 1915 2888 1975 Epigonentum
2937 1918 2984 1978 der
3015 1921 3159 1981 achtziger
3190 1924 3292 1984 Jahre

333 1927 442 1987 Hälfte
471 1927 540 1987 auch
570 1927 609 1987 ein
645 1927 788 1987 Dichter,
812 1927 869 1987 und
899 1927 921 1987 so
951 1927 1025 1987 tritt
1049 1929 1135 1989 gleich
1171 1930 1210 1990 ein
1240 1933 1453 1993 Inkommen¬

1507 1936 1618 1996 wäre:
1637 1936 1689 1996 das
1714 1937 1754 1997 ist
1773 1941 1949 2001 Herkunft,
1962 1947 2079 2007 Inhalt
2103 1947 2161 2007 und
2186 1950 2510 2010 Entwicklungsgang
2540 1953 2598 2013 eine

2670 1960 2747 2020 jeher
2784 1962 2844 2022 und
2881 1964 2988 2024 immer
3020 1965 3128 2025 wieder
3158 1968 3327 2028 fröhlichb

333 1971 474 2031 surables
503 1972 525 2032 in
554 1971 610 2031 sein
633 1971 740 2031 Wesen
769 1973 831 2033 ein,
854 1971 905 2031 das
933 1973 1058 2033 überdem
1098 1975 1182 2035 einen
1211 1977 1290 2037 nicht
1308 1977 1448 2037 geringen

1501 1984 1583 2044 jeden
1619 1987 1972 2047 Schnitzler=Dichtung,
1997 1992 2049 2052 von
2085 1992 2138 2052 der
2168 1993 2261 2053 ersten
2309 1996 2356 2056 bis
2404 1999 2456 2059 zur
2492 2001 2621 2061 letzten:

2668 2006 2759 2066 mus,
2779 2004 2827 2064 der
2852 2007 2907 2067 das
2938 2009 3037 2069 Seine
3062 2013 3129 2073 dazu
3160 2014 3307 2074 beiträgt,

330 2019 401 2079 Teil
444 2019 541 2079 seiner
584 2019 745 2079 weltlichen
783 2022 957 2082 Erziehung
994 2022 1042 2082 dem
1091 2023 1217 2083 Wiener
1249 2026 1459 2086 Burgtheater

1505 2027 1618 2087 wobei,
1643 2030 1696 2090 wie
1721 2032 1792 2092 noch
1817 2034 1925 2094 gesagt
1950 2037 2069 2097 werden
2100 2040 2190 2100 muß,
2214 2043 2256 2103 die
2287 2044 2503 2104 Entwicklung
2534 2044 2617 2104 selbst

2670 2050 2737 2110 nach
2773 2054 2976 2114 Möglichkeit
3006 2058 3033 2118 zu
3073 2058 3311 2118 unterdrücken.

323 2064 501 2124 verdankt.
523 2067 647 2127 Nimmt
675 2067 739 2127 man
772 2067 864 2127 dieses
891 2067 939 2127 als
967 2069 1021 2129 den
1054 2069 1145 2129 letzten
1178 2070 1340 2130 Ausdruck
1373 2073 1448 2133 einer

1504 2073 1612 2133 immer
1665 2077 1756 2137 unter
1810 2079 1861 2139 der
1902 2085 2184 2145 Doppelkontrolle
2237 2088 2317 2148 eines
2359 2091 2612 2151 wissenschaftlich

2660 2097 2937 2157 ausnahmsweise
2965 2103 3081 2163 einmal
3110 2103 3187 2163 nicht
3210 2106 3326 2166 möglic

329 2111 772 2171 aristokratisch-cklektischen
802 2115 928 2175 Wiener
946 2115 1078 2175 Kultur,
1096 2117 1124 2177 so
1148 2118 1303 2178 gewinnen
1333 2118 1384 2178 wir
1408 2122 1454 2182 die

1501 2121 1692 2181 arbeitenden
1730 2127 1915 2187 Verstandes
1953 2128 2012 2188 und
2043 2131 2121 2191 eines
2157 2133 2193 2193 um
2236 2136 2417 2196 Wahrheit,
2441 2141 2609 2201 Wahrheit

2664 2141 2693 2201 im
2735 2144 2959 2204 Burgtheater,
2984 2147 3024 2207 wo
3055 2147 3083 2207 es
3114 2147 3160 2207 ihm
3208 2149 3261 2209 mit
3285 2152 3314 2212 de

326 2156 597 2216 Grundelemente
642 2158 695 2218 von
739 2159 923 2219 Schnitzlers
962 2162 1076 2222 Kunst,
1120 2162 1207 2222 deren
1256 2163 1457 2223 erstaunliche

1506 2168 1671 2228 Wahrheit
1709 2174 1880 2234 ringenden
1918 2178 2323 2238 Ehrlichkeitsfanatismus
2373 2185 2520 2245 erfolgte.
2563 2185 2606 2245 In

2666 2192 2741 2252 ganz
2770 2191 2845 2251 neue
2875 2192 3020 2252 Gattung
3049 2192 3165 2252 Stücke
3201 2195 3322 2255 einzubü

326 2204 475 2264 Leistung
504 2207 553 2267 sich
587 2207 608 2267 im
654 2207 797 2267 übrigen,
820 2208 875 2268 wie
915 2208 992 2268 jede,
1015 2210 1070 2270 aus
1115 2210 1197 2270 einem
1237 2213 1453 2273 Ineinander¬

1500 2213 1597 2273 dieser
1621 2216 1713 2276 letzten
1743 2218 1875 2278 Hinsicht
1899 2222 2008 2282 konnte
2032 2225 2078 2285 sich
2102 2225 2205 2285 zumal
2223 2228 2269 2288 der
2293 2228 2430 2288 alternde
2455 2233 2616 2293 Schnitzler

2662 2234 2719 2294 das
2758 2237 2982 2297 wohlerzogene
3015 2240 3302 2300 Burgtheaterstück

328 2253 438 2313 greifen
472 2252 521 2312 von
551 2252 667 2312 Talent
690 2254 745 2314 und
767 2255 945 2315 Charakter
968 2255 1085 2315 ergibt.
1102 2256 1168 2316 Mit
1191 2258 1236 2318 dem
1281 2260 1453 2320 Charakter

1500 2261 1560 2321 gar
1588 2261 1666 2321 nicht
1694 2263 1776 2323 mehr
1811 2267 1910 2327 genug
1943 2267 2015 2327 tun.
2038 2267 2087 2327 Er
2115 2272 2220 2332 klagte
2249 2274 2292 2334 oft
2321 2277 2476 2337 darüber,
2499 2279 2553 2339 daß
2587 2277 2620 2337 er

2655 2279 2799 2339 tragödie
2831 2282 2962 2342 gewesen
3001 2285 3069 2345 oder
3101 2285 3138 2345 ein
3177 2287 3326 2347 französis

581 2299 728 2359 Sitliche
753 2300 868 2360 vorpea
903 2302 1051 2362 gegeben,
1064 2306 1120 2366 das
1145 2307 1223 2367 biele
1248 2309 1281 2369 am
1318 2310 1489 2370 Anfang!
1513 2310 1558 2370 den
1594 2311 1673 2371 Mut
1697 2313 1776 2373 nicht
1800 2316 1881 2376 mehr
1905 2317 2087 2377 aufbringe,
2112 2320 2145 2380 ein
2181 2322 2271 2382 Stüch
2295 2324 2376 2384 oder
2400 2326 2468 2386 eine
2492 2326 2628 2386 Novelle
2641 2327 2651 2387 l
2664 2327 2720 2387 gab
2756 2328 2789 2388 es
2826 2328 2905 2388 denn
2941 2327 3020 2387 nicht
3045 2329 3123 2389 auch
3148 2332 3181 2392 in
3217 2335 3296 2395 Wien

1496 2398 1552 2458 das
1576 2400 1783 2460 Burgtheater
1807 2401 1829 2461 in
1860 2401 2043 2461 vollendeter
2068 2401 2148 2461 Form
2183 2402 2396 2462 vermittelte;
2414 2407 2517 2467 später
2541 2407 2610 2467 fand

2659 2407 2759 2467 alters
2791 2407 3029 2467 aufgezeichnet,
3061 2410 3111 2470 die
3149 2410 3173 2470 in
3224 2410 3318 2470 seinen

324 2405 518 2465 Probleme?
550 2407 775 2467 Anzengruber
808 2410 889 2470 hatte
921 2410 971 2470 das
1003 2410 1172 2470 dichterisch
1204 2413 1234 2473 zu
1266 2409 1435 2469 behaupten

1489 2443 1522 2503 er
1552 2447 1574 2507 zu
1604 2446 1719 2506 Ibsen,
1737 2447 1828 2507 dessen
1864 2448 2077 2508 unerbittliche
2101 2449 2175 2509 Art,
2199 2449 2412 2509 „Gerichtstag
2448 2454 2476 2514 zu
2505 2452 2603 2512 halter

318 2452 451 2512 gewagt,
468 2452 562 2512 dessen
590 2455 801 2515 Problematik
829 2456 895 2516 man
924 2455 990 2515 aber
1013 2455 1073 2515 doch
1102 2458 1184 2518 mehr
1207 2455 1251 2515 als
1274 2456 1340 2516 eine
1363 2455 1440 2515 Vor¬

2660 2455 2755 2515 liegt.
2774 2455 2847 2515 Eein
2878 2455 3028 2515 Zeitalter
3053 2455 3113 2515 war
3138 2457 3192 2517 das
3223 2458 3271 2518 des
3296 2460 3313 2520 I

1497 2489 1565 2549 über
1599 2491 1649 2551 das
1684 2491 1786 2551 eigene
1815 2493 1893 2553 Ich"
1933 2494 2040 2554 (wobei
2069 2494 2216 2554 übrigens
2251 2497 2318 2557 auch
2347 2497 2443 2557 Ibsen
2478 2498 2528 2558 sich
2562 2495 2612 2555 der

326 2498 643 2558 stadtangelegenheit
665 2500 777 2560 ansah.
800 2502 853 2562 Da
886 2502 950 2562 trat
972 2503 1138 2563 Schnitzler
1166 2500 1273 2560 hervor
1301 2500 1359 2560 und
1392 2500 1440 2560 be¬

2662 2500 2937 2560 tausendköpfigen
2976 2503 3157 2563 Ungeheuer
3189 2506 3326 2566 Kollekti

1498 2535 1704 2595 französischen
1746 2538 1881 2598 Technik
1923 2538 2077 2598 bedient),
2113 2538 2283 2598 Schnitzler
2319 2541 2349 2601 in
2385 2541 2467 2601 einer
2509 2541 2608 2601 gleich¬

322 2542 480 2602 hauptete,
509 2544 576 2604 auch
610 2544 644 2604 er
673 2547 876 2607 mundartlich
911 2547 1097 2607 angefärbt,
1126 2547 1176 2607 das
1211 2544 1317 2604 gleiche
1352 2544 1441 2604 Recht

2659 2546 2876 2606 anzufangen,
2895 2548 2919 2608 es
2951 2548 3130 2608 verursachte
3156 2550 3199 2610 ihm
3243 2553 3323 2613 Grau

1498 2582 1664 2642 gerichteten
1700 2583 1925 2643 Veranlagung
1961 2585 2134 2645 bestärkte.
2157 2586 2273 2646 Zumal
2302 2586 2325 2646 in
2360 2586 2452 2646 seinen
2488 2587 2608 2647 Gipfel¬

319 2587 477 2647 mnerhalb
511 2589 562 2649 der
591 2592 892 2652 Bildungssphäre.
915 2589 954 2649 Er
983 2589 1091 2649 schrieb
1126 2591 1432 2651 Burgtheaterstücke

2666 2592 2867 2652 ständigung,
2888 2595 2943 2655 und
2976 2595 3001 2655 so
3020 2597 3158 2657 flüchtete
3178 2598 3228 2658 er,
3248 2598 3297 2658 auf

1495 2627 1607 2687 werken
1647 2628 1698 2688 vom
1749 2628 1935 2688 „Einsamen
1975 2628 2071 2688 Weg"
2111 2631 2156 2691 bis
2190 2631 2240 2691 zum
2297 2631 2477 2691 „Professor
2506 2634 2585 2694 Bern

316 2634 362 2694 die
391 2634 484 2694 unter
514 2634 670 2694 Menschen
712 2637 763 2697 von
805 2637 1078 2697 gesellschaftlicher
1107 2637 1281 2697 Erziehung
1317 2635 1438 2695 spielten

2658 2640 2765 2700 immer
2795 2640 2896 2700 tiefer,
2920 2641 3032 2701 immer
3063 2645 3252 2705 überzeugter
3283 2646 3306 2706 in

1490 2670 1599 2730 hardi"
1635 2673 1692 2733 und
1728 2675 1867 2735 darüber
1896 2676 2012 2736 hinaus
2047 2676 2076 2736 in
2111 2676 2192 2736 einer
2222 2677 2320 2737 Reihe
2355 2678 2529 2738 dialektisch
2559 2680 2593 2740 ge

317 2677 372 2737 und
400 2679 528 2739 trotzdem
573 2681 628 2741 auf
656 2682 706 2742 dem
751 2682 879 2742 Wiener
902 2682 1007 2742 Boden
1036 2682 1241 2742 vorgingen;
1264 2683 1308 2743 die
1337 2680 1442 2740 gesell¬

2664 2685 2730 2745 eine
2758 2688 2872 2748 Arbeit
2900 2689 2933 2749 am
2981 2688 3136 2748 Menschen
3171 2691 3258 2751 war,
3286 2692 3312 2752 ob

1498 2717 1618 2777 schulter
1654 2718 1803 2778 Einakter
1845 2718 1913 2778 tritt
1949 2721 2040 2781 dieser
2076 2721 2208 2781 Einfluß
2249 2724 2445 2784 bestimmend
2486 2724 2612 2784 zutage.

316 2722 498 2782 schaftlichen
528 2727 687 2787 Probleme
723 2727 746 2787 in
776 2727 869 2787 freier
894 2725 952 2785 und
982 2727 1170 2787 natürlicher
1194 2727 1329 2787 Haltung
1365 2727 1435 2787 ohne

2664 2731 2771 2791 milden
2806 2732 2913 2792 Prosa,
2934 2735 3001 2795 eine
3029 2735 3204 2795 dramatisch
3231 2738 3325 2798 beweg

1486 2760 1552 2820 Den
1586 2765 1764 2825 „Professor
1787 2765 1987 2825 Bernhardi"
2021 2765 2098 2825 kann
2132 2765 2198 2825 man
2232 2768 2371 2828 geradezu
2405 2768 2488 2828 einen
2516 2769 2593 2829 öster

315 2771 603 2831 Abtschlußtiraden
649 2771 705 2831 und
740 2771 989 2831 advokatorische
1024 2774 1221 2834 Plädoyers,
1250 2773 1340 2833 dabei
1369 2773 1441 2833 aber

2661 2779 2720 2839 das
2745 2780 2859 2840 Drama
2890 2781 3077 2841 sublimierte
3102 2780 3107 2840 —
3169 2782 3217 2842 wie
3247 2785 3271 2845 in
3302 2785 3325 2845 se

1488 2808 1657 2868 reichischen
1697 2810 1929 2870 „Volksfeind"
1964 2810 2104 2870 nennen,
2128 2812 2252 2872 obwohl
2281 2813 2314 2873 er
2343 2814 2410 2874 noch
2445 2816 2529 2876 mehr
2564 2812 2603 2872 ein

308 2816 373 2876 doch
410 2816 433 2876 in
469 2816 575 2876 geistig
612 2819 813 2879 anziehender
844 2818 926 2878 Form
975 2819 1028 2879 und
1064 2820 1123 2880 auf
1147 2819 1212 2879 eine
1248 2818 1438 2878 theatralisch

2666 2825 2769 2885 stück:
2795 2828 2887 2888 „Der
2912 2828 3004 2888 Gang
3042 2831 3090 2891 zum
3141 2830 3262 2890 Weiher

1496 2855 1773 2915 Regierungsfeind
1804 2858 1856 2918 ist.
1881 2856 1957 2916 Doch
1999 2858 2022 2918 in
2052 2858 2135 2918 jedem
2171 2858 2265 2918 Falle
2302 2858 2336 2918 ist
2366 2860 2401 2920 er
2437 2858 2484 2918 ein
2520 2858 2608 2918 öster¬

313 2862 459 2922 fesselnde
499 2861 606 2921 Weise
646 2861 883 2921 behandelten;
923 2862 984 2922 mit
1013 2861 1097 2921 einem
1154 2864 1267 2924 Wort,
1290 2861 1334 2921 die
1380 2863 1425 2923 die

2655 2875 2686 2935 zu
2718 2871 2824 2931 Versen
2863 2875 3070 2935 verdichtete:
3096 2877 3177 2937 „Als
3209 2879 3303 2939 lernte

1491 2901 1665 2961 reichischer,
1690 2900 1738 2960 der
1763 2903 1811 2963 sich
1842 2903 1932 2963 unter
1957 2903 2095 2963 Verzicht
2120 2903 2174 2963 auf
2199 2903 2240 2963 die
2265 2904 2386 2964 ethische
2417 2905 2610 2965 Schroffheit

314 2907 481 2967 Franzosen
531 2907 661 2967 ersetzten
718 2909 772 2969 und
817 2909 897 2969 zwar
941 2909 991 2969 die
1041 2909 1214 2969 allerbesten
1258 2909 1444 2969 Franzosen.

2656 2917 2725 2977 Leid
2751 2919 2788 2979 ist
2815 2921 2961 2981 Gende."
2988 2922 3044 2982 Ich
3070 2924 3120 2984 hob
3153 2923 3178 2983 in
3217 2925 3312 2985 meine

1486 2945 1607 3005 Ibsens
1663 2947 1723 3007 und
1773 2947 1850 3007 seine
1896 2947 2044 3007 sekkante
2084 2947 2354 3007 Wunderlichkeit
2394 2950 2459 3010 mit
2510 2947 2592 3007 einem

308 2951 377 3011 Das
407 2953 471 3013 war
495 2953 681 3013 Schnitzlers
711 2953 915 3013 Befreiertat,
933 2954 997 3014 die,
1015 2954 1038 3014 in
1068 2955 1173 3015 Berlin
1202 2955 1260 3015 wie
1285 2953 1307 3013 in
1337 2953 1441 3013 Wien,

2658 2965 2871 3025 Aehnlichkeit
2913 2968 3013 3028 seiner
3062 2970 3244 3030 melodischen

1489 2992 1695 3052 wienerischen
1731 2993 1842 3053 „Hol's
1878 2992 1925 3052 der
1955 2995 2113 3055 Teufel!"
2144 2993 2261 3053 lachend
2297 2995 2349 3055 aus
2386 2995 2438 3055 dem
2486 2995 2603 3055 Staube

314 2998 435 3058 sogleich
468 3001 609 3061 erkannt
641 2999 699 3059 und
732 3001 924 3061 gewürdigt,
950 3000 994 3060 ihn
1033 2999 1058 3059 in
1098 2999 1148 3059 den
1181 3000 1341 3060 folgenden
1380 2998 1444 3058 drei

2656 3012 2762 3072 hervor
2804 3013 2857 3073 und
2887 3013 3053 3073 Schnitzler
3083 3016 3195 3076 dankte
3220 3018 3278 3078 mir
3296 3019 3313 3079 n

1488 3037 1600 3097 macht.
1624 3040 1782 3100 Vielleicht
1811 3040 1867 3100 aus
1896 3040 2161 3100 Wahrheitsliebe
2184 3035 2195 3095 —
2253 3040 2326 3100 weil
2349 3041 2410 3101 doch
2445 3043 2512 3103 auch
2547 3041 2592 3101 „im

309 3046 519 3106 Jahrzehnten
550 3047 603 3107 zum
640 3046 766 3106 Meister
791 3046 839 3106 des
863 3046 917 3106 von
948 3046 989 3106 ihm
1032 3046 1170 3106 zeitweise
1195 3046 1261 3106 auch
1286 3046 1436 3106 historisch

2661 3061 2708 3121 für
2736 3059 2783 3119 die
2811 3061 2948 3121 Freude,
2969 3061 3016 3121 die
3045 3061 3091 3121 ihm
3141 3061 3228 3121 dieser
3264 3064 3324 3124 Ver

1489 3084 1609 3144 Leben"
1644 3084 1690 3144 nie
1719 3085 1759 3145 ein
1794 3085 1909 3145 Prozeß
1945 3085 2077 3145 wirklich
2113 3087 2135 3147 zu
2170 3085 2256 3145 Ende
2286 3088 2406 3148 gedeiht
2436 3083 2499 3143 —,
2517 3085 2603 3145 sicher

316 3091 564 3151 abgewandelten
599 3091 929 3151 Gesellschaftsstückes
964 3091 1074 3151 erhob.
1098 3090 1225 3150 Freilich
1254 3091 1329 3151 darf
1352 3091 1444 3151 man,

2651 3106 2730 3166 dann
2768 3106 2792 3166 in
2830 3106 2915 3166 seiner
2947 3107 3020 3167 aller
3046 3108 3267 3168 Gespreiztheit
3293 3113 3323 3173 al

1487 3126 1569 3186 nicht
1594 3129 1652 3189 aus
1688 3129 1965 3189 Verträglichkeit.
1990 3129 2137 3189 Indessen
2173 3129 2279 3189 gehört
2309 3132 2374 3192 auch
2410 3132 2504 3192 dieser
2534 3132 2598 3192 Zug

313 3135 394 3195 wenn
433 3135 501 3195 man
540 3135 596 3195 von
634 3135 759 3195 Arthur
785 3135 973 3195 Schnitzler,
999 3135 1048 3195 dem
1093 3135 1444 3195 Gesellschaftsdichter,

2654 3152 2762 3212 halbem
2804 3153 2900 3213 Wege
2931 3153 3279 3213 entgegenkommenden

1493 3174 1573 3234 einer
1602 3174 1850 3234 absolutistischen
1885 3174 2145 3234 Bequemlichkeit
2174 3178 2226 3238 zum
2267 3177 2387 3237 Bilde;
2411 3177 2508 3237 treibt
2532 3177 2595 3237 man

311 3182 424 3242 spricht,
450 3180 533 3240 nicht
565 3180 596 3240 an
660 3180 704 3240 ne
737 3182 933 3242 Gesellschaft
959 3180 1098 3240 denken,
1124 3180 1168 3240 die
1206 3181 1263 3241 sich
1309 3180 1371 3240 nur
1410 3180 1434 3240 so

2655 3198 2773 3258 schade,
2792 3199 2845 3259 daß
2875 3199 2940 3259 man
2970 3201 3047 3261 nicht
3065 3201 3100 3261 um
3136 3201 3248 3261 dreißig
3279 3204 3313 3264 Ja

1490 3216 1535 3276 ihn
1571 3219 1686 3279 stärker
1710 3222 1837 3282 hervor,
1855 3220 1883 3280 so
1907 3219 2022 3279 könnte
2046 3221 2114 3281 man
2145 3222 2248 3282 sagen,
2272 3222 2324 3282 daß
2353 3222 2538 3282 Schnitzler,
2556 3223 2601 3283 der

312 3227 407 3287 nennt
428 3226 482 3286 und
517 3225 598 3285 beine
626 3228 687 3288 is.;
708 3228 775 3288 noch
803 3228 871 3288 auch
899 3228 932 3288 an
960 3228 1007 3288 die
1029 3227 1321 3287 verhältnismäßig
1349 3226 1437 3286 ober¬

2658 3244 2720 3304 eine
2746 3246 2845 3306 schöne
2877 3249 3091 3309 Entwicklung
3123 3249 3173 3309 vor
3198 3252 3248 3312 sich
3267 3253 3304 3313 ..

1492 3267 1664 3327 Naturalist
1697 3267 1715 3327 im
1761 3266 2036 3326 Dreivierteltakt,
2063 3267 2126 3327 auch
2159 3268 2190 3328 so
2216 3267 2312 3327 etwas
2345 3268 2402 3328 wie
2428 3267 2472 3327 ein
2505 3269 2594 3329 Ibser

316 3270 467 3330 slächliche
496 3273 550 3333 und
579 3270 737 3330 verspielte
759 3273 987 3333 Lustspielwelt
1008 3273 1243 3333 Bauernfelds,
1257 3273 1312 3333 von
1340 3274 1429 3334 dessen

2655 3291 2716 3351 und
2747 3291 2777 3351 so
2809 3291 2907 3351 dürfen
2945 3293 3000 3353 wir
3032 3294 3105 3354 ihn,
3130 3294 3179 3354 dem
3229 3296 3284 3356 das

1487 3312 1510 3372 in
1546 3310 1627 3370 Moll
1657 3309 1739 3369 war.

314 3318 424 3378 flinder
456 3318 717 3378 Dialogführung
755 3318 928 3378 Schnitzler
960 3318 1127 3378 immerhin
1165 3318 1282 3378 einiges
1321 3318 1444 3378 gelernt

2659 3338 2767 3398 Arbeit
2792 3338 2840 3398 bis
2871 3338 2918 3398 zum
2968 3340 3064 3400 letzten
3101 3342 3253 3402 bewußten
3290 3342 3301 3402 A

1577 3353 1622 3413 Er
1651 3356 1713 3416 war
1736 3355 1792 3415 das
1821 3354 1911 3414 auch,
1929 3356 2013 3416 unter
2042 3356 2183 3416 anderm,
2207 3355 2274 3415 aber
2297 3356 2348 3416 vor
2377 3356 2450 3416 allem
2491 3358 2558 3418 war
2581 3356 2608 3416 er

358 3368 388 3428 t.
412 3361 479 3421 Das
511 3362 784 3422 Unterscheidende
816 3364 891 3424 liegt
922 3363 952 3423 in
983 3364 1036 3424 dem
1083 3364 1181 3424 Ernst
1205 3364 1257 3424 der
1288 3362 1425 3422 geistigen

2655 3383 2679 3443 im
2723 3386 2802 3446 Tode
2833 3386 2969 3446 glücklich
3000 3386 3136 3446 preisen.
3155 3388 3222 3448 Wie
3247 3389 3327 3449 Flau

1489 3402 1664 3462 Schnitzler,
1687 3404 1743 3464 und
1766 3403 1828 3463 war
1851 3400 1884 3460 es
1907 3398 1918 3458 —
1970 3400 2025 3460 wie
2049 3403 2161 3463 traurig
2190 3403 2472 3463 unwahrscheinlich
2500 3404 2579 3464 kling

572 3407 584 3467 e
617 3407 669 3467 den
702 3408 818 3468 Humor
845 3409 922 3469 nicht
949 3408 1143 3468 ausschließt.
1163 3410 1246 3470 Auch
1273 3410 1435 3470 Schnitzler

2658 3430 2759 3490 Füßen
2789 3431 2882 3491 seines
2912 3434 3143 3494 Schreibtisches
3173 3434 3288 3494 nieder.

1494 3449 1585 3509 dieses
1615 3449 1678 3509 nur
1708 3444 1725 3504 —
1783 3446 1806 3506 in
1841 3449 1921 3509 jedem
1969 3449 2153 3509 Augenblick
2189 3447 2286 3507 seines
2316 3452 2506 3512 schriftlichen
2547 3450 2604 3510 und

557 3451 667 3511 Dichter
692 3455 753 3515 und
784 3455 833 3515 als
864 3455 986 3515 Mensch
1018 3455 1251 3515 ausgesprochen
1289 3455 1435 3515 amüsant

2656 3479 2747 3539 steller
2773 3479 2838 3539 auch
2865 3479 2929 3539 noch
2956 3482 2981 3542 in
3008 3482 3092 3542 einer
3112 3482 3196 3542 Zeit,
3217 3482 3294 3542 deren

1495 3497 1677 3557 mündlichen
1713 3497 1860 3557 Wesens.
1884 3497 1971 3557 Ohne
2007 3497 2036 3557 im
2085 3496 2249 3556 geringsten
2285 3497 2338 3557 wie
2374 3497 2485 3557 andere
2515 3500 2602 3560 große

472 3495 549 3555 man
582 3498 680 3558 denke
713 3499 771 3559 nur
805 3500 837 3560 an
870 3500 948 3560 seine
981 3500 1163 3560 hinreißend
1196 3500 1326 3560 heiteren
1360 3500 1437 3560 Ein¬

2642 3525 2768 3585 wissen,
2787 3526 2847 3586 wer
2871 3526 3022 3586 Flaubert
3054 3527 3113 3587 war
3144 3529 3198 3589 und
3229 3530 3283 3590 daß

1491 3541 1724 3601 Schriftsteller,
1755 3541 1834 3601 deren
1878 3541 2087 3601 Feierlichheit
2118 3543 2179 3603 uns
2216 3541 2314 3601 unsere
2352 3543 2585 3603 Minderwertig

540 3542 642 3602 mtesse
665 3543 781 3603 Mizzi"
812 3544 870 3604 und
907 3544 1083 3604 „Literatur

1201 3543 1283 3603 aber
1310 3544 1341 3604 er
1368 3544 1431 3604 war

2635 3573 2797 3633 vielleicht
2827 3573 2879 3633 für
2914 3573 3007 3633 diesen
3049 3576 3327 3636 liebenswürdigen

453 3587 532 3647 ein
573 3589 759 3649 Amlleur;
787 3589 820 3649 er
854 3589 966 3649 dichtet

1088 3589 1211 3649 zuletzt,
1239 3589 1320 3649 wenn
1362 3590 1416 3650 and

1491 3589 1554 3649 keit
1581 3589 1702 3649 fühlbar
1735 3589 1850 3649 macht,
1883 3590 2094 3650 „gesammelte
2127 3589 2261 3649 Werke"
2301 3590 2325 3650 zu
2365 3592 2518 3652 sprechen,
2544 3592 2608 3652 war

2653 3619 2808 3679 Künstler,
2829 3619 2924 3679 diesen
2959 3619 3094 3679 Musiker
3122 3622 3169 3682 der
3198 3623 3332 3683 Sprach¬

387 3634 423 3694 tzt
446 3634 504 3694 aus
535 3634 652 3694 einiger
675 3635 890 3695 Entsernung,
913 3631 971 3691 aus
1003 3633 1053 3693 der
1084 3634 1290 3694 Gesellschaft,
1314 3635 1365 3695 nie
1388 3635 1439 3695 für

1492 3635 1558 3695 doch
1585 3636 1664 3696 jedes
1691 3637 1783 3697 seiner
1811 3637 1916 3697 Worte
1943 3637 1982 3697 ein
2016 3637 2229 3697 gesammeltes
2256 3635 2348 3695 Werk
2376 3639 2528 3699 insofern,
2548 3638 2601 3698 als

2649 3666 2734 3726 war,
2776 3667 2816 3727 ein
2851 3667 2955 3727 Grund
2990 3667 3077 3727 mehr
3100 3667 3227 3727 gewesen
3257 3670 3320 3730 wär

951 3674 1090 3734 seiner
1124 3682 1236 3742 ernsten
1277 3682 1409 3742 Sendun

315 3684 356 3744 die
391 3678 618 3738 Gesellschft;
646 3681 681 3741 er
716 3682 790 3742 blieb
833 3681 901 3741 abse

1481 3676 1519 3736 es
1553 3682 1723 3742 verdiente,
1743 3685 1926 3745 gesammelt
1953 3684 2017 3744 und
2052 3683 2241 3743 aufbewahrt
2268 3685 2293 3745 zu
2327 3685 2470 3745 werden.
2510 3685 2607 3745 Diese

2642 3714 2800 3774 bekennen
2829 3715 2886 3775 und
2920 3715 3033 3775 seinen,
3056 3715 3101 3775 bei
3125 3715 3271 3775 Lebzeiten
3300 3716 3333 3776 de

316 3726 520 3786 hingegeben,
550 3726 600 3786 die
630 3726 658 3786 in
696 3726 753 3786 der
783 3726 900 3786 zweiten
944 3723 1053 3783 Hälfte
1083 3724 1184 3784 seines
1222 3726 1338 3786 Lebens
1375 3726 1433 3786 von

1494 3726 1609 3786 tastlose
1632 3729 1741 3789 Hand,
1756 3729 1799 3789 die
1822 3730 1930 3790 vierzig
1953 3729 2061 3789 Bände
2084 3730 2294 3790 abgeschlossen
2324 3732 2374 3792 aus
2405 3732 2454 3792 sich
2477 3732 2599 3792 heraus¬

2647 3759 2739 3819 Platz
2761 3759 2789 3819 in
2825 3759 2874 3819 der
2904 3762 3217 3822 Literaturgeschichte
3240 3764 3317 3824 endg

307 3768 586 3828 Iosens-Vorbild
624 3772 884 3832 nachdrücklicher
916 3771 1133 3831 untbestimmt
1158 3772 1244 3832 war.
1264 3771 1307 3831 In
1345 3771 1437 3831 seiner

1489 3775 1597 3835 stellte,
1623 3774 1674 3834 hat
1700 3775 1827 3835 zugleich
1860 3777 2000 3837 tausende
2033 3773 2134 3833 Briefe
2160 3775 2358 3835 geschrieben,
2384 3778 2460 3838 jeder
2493 3778 2601 3838 unver¬

308 3816 432 3876 Jugend
469 3816 551 3876 hatte
588 3816 617 3876 er
648 3816 701 3876 die
731 3816 837 3876 Kunst
868 3816 921 3876 der
952 3813 1166 3873 französischen
1202 3816 1433 3876 Gesellschafts¬

1485 3821 1661 3881 Nechselbar
1688 3821 1713 3881 in
1740 3822 1838 3882 seiner
1865 3822 2008 3882 herzlichen
2043 3822 2212 3882 Eigenari,
2232 3819 2290 3879 und
2317 3821 2343 3881 so
2370 3825 2539 3885 nebenher,
2553 3823 2605 3883 für

3172 3846 3299 3906 Ragu

308 3864 549 3924 problematiker
579 3864 600 3924 in
638 3864 689 3924 sich
719 3862 894 3922 nachhallen
924 3861 1032 3921 lassen,
1063 3859 1143 3919 deren
1180 3864 1333 3924 Kenntnis
1371 3864 1413 3924 ihm

1492 3867 1544 3927 den
1582 3869 1701 3929 eigenen
1740 3870 1897 3930 Gebrauch
1928 3870 2069 3930 gleichsat
2130 3870 2182 3930 die
2213 3870 2340 3930 Chwonik
2378 3873 2475 3933 seines
2513 3873 2603 3933 Zeit¬
