3392 4320
680 130 889 190 TELEPHON
922 133 1100 193 R-23-0-43

318 266 903 326 Schnitzler's
972 266 1196 326 Deatl

1402 267 1537 327 box
1610 272 1842 332 43/15

1247 497 1397 557 Wiener
1430 495 1699 555 Mediziaische
1738 494 2056 554 Wockenschrift
2089 494 2169 554 1931

393 503 472 563 Nr.
495 503 544 563 44

713 695 793 755 Dr.
831 697 1013 757 Arthur
1059 697 1368 757 Schnitzler.

466 828 533 888 Ich
569 828 622 888 bin
663 829 734 889 1802
766 830 909 890 geboren
950 828 1012 888 und
1053 829 1120 889 war
1151 826 1245 886 Arzl"

466 885 581 945 Dieses
617 887 828 947 Bekenntnis
864 886 989 946 Arthur
1025 886 1338 946 Sehnitzlers
1551 882 1686 942 Quelen

374 937 470 997 vieler
500 936 609 996 seiner
639 934 891 994 dichterischen
929 936 1169 996 Schôpfungen
1207 935 1329 995 bindet
1354 933 1404 993 ihn
1443 933 1522 993 noch
1560 931 1690 991 einmal

378 986 436 1046 und
474 984 620 1044 diesmal
645 984 837 1044 untôslich,
858 984 895 1044 an
929 986 983 1046 die
1021 986 1179 1046 Medizin,
1201 984 1263 1044 der
1293 984 1326 1044 er
1360 984 1384 1044 in
1422 981 1526 1041 seiner
1560 979 1685 1039 Jugend

377 1031 563 1091 begeistert
595 1034 655 1094 und
691 1031 882 1091 hingebend
917 1034 1056 1094 gedient
1083 1034 1195 1094 hille.

474 1079 538 1139 Mag
577 1083 662 1143 sein,
688 1082 747 1142 daß
786 1083 833 1143 ein
872 1082 940 1142 rein
979 1082 1197 1142 außerlicher
1232 1080 1389 1140 Konfiikt
1415 1077 1466 1137 die
1501 1077 1689 1137 endgûllige

370 1132 502 1192 Abkehr
540 1132 599 1192 vom
650 1131 869 1191 praktischen
911 1130 1048 1190 Arzttum
1099 1130 1277 1190 bedingle.
1319 1130 1387 1190 Mag
1424 1127 1510 1187 sein,
1539 1126 1598 1186 daß
1635 1122 1689 1182 die

374 1182 490 1242 Hande
520 1180 553 1240 an
583 1178 670 1238 zwei
692 1181 826 1241 Pflûgen
860 1181 1022 1241 einander
1052 1180 1240 1240 hemmten.
1270 1179 1437 1239 Innerlich
1466 1173 1533 1233 war
1563 1172 1688 1232 Suchen

1405 1224 1573 1284 hôchstes
1604 1222 1681 1282 arzt

374 1231 436 1291 und
481 1231 681 1291 Einfûhlen.
713 1231 922 1291 Miterleiden
963 1231 1025 1291 und
1070 1228 1310 1288 Helfenwollen

713 1277 869 1337 Wesen
906 1277 966 1337 und
1007 1279 1112 1339 Traum
1161 1276 1269 1336 dieses
1298 1274 1443 1334 seltenen
1479 1273 1632 1333 Mannes,
1653 1270 1689 1330 zu

381 1279 490 1339 liches
521 1279 661 1339 Erleben

371 1330 429 1390 dem
476 1329 534 1389 wir
564 1327 622 1387 uns
648 1329 744 1389 allein
782 1327 815 1387 um
862 1327 974 1387 dieses
1004 1326 1314 1386 unverlôschbaren
1348 1324 1449 1384 Adels
1475 1322 1579 1382 willen
1613 1318 1692 1378 ûber

367 1377 440 1437 Zeit
471 1377 526 1437 und
566 1378 747 1438 Trennung
778 1376 950 1436 bekennen
985 1376 1123 1436 wollen.
1154 1374 1361 1434 Tragisches
1392 1371 1517 1431 Pathos
1548 1369 1612 1429 war
1643 1367 1694 1427 fur

370 1426 495 1486 Arthur
530 1427 816 1487 Sehnitzler
855 1425 968 1485 weder
1007 1424 1089 1484 Form
1146 1423 1227 1483 noch
1272 1421 1384 1481 Folie.
1419 1418 1518 1478 Wohl
1553 1416 1687 1476 wurden

374 1475 494 1535 immer
533 1474 657 1534 wieder
692 1473 812 1533 Dasein
856 1473 920 1533 und
959 1473 1130 1533 Vergehen
1174 1471 1233 1531 aus
1268 1470 1586 1530 ursprûnglichster
1621 1464 1676 1524 Ein

384 1524 525 1584 stellung
564 1524 627 1584 das
666 1524 1072 1584 schmerzlich-reizvolle
1115 1520 1188 1580 Ziel
1222 1520 1491 1580 künstlerischer
1530 1515 1679 1575 Prägung

381 1576 468 1636 Aber
497 1574 638 1634 niemals
668 1572 792 1632 pochte
822 1574 884 1634 der
918 1571 1079 1631 wuchtige
1113 1569 1233 1629 Schlag
1267 1569 1358 1629 eines
1388 1568 1566 1628 Hammers
1596 1566 1687 1626 gegen

371 1622 425 1682 den
476 1622 731 1682 penthelischen
782 1621 932 1681 Marmor
971 1619 1033 1679 des
1071 1617 1209 1677 grôßten
1256 1616 1398 1676 Stoffes.
1440 1615 1486 1675 Es
1528 1613 1595 1673 war
1637 1612 1695 1672 der

381 1673 501 1733 Griffel
532 1670 626 1730 einer
661 1672 815 1732 gûligen,
842 1670 1022 1730 zierlichen
1070 1669 1181 1729 land,
1212 1667 1272 1727 der
1311 1665 1517 1725 versonnene
1556 1661 1693 1721 Zeichen

378 1721 401 1781 in
434 1720 495 1780 den
532 1720 616 1780 Stein
649 1718 754 1778 grub.
787 1719 856 1779 Das
889 1719 993 1779 Melos
1022 1717 1115 1777 eines
1144 1716 1428 1776 schwermûtigen
1465 1712 1598 1772 Abends
1631 1711 1695 1771 war

375 1771 422 1831 die
453 1769 577 1829 Musik.
608 1769 633 1829 In
664 1769 720 1829 dem
763 1769 888 1829 bunten
919 1769 1035 1829 Garten
1065 1768 1125 1828 des
1147 1768 1298 1828 lerzens
1324 1765 1414 1825 lohte
1436 1763 1496 1823 das
1518 1762 1703 1822 Asphodill

382 1817 598 1877 Einsamkeit
630 1817 691 1877 und
731 1816 912 1876 Verzicht.

464 1867 572 1927 l.ange
611 1865 715 1925 schon
758 1867 832 1927 trug
871 1867 1001 1927 Arthur
1036 1865 1321 1925 Sehnilzler
1356 1861 1416 1921 den
1455 1860 1606 1920 Lorbeer
1642 1857 1701 1917 des

378 1916 555 1976 gelcierten
592 1915 733 1975 Poeten,
758 1915 806 1975 als
835 1915 871 1975 er
904 1915 988 1975 noch
1025 1915 1143 1975 immer
1180 1913 1228 1973 als
1257 1911 1337 1971 Arzt
1370 1909 1463 1969 unter
1496 1909 1560 1969 uns
1589 1909 1681 1969 stand

381 1965 460 2025 Aber
494 1965 527 2025 es
565 1966 695 2026 locklen
738 1964 788 2024 ihn
830 1966 931 2026 nicht
960 1965 1023 2025 der
1061 1960 1195 2020 Erwerb
1238 1960 1296 2020 von
1338 1960 1460 2020 Gûtern
1502 1957 1565 2017 und
1607 1956 1703 2016 nicht

378 2014 436 2074 das
466 2014 624 2074 Erringen
658 2014 712 2074 von
746 2014 909 2074 Geltung.
926 2013 1105 2073 Vielleicht
1131 2010 1197 2070 war
1223 2008 1256 2068 es
1286 2010 1385 2070 neben
1419 2008 1477 2068 dem
1520 2005 1707 2065 Forscher-

381 2064 485 2124 drang
527 2064 606 2124 nach
652 2063 773 2123 letzter
815 2061 1098 2121 Entschleierung
1136 2060 1198 2120 der
1236 2057 1328 2117 Seele
1366 2057 1428 2117 das
1466 2055 1566 2115 (lûck
1608 2054 1703 2114 eines

378 2115 507 2175 gûtigen
542 2112 740 2172 Wortes...
762 2112 823 2172 das
849 2112 1150 2172 Schenkenwollen
1185 2110 1211 2170 in
1241 2109 1315 2169 eine
1345 2106 1513 2166 bettelnde
1544 2105 1690 2165 Hand..

379 2162 436 2222 der
476 2162 542 2222 Ruf
578 2162 604 2222 in
644 2161 719 2221 eine
760 2161 874 2221 Xacht
906 2162 967 2222 der
1007 2160 1242 2220 Verzagtheil:
1273 2156 1424 2216 Heiliges
1460 2154 1698 2214 Priesterwerk

385 2213 441 2273 des
471 2211 650 2271 Arztes...
672 2211 740 2271 fern
771 2210 830 2270 der
861 2211 976 2271 Straße
1006 2210 1066 2270 und
1101 2210 1156 2270 der
1186 2207 1456 2267 Geschâftigkeit
1473 2203 1533 2263 der
1563 2203 1704 2263 Viel-zu-

381 2259 509 2319 Vielen.
531 2258 712 2318 Vielleicht
734 2259 893 2319 erwuchs
919 2258 997 2318 auch
1031 2258 1091 2318 aus
1113 2256 1225 2316 diesem
1273 2255 1380 2315 Drang
1406 2254 1457 2314 die
1488 2252 1699 2312 Umdeutung

374 2309 512 2369 letzten,
538 2309 824 2369 hoffnungslosen
863 2309 1097 2369 biologischen
1136 2306 1335 2366 Erkennens
1370 2304 1396 2364 in
1440 2302 1487 2362 die
1526 2302 1612 2362 Welt
1643 2300 1703 2360 des

384 2360 529 2420 Spieles.
569 2359 637 2419 Und
681 2357 732 2417 die
771 2357 925 2417 Masken,
956 2357 1007 2417 die
1042 2354 1080 2414 er
1115 2356 1179 2416 sich
1222 2354 1363 2414 ersann,
1390 2351 1493 2411 lôsten
1536 2351 1600 2411 sich
1643 2351 1703 2411 aus

378 2407 432 2467 dem
491 2406 762 2466 Totengewande
801 2405 859 2465 des
897 2407 1185 2467 Vergânglichen,
1215 2405 1252 2465 um
1307 2403 1365 2463 den
1407 2402 1582 2462 Lebenden
1625 2401 1683 2461 zum

385 2455 571 2515 Haschisch
618 2454 650 2514 zu
697 2455 849 2515 werden.

470 2506 514 2566 Es
541 2503 607 2563 war
634 2505 705 2565 kein
736 2505 846 2565 Trunk
879 2504 931 2564 fûr
963 2503 1050 2563 jeden
1087 2503 1206 2563 Mund.
1237 2500 1268 2560 In
1300 2500 1357 2560 der
1384 2500 1459 2560 Zeit
1477 2498 1703 2558 haßerfullter

391 2554 622 2614 Verpobelung
662 2554 854 2614 verblaßten
893 2552 948 2612 die
983 2554 1219 2614 Zeichnungen
1258 2548 1351 2608 einer
1386 2548 1626 2608 Gesellschaft,
1652 2548 1703 2608 die

434 2602 560 2662 cinmal
585 2605 613 2665 in
647 2604 868 2664 verwegener
897 2602 1081 2662 Dekadenz
1110 2601 1171 2661 das
1200 2599 1404 2659 kaiserliche
1433 2596 1622 2656 Osterreich
1655 2596 1703 2656 als

388 2652 621 2712 Rassenchaos
654 2651 678 2711 in
715 2652 852 2712 dûnner
884 2649 1114 2709 Oberschicht
1143 2649 1393 2709 beherrschend
1494 2648 1550 2708 fûr
1583 2646 1700 2706 immer

1735 2676 1889 2736 machina
1932 2673 2035 2733 erhob
2078 2672 2137 2732 und
2249 2672 2309 2732 den
2356 2673 2613 2733 medizinischen
2656 2673 2763 2733 Beruf
2798 2673 2956 2733 verließ.)
2986 2673 3041 2733 Die

378 2701 653 2761 dahingegangen
692 2702 752 2762 ist.
778 2701 868 2761 Aber
899 2699 980 2759 aucb
1019 2699 1075 2759 die
1110 2697 1273 2757 sieghafte
1308 2697 1522 2757 Demokratie
1557 2697 1630 2757 fand
1669 2695 1699 2755 in

1732 2724 2020 2784 militärärztliche
2063 2721 2347 2781 Offizierscharge
2386 2721 2502 2781 mußte
2541 2724 2820 2784 Schnitzler
2864 2723 2945 2783 nach
2989 2721 3048 2781 der

382 2753 443 2813 dem
488 2751 664 2811 Einsamen
700 2751 765 2811 kein
801 2751 911 2811 Echo.
938 2749 1238 2809 Mittelmâßigkeit
1260 2748 1308 2808 als
1335 2747 1450 2807 Zweck
1477 2745 1591 2805 reicht
1609 2744 1706 2804 nicht

1732 2772 1943 2832 Publikation
1974 2772 2081 2832 seines
2104 2772 2293 2832 .Leutnant
2315 2772 2440 2832 Gustl!"
2466 2770 2625 2830 ablegen;
2643 2772 2712 2832 bald
2742 2772 2897 2832 widmete
2924 2772 2953 2832 er
2980 2772 3044 2832 sich

378 2805 433 2865 zum
490 2801 635 2861 Pathos,
661 2801 746 2861 kaum
798 2802 858 2862 zur
893 2800 999 2860 Satire

1729 2823 1995 2883 ausschlieBlich
2031 2820 2089 2880 der
2120 2820 2302 2880 Literatur.

475 2849 629 2909 Heinrich
661 2849 718 2909 von
749 2849 1006 2909 Sehullern
1033 2848 1117 2908 griff
1136 2846 1224 2906 kâhn
1255 2845 1317 2905 und
1348 2843 1552 2903 hingerissen
1584 2843 1614 2903 an
1646 2841 1707 2901 das

1807 2870 1863 2930 Die
1911 2871 2015 2931 große
2063 2870 2218 2930 Klientel
2258 2867 2366 2927 seines
2414 2869 2553 2929 Vaters,
2588 2869 2661 2929 jene
2709 2870 2934 2930 eigenartige,
2974 2869 3051 2929 spe-

544 2895 618 2955 Uche
656 2898 717 2958 und
755 2899 884 2959 Soziale
922 2896 1062 2956 unseres
1092 2894 1254 2954 Standes.
1287 2894 1374 2954 Karl
1399 2893 1706 2953 Schônherrs

1731 2919 1839 2979 zilisch
1890 2918 2179 2978 ôsterreichische
2229 2918 2405 2978 Mischung
2451 2917 2514 2977 von
2561 2916 2786 2976 heterogenen
2841 2918 3054 2978 Elementen.

411 2930 708 2990 oecepallle
747 2947 807 3007 und
846 2948 967 3008 formte
1006 2945 1151 3005 harteste
1182 2945 1364 3005 Probleme
1396 2941 1509 3001 seines
1541 2941 1593 3001 leh
1632 2942 1669 3002 un

1738 2969 1793 3029 von
1836 2970 2033 3030 Gelehrten.
2063 2968 2375 3028 Großkaufleuten.
2401 2967 2614 3027 Advokaten,
2645 2967 2845 3027 Kûnstlern,
2871 2968 3055 3028 Bankiers,

607 2996 682 3056 kes.
731 2995 792 3055 Die
837 2996 969 3056 Cestalt
1010 2996 1141 3056 Arthur
1182 2993 1490 3053 Sehnitzlers
1536 2991 1619 3051 geht
1655 2990 1707 3050 als

1728 3017 1794 3077 der
1819 3019 1898 3079 enge
1927 3019 2081 3079 Kontakt
2106 3019 2164 3079 mit
2189 3018 2247 3078 den
2280 3017 2409 3077 Grôßen
2439 3017 2501 3077 des
2526 3017 2783 3077 Burgtheaters,
2804 3017 2854 3077 die
2883 3017 2908 3077 in
2942 3017 3049 3077 seines

590 3047 663 3107 ger.
685 3046 814 3106 güliger
845 3045 926 3105 Arzt
952 3045 1051 3105 unter
1078 3044 1137 3104 den
1177 3043 1354 3103 Menschen
1393 3041 1453 3101 und
1488 3041 1699 3101 Schieksalen

1738 3067 1853 3127 Vaters
1879 3067 1990 3127 llause
2020 3065 2080 3125 aus
2106 3065 2161 3125 und
2196 3067 2242 3127 ein
2273 3067 2409 3127 gingen,
2427 3065 2653 3125 beeinflußten
2683 3064 2772 3124 seine
2803 3064 3055 3124 Entwieklung.

636 3095 690 3155 ne.
724 3094 857 3154 Ruhlos
887 3094 949 3154 und
982 3094 1132 3154 einsam.
1154 3092 1270 3152 Aber
1299 3091 1370 3151 die
1403 3091 1520 3151 Spur
1550 3088 1707 3148 seine:

430 3094 487 3154 int

1165 3123 2211 3183 k
2904 3114 3047 3174 wnier

1013 3133 1080 3193 u.

403 3137 792 3197 angernwird

1728 3160 1796 3220 den
1832 3160 1985 3220 Stempel
2009 3159 2070 3219 auf
2099 3157 2154 3217 wie
2187 3158 2251 3218 sein
2288 3160 2469 3220 ârztlicher
2502 3160 2622 3220 Beruf.
2643 3156 2719 3216 ganz
2752 3157 2941 3217 besonders
2969 3157 3045 3217 aber

386 3187 530 3247 Glck
577 3187 658 3247 und
704 3187 876 3247 Schuld
922 3184 999 3244 dem
1058 3184 1380 3244 sehlagenden
1422 3179 1598 3239 lerzen
1644 3178 1693 3238 be

1788 3207 1846 3267 wir
1867 3207 2093 3267 wiederholen
2172 3205 2356 3265 liofessir
2377 3205 2440 3265 Dr.
2457 3206 2578 3266 Moritz
2599 3205 2833 3265 Benedikt
2855 3205 2917 3265 und
2938 3206 3050 3266 spâter

897 3234 1082 3294 Professor
1118 3234 1186 3294 Dr.
1214 3233 1390 3293 Burghard
1436 3229 1680 3289 Breitner.

380 3238 561 3298 fiehll.

1724 3255 1913 3315 Professor
1940 3255 2001 3315 Dr.
2019 3255 2173 3315 Sigmund
2204 3252 2283 3312 Fre
2305 3254 2371 3314 ud.
2389 3253 2459 3313 Sein
2490 3255 2613 3315 erstes,
2631 3255 2653 3315 in
2680 3255 2741 3315 der
2763 3254 2947 3314 damaligen
2983 3255 3053 3315 Zeit

1731 3308 1780 3368 als
1802 3306 1889 3366 kûhn
1919 3304 2169 3364 empfundenes
2195 3303 2311 3363 Werk:
2329 3303 2487 3363 .Anatol"
2517 3302 2558 3362 ist
2580 3303 2650 3363 eine
2676 3303 2776 3363 Heihe
2806 3301 2859 3361 von
2889 3303 3056 3363 dramati-

1734 3354 1825 3414 schen
1859 3356 2042 3416 Dialogen.
2068 3351 2138 3411 Sein
2173 3354 2331 3414 nâchstes
2361 3352 2419 3412 und
2453 3351 2598 3411 zugleich
2629 3352 2691 3412 das
2716 3351 2804 3411 erste
2833 3351 3046 3411 aufgefûhrte

470 3363 595 3423 Arthur
627 3362 914 3422 Sehnitzler
950 3360 1066 3420 wurde
1103 3358 1138 3418 am
1192 3357 1241 3417 15.
1264 3356 1331 3416 Mai
1363 3354 1434 3414 1862
1470 3356 1492 3416 in
1538 3356 1622 3416 Wien
1663 3355 1698 3415 ge

1734 3402 1827 3462 Werk
1867 3402 1933 3462 war
1969 3402 2057 3462 Das
2088 3402 2287 3462 Märchen",
2310 3402 2372 3462 dem
2421 3402 2473 3462 die
2505 3399 2695 3459 „Liebelei"
2727 3402 2850 3462 folgle.
2887 3401 2917 3461 In
2957 3402 3041 3462 Wien

381 3411 482 3471 boren
527 3412 575 3472 als
604 3411 693 3471 Sohn
726 3411 786 3471 des
815 3408 1014 3468 Professors
1047 3410 1107 3470 Dr.
1128 3408 1261 3468 Johann
1298 3405 1594 3465 Sehnilzler,
1615 3405 1708 3465 einet

1740 3455 1836 3515 spielt
1855 3453 1938 3513 auch
1965 3453 2026 3513 das
2049 3452 2186 3512 nâchste
2213 3449 2305 3509 Stûck
2350 3450 2544 3510 Freiwild"
2567 3447 2681 3507 (1890,
2699 3448 2729 3508 In
2757 3450 2867 3510 dieses
2885 3450 2964 3510 Jahr
2982 3450 3052 3510 fallt

391 3461 640 3521 Laryngologen
691 3458 749 3518 von
799 3458 1020 3518 Bedeutung,
1058 3457 1095 3517 zu
1141 3456 1257 3516 dessen
1308 3453 1582 3513 Patientenkreis
1625 3453 1703 3513 viele

1732 3502 1788 3562 die
1823 3500 2033 3560 Entstehung
2072 3500 2132 3560 des
2163 3497 2347 3557 Reigen".
2377 3498 2425 3558 Es
2460 3497 2657 3557 erschienen
2696 3498 2829 3558 ferner:
2855 3497 2945 3557 Das
2980 3497 3057 3557 Ver-

387 3509 601 3569 prominente
632 3511 871 3571 Schauspieler
902 3506 957 3566 und
992 3507 1116 3567 Sanger
1143 3506 1322 3566 gehôrten.
1353 3501 1395 3561 Er
1422 3501 1580 3561 studierte
1610 3501 1700 3561 Medi

1729 3551 1946 3611 mâchtnis,
1964 3549 2014 3609 die
2041 3550 2118 3610 drei
2142 3548 2322 3608 Einakter:
2341 3548 2603 3608 Pireelsus".
2622 3548 2698 3608 Die
2726 3548 2943 3608 Ciefahrtin",
2962 3548 3047 3608 Der

381 3557 426 3617 zin
456 3559 481 3619 in
515 3559 624 3619 Wien,
641 3559 872 3619 promovierte
902 3555 969 3615 1885
999 3556 1061 3616 und
1091 3556 1179 3616 war.
1197 3554 1347 3614 nachdem
1390 3551 1423 3611 er
1449 3551 1494 3611 als
1520 3551 1696 3611 Sekundar

1732 3601 1839 3661 grine
1891 3599 2074 3659 Kakadu",
2117 3598 2185 3658 sein
2237 3597 2360 3657 Drama
2412 3596 2502 3656 Der
2549 3596 2703 3656 Schleier
2750 3596 2809 3656 der
2861 3596 3032 3656 Beatriee“

383 3608 449 3668 arzt
484 3608 542 3668 auf
576 3609 731 3669 Kliniken
769 3607 828 3667 des
867 3608 1089 3668 Allgemeinen
1131 3604 1438 3664 Krankenhauses,
1464 3599 1707 3659 insbesondere

1728 3650 1796 3710 der
1831 3650 2112 3710 Einakterzyktus
2147 3647 2357 3707 .Lebendige
2391 3646 2583 3706 Stunden",
2609 3644 2669 3704 das
2704 3646 2823 3706 Drama
2862 3644 2947 3704 Der
2982 3645 3054 3705 ein-

391 3658 447 3718 bei
473 3658 584 3718 Isidor
614 3659 850 3719 Xeumann
889 3656 949 3716 und
988 3657 1134 3717 Leopold
1173 3653 1232 3713 von
1267 3651 1524 3711 Sehrôtier
1567 3650 1700 3710 gedient

1730 3699 1814 3759 same
1859 3698 1979 3758 Weg".
2015 3697 2068 3757 die
2113 3694 2282 3754 Komôdie
2322 3694 2656 3754 Zwischenspiel",
2688 3694 2741 3754 die
2790 3694 3048 3754 Einakterreihe

381 3706 467 3766 auch
506 3705 579 3765 eine
618 3705 713 3765 Reise
752 3705 808 3765 zum
864 3705 1006 3765 Studium
1059 3703 1118 3763 der
1153 3700 1395 3760 hygienischen
1443 3699 1701 3759 Einrichtungen

1755 3745 2021 3805 Marionetten",
2040 3745 2125 3805 Der
2148 3744 2247 3804 junge
2275 3742 2474 3802 Medardus"
2510 3742 2623 3802 1909.
2642 3742 2754 3802 Diesem
2805 3742 2917 3802 Werke
2945 3743 3044 3803 folgte

387 3756 469 3816 nach
513 3756 654 3816 London
702 3756 764 3816 und
808 3754 909 3814 P'aris
950 3754 1208 3814 unternommen
1252 3751 1366 3811 hatte.
1398 3748 1566 3808 Assistent
1602 3748 1708 3808 seines

1744 3798 1823 3858 Das
1859 3795 1947 3855 weite
1987 3795 2097 3855 Land"
2137 3793 2194 3853 und
2239 3793 2309 3853 1912
2345 3791 2543 3851 Professor
2579 3793 2808 3853 Bernhirdi",
2835 3793 2883 3853 ein
2919 3792 3051 3852 Schau-

390 3805 510 3865 Vaters
549 3805 583 3865 an
631 3805 691 3865 der
738 3803 871 3863 Wiener
914 3800 1133 3860 allgemeinen
1181 3801 1383 3861 Poliklinik.
1426 3796 1495 3856 Der
1534 3796 1706 3856 geistvolle

1740 3848 1823 3908 spiel
1855 3844 1916 3904 aus
1947 3842 2008 3902 dem
2062 3841 2242 3901 arzllichen
2287 3841 2392 3901 Beruf
2424 3841 2489 3901 mit
2516 3841 2798 3901 Sehnilzler
2834 3841 2891 3901 dem
2944 3840 3045 3900 Vater

390 3853 584 3913 Xeurologe
620 3853 681 3913 und
722 3853 978 3913 Anthropploge
1009 3849 1190 3909 Professor
1226 3847 1287 3907 Dr.
1314 3847 1433 3907 Moritz
1464 3844 1703 3904 Benedikt

387 3903 444 3963 der
480 3903 549 3963 cine
590 3901 818 3961 vielbesuchte
858 3901 981 3961 Station
1021 3898 1055 3958 an
1095 3896 1156 3956 der
1192 3895 1368 3955 Poliklinik
1408 3894 1513 3954 leitete
1553 3894 1610 3954 und
1654 3894 1790 3954 alsals
1821 3893 1966 3953 llelden.
2002 3892 2027 3952 Im
2076 3890 2177 3950 Jahre
2213 3890 2282 3950 1915
2314 3890 2511 3950 erschienen
2543 3889 2621 3949 drei
2652 3889 2810 3949 Einakter
2846 3885 2938 3945 unter
2969 3886 3026 3946 dem

1735 3943 1823 4003 Titel
1870 3942 2057 4002 Komôdie
2100 3938 2160 3998 der
2207 3938 2356 3998 Worte".
2394 3938 2468 3998 1917
2506 3939 2609 3999 „Fink
2656 3937 2716 3997 und
2768 3936 3030 3996 Fliederbusch"

392 3950 485 4010 ciner
523 3951 583 4011 der
620 3950 736 4010 Ersten
783 3949 834 4009 die
872 3948 1038 4008 Hypnose
1081 3948 1104 4008 in
1146 3948 1206 4008 den
1253 3943 1494 4003 Arzneischatz
1532 3942 1680 4002 aufnahm

1739 3992 1793 4052 11
1837 3990 1915 4050 ie
1945 3989 2150 4049 Schwestern
2186 3987 2269 4047 oder
2294 3988 2465 4048 Casanova
2500 3987 2523 4047 in
2553 3988 2661 4048 Spa".
2682 3987 2754 4047 1921
2780 3987 2960 4047 Komodie
2985 3986 3044 4046 der

394 4002 531 4062 fesselle
558 4001 620 4061 und
653 4001 852 4061 begeisterte
879 3998 942 4058 den
974 3999 1095 4059 jungen
1127 3996 1359 4056 Arzldichter.
1380 3992 1485 4052 (Siche
1512 3990 1575 4050 den
1607 3993 1701 4053 medi

1742 4043 1979 4103 Verfuhrung"
2005 4040 2067 4100 und
2099 4040 2174 4100 1925
2199 4038 2249 4098 die
2275 4038 2500 4098 dramatische
2532 4038 2720 4098 Dichtung.
2745 4038 2826 4098 Der
2852 4038 2939 4098 Gang
2971 4037 3027 4097 zum

394 4050 836 4110 inisch-nachdenklichen
869 4048 1026 4108 linakter
1053 4044 1311 4104 Paracelsus",
1327 4044 1353 4104 in
1380 4044 1442 4104 und
1475 4042 1532 4102 mit
1548 4041 1690 4101 welchen

1748 4091 1873 4151 Weiher

404 4100 529 4160 Arthur
554 4100 836 4160 Schnitzler
869 4099 924 4159 die
956 4097 1118 4157 lypuose
1151 4095 1420 4155 verherrlichte,
1440 4093 1495 4153 zum
1546 4088 1639 4148 Deus
1672 4092 1708 4152 ex

2903 494 2999 554 1451
