3392 4384
1424 313 1546 373 box
1625 312 1810 372 44/4

136 339 251 399 12.
301 343 804 403 Schuitzler
863 332 901 392 s
970 327 1202 387 Death

1223 748 1934 808 OBSERVER

1310 817 1333 877 l.
1347 817 1467 877 österr.
1476 816 1628 876 behördl.
1638 811 1943 871 konzessionlertes

1264 858 1501 918 Unternehmen
1528 855 1577 915 für
1600 850 1992 910 Zeitungs-Ausschnitte

1318 916 1466 976 WIEN,
1492 915 1543 975 I.,
1563 913 1852 973 WOLLZEILE
1898 910 1942 970 11

1412 963 1625 1023 TELEPHON
1662 960 1839 1020 R-23-0-43

1223 1103 1439 1163 Ausschnitt
1462 1100 1550 1160 aus:

246 1160 560 1220 Stockholms
594 1184 808 1244 Dagblad

1583 1232 1636 1292 Die
1657 1235 1812 1295 schönere
1826 1235 1974 1295 Zukunft
1988 1238 2069 1298 Wies

1472 1318 1685 1378 2OMOV
1745 1298 1855 1358 1031

313 1320 623 1380 71

1216 1327 1333 1387 vom:

1098 1373 1228 1433 Arthur
1251 1368 1448 1428 Schnitzler
1471 1364 1499 1424 im
1539 1359 1657 1419 Urteil
1681 1357 1736 1417 des
1765 1351 2019 1411 „Osservatore
2048 1343 2279 1403 Romano".1

1010 1419 1062 1479 der
1091 1410 1482 1470 Nimerreh.
1502 1405 1544 1465 7.“
1574 1401 1626 1461 vom
1670 1399 1702 1459 8.
1722 1398 1770 1458 11.
1789 1396 1827 1456 31
1846 1393 1970 1453 schrieb
2000 1389 2056 1449 der
2081 1383 2305 1443 Herausgeber

1011 1462 1096 1522 einen
1131 1455 1435 1515 Umschau-Artikel
1457 1450 1529 1510 über
1556 1447 1606 1507 den
1637 1443 1748 1503 jüngst
1769 1439 1996 1499 verstorbenen
2027 1432 2146 1492 Arthur
2168 1427 2313 1487 Schnitz-

1013 1509 1051 1569 ler
1073 1508 1119 1568 als
1141 1505 1231 1565 einen
1257 1500 1420 1560 typischen
1450 1494 1613 1554 Vertreter
1635 1492 1690 1552 des
1712 1486 1995 1546 naturalistischen
2021 1477 2227 1537 Abschnittes
2249 1474 2304 1534 der

176 1546 402 1606 Foulhunn
434 1538 629 1598 Bellibder
651 1531 805 1591 premihe

1013 1579 1297 1639 oterreichischen
1327 1581 1490 1641 Literatur
1511 1582 1569 1642 mit
1591 1584 1938 1644 morbid-weichlichen
1968 1586 2194 1646 Einschlâgen.
2219 1586 2290 1646 Sole

181 1604 197 1664 i
224 1599 334 1659 Wien

1017 1627 1121 1687 hartes
1155 1626 1259 1686 Urteil
1284 1628 1313 1688 zu
1347 1627 1464 1687 fâllen,
1485 1626 1547 1686 war
1577 1629 1669 1689 nicht
1694 1629 1903 1689 jedermanns
1932 1630 2049 1690 Sache;
2071 1632 2149 1692 alle,
2171 1632 2216 1692 die
2246 1633 2308 1693 siel

233 1668 353 1728 Frdn
385 1665 453 1725 St.
475 1662 545 1722 D:s
566 1654 897 1714 korrespondent-

1021 1671 1040 1731 im
1081 1671 1177 1731 Laufe
1206 1671 1259 1731 von
1287 1674 1501 1734 Jahrzehnten
1530 1672 1586 1732 der
1611 1674 1808 1734 luferioritât
1829 1675 1926 1735 daran
1955 1675 2108 1735 gewöhnt
2129 1677 2249 1737 haben,
2266 1677 2289 1737 il

1022 1715 1237 1775 literarisches
1262 1717 1370 1777 Urteil
1387 1717 1440 1777 von
1470 1717 1523 1777 den
1553 1720 1781 1780 Marktgrôfen
1811 1719 1864 1779 des
1890 1719 2121 1779 Liberalismus
2147 1721 2246 1781 bilden
2275 1722 2304 1782 zi

228 1733 325 1793 WIEN
370 1729 381 1789 i
413 1723 598 1783 november.
623 1715 813 1775 Schnitzlere
845 1711 943 1771 efter¬

1017 1760 1134 1820 lassen,
1158 1761 1327 1821 verstehen
1358 1763 1413 1823 gar
1445 1763 1546 1823 haufig
1574 1763 1664 1823 einen
1696 1763 1833 1823 anderen
1864 1766 2076 1826 Standpunkt
2100 1766 2189 1826 nicht
2213 1766 2303 1826 mehr

192 1778 328 1838 lämnade
356 1769 557 1829 manuskript
581 1765 612 1825 ha
640 1763 676 1823 nu
704 1756 955 1816 alutgranskats.

1022 1807 1053 1867 Da
1086 1805 1130 1865 ist
1159 1808 1190 1868 es
1223 1807 1436 1867 interessant,
1457 1808 1698 1868 festzustellen,
1719 1811 1779 1871 daf
1816 1810 1875 1870 sich
1908 1811 1964 1871 der
1993 1811 2222 1871 „Osservatore
2255 1811 2294 1871 Ro

193 1823 294 1883 Enligt
324 1818 369 1878 ett
392 1811 598 1871 meddelande
627 1806 701 1866 frän
730 1801 946 1861 författarens

194 1869 245 1929 son
271 1864 321 1924 till
341 1859 424 1919 Eder
450 1855 698 1915 korrespondent
725 1847 775 1907 Aro
802 1848 813 1908 2
840 1844 941 1904 pläser

1017 1850 1125 1910 mano"
1146 1853 1201 1913 das
1226 1853 1330 1913 Urteil
1348 1853 1404 1913 Dr.
1416 1855 1545 1915 Eberles
1565 1855 1597 1915 zu
1622 1856 1706 1916 eigen
1731 1856 1884 1916 gemacht
1904 1856 1960 1916 und
1989 1856 2009 1916 in
2034 1856 2138 1916 seiner
2159 1856 2311 1916 Nummer

196 1912 222 1972 sà
256 1907 328 1967 gott
356 1904 401 1964 som
449 1898 667 1958 fullbordade.
702 1892 774 1952 Den
808 1888 860 1948 ena
894 1886 947 1946 far

1021 1895 1067 1955 vom
1115 1897 1162 1957 15.
1183 1898 1231 1958 11.
1248 1898 1260 1958 3
1304 1898 1363 1958 den
1390 1898 1573 1958 erwähnten
1605 1901 1732 1961 Artikel
1750 1901 1844 1961 unter
1866 1901 1921 1961 dem
1965 1901 2106 1961 gleichen
2137 1903 2218 1963 Titel
2240 1904 2308 1964 „Ein

192 1953 274 2013 titeln
316 1947 451 2007 "Ordet"
488 1944 539 2004 och
597 1938 701 1998 spelar
732 1935 747 1995 1
774 1931 934 1991 författar

1021 1941 1232 2001 vergôtterter
1266 1942 1536 2002 Pseudodichter"
1570 1944 1594 2004 in
1632 1945 1852 2005 italienischer
1886 1946 2102 2006 Cbersetzung
2140 1946 2293 2006 wiederge

197 1998 299 2058 mil)6.
337 1993 412 2053 Den
451 1987 579 2047 andra,
601 1980 692 2040 heter
726 1978 951 2038 "Gkuggornas

1018 1988 1113 2048 geben
1138 1989 1204 2049 hat.
1230 1987 1283 2047 Die
1309 1989 1484 2049 Redaktion
1509 1988 1563 2048 des
1584 1990 1817 2050 „Osservatore
1842 1990 2000 2050 Romano"
2026 1990 2117 2050 leitet
2134 1991 2188 2051 den
2213 1992 2312 2052 Nach-

195 2042 243 2102 täg
298 2038 379 2098 (Der
401 2036 466 2096 Zug
494 2030 548 2090 der
576 2026 760 2086 Schatten).
798 2019 939 2079 Handlin

1014 2032 1108 2092 druck
1142 2032 1202 2092 mit
1219 2033 1390 2093 folgenden
1421 2035 1549 2095 Worten
1579 2035 1643 2095 ein:
1661 2035 1844 2095 „lnlängst
1866 2035 1909 2095 ist
1930 2035 1956 2095 in
1990 2035 2076 2095 Wien
2102 2035 2157 2095 der
2183 2038 2315 2098 Drama-

199 2087 248 2147 gen
284 2082 447 2142 förlägges
477 2074 581 2134 delvis
607 2071 710 2131 bakom
780 2064 953 2124 kulisserna

1018 2077 1096 2137 tiker
1122 2079 1238 2139 Arthur
1263 2079 1438 2139 Schnitz'er
1459 2080 1650 2140 gestorben,
1668 2080 1721 2140 den
1747 2081 1796 2141 die
1821 2080 2025 2140 Modepresse
2051 2083 2121 2143 auch
2150 2083 2171 2143 in
2200 2083 2304 2143 Italien

204 2131 254 2191 och
278 2125 508 2185 teaterproblem
549 2118 655 2178 utgöra
678 2112 819 2172 styckets
836 2107 959 2167 huvud¬

1013 2125 1052 2185 als
1077 2125 1198 2185 groben
1227 2125 1356 2185 Dichter
1377 2125 1498 2185 preisen
1522 2125 1554 2185 zu
1583 2126 1708 2186 mûssen
1733 2128 1882 2188 glaubte.
1911 2128 1971 2188 Daß
2001 2128 2032 2188 er
2057 2128 2121 2188 eine
2146 2127 2315 2187 Berühmt-

201 2171 356 2231 innchäll.
410 2163 600 2223 "Deutsches
653 2154 878 2214 Volkstheater

1017 2168 1077 2228 heit
1097 2167 1162 2227 war
1186 2169 1243 2229 und
1268 2169 1324 2229 daß
1356 2169 1437 2229 seine
1466 2169 1587 2229 Bûcher
1611 2172 1676 2232 eine
1701 2172 2004 2232 außerordentliche
2033 2171 2239 2231 Verbreitung
2267 2172 2315 2232 er-

212 2214 307 2274 Wien,
331 2215 364 2275 på
393 2210 495 2270 vilken
523 2206 557 2266 de
585 2202 676 2262 fleste
705 2199 744 2259 av
767 2195 959 2255 Schnitslers

1014 2214 1142 2274 fuhren,
1164 2215 1209 2275 ist
1234 2214 1367 2274 richtig.
1401 2216 1438 2276 Er
1463 2216 1588 2276 schrieb
1617 2217 1800 2277 zahtreiche
1830 2217 2084 2277 Theaterstûcke
2113 2217 2171 2277 und
2205 2216 2304 2276 einige

210 2262 274 2322 verk
305 2260 375 2320 sägo
405 2253 593 2313 rampljuset
623 2246 669 2306 for
699 2243 799 2303 första
823 2241 964 2301 gängen,

1022 2257 1183 2317 Novellen.
1217 2259 1296 2319 Arzt
1325 2259 1379 2319 von
1413 2259 1525 2319 Beruf,
1546 2262 1683 2322 Zyniker
1712 2262 1770 2322 der
1800 2262 1982 2322 Gesinnung
2020 2262 2115 2322 nach,
2136 2262 2194 2322 mit
2220 2262 2311 2322 einer

208 2304 267 2364 har
294 2298 509 2358 tillförsäkrat
558 2295 607 2355 alg
651 2287 957 2347 uppföranderätten

1018 2304 1300 2364 unewôhnlichen
1329 2306 1516 2366 Intelligenz
1545 2308 1603 2368 und
1632 2308 1752 2368 grofer
1778 2309 2068 2369 Stilgewandtheit
2089 2308 2221 2368 begabt,
2243 2307 2313 2367 ver-

219 2349 265 2409 och
297 2342 544 2402 urpremidrerna
568 2337 692 2397 komme
717 2334 762 2394 att
787 2332 840 2392 age
864 2328 917 2388 ruu
949 2329 964 2389 !

1012 2349 1092 2409 stand
1121 2351 1157 2411 er
1178 2352 1230 2412 es,
1247 2352 1303 2412 dem
1345 2352 1580 2412 Skeptizismus
1605 2352 1661 2412 und
1690 2352 1873 2412 Erotismus
1897 2352 2003 2412 seiner
2028 2355 2096 2415 Zeit
2117 2355 2149 2415 zu
2178 2355 2315 2415 schmei-

221 2393 363 2453 februari
391 2389 443 2449 och
480 2385 577 2445 mar.

1014 2396 1122 2456 cheln,
1135 2396 1223 2456 indem
1264 2396 1292 2456 er
1312 2396 1393 2456 stets
1413 2396 1606 2456 schlûpfrige
1627 2396 1764 2456 hmen
1789 2399 1845 2459 und
1869 2397 2034 2457 anormale
2055 2397 2123 2457 oder
2144 2399 2309 2459 entgleiste

814 2415 935 2475 Hard

1013 2441 1202 2501 Charaktere
1234 2441 1444 2501 behandelte,
1453 2441 1549 2501 denen
1570 2441 1601 2501 er
1618 2441 1703 2501 einn
1728 2444 1937 2504 krankhaften
1961 2444 2082 2504 Zauber
2099 2444 2127 2504 zu
2152 2444 2304 2504 verleihen

1014 2486 1138 2546 wuûte.
1181 2487 1314 2547 Wenige
1353 2488 1494 2548 Kritiker
1529 2488 1588 2548 nur
1623 2489 1726 2549 haben
1765 2489 1936 2549 aufrichtig
1980 2489 2040 2549 und
2079 2489 2314 2549 gewissenhaft

1013 2532 1087 2592 uber
1115 2531 1169 2591 den
1201 2534 1459 2594 kûnstlerischen
1491 2534 1545 2594 und
1577 2534 1820 2594 literarischen,
1840 2534 2055 2594 moralischen
2087 2534 2141 2594 und
2173 2535 2305 2595 sozialen

1018 2576 1109 2636 Wert
1134 2578 1192 2638 des
1225 2579 1362 2639 Werkes
1395 2579 1515 2639 Arthur
1545 2579 1739 2639 Schnitzlers
1773 2579 2001 2639 geschrieben.
2034 2579 2117 2639 Auch
2150 2579 2208 2639 das
2238 2580 2303 2640 eine

1014 2622 1088 2682 oder
1118 2622 1234 2682 andere
1272 2623 1467 2683 katholische
1501 2623 1588 2683 Blatt
1617 2623 1779 2683 gewährte
1813 2623 1996 2683 Nachrufen
2034 2623 2229 2683 Aufnahme,
2250 2627 2316 2687 die,

1014 2668 1046 2728 um
1087 2668 1119 2728 es
1147 2668 1240 2728 milde
1265 2668 1528 2728 auszudrfeken,
1545 2669 1613 2729 eine
1638 2668 1715 2728 allzu
1748 2668 1967 2728 weitgehende
2000 2671 2173 2731 Nachsicht
2194 2669 2226 2729 an
2255 2671 2307 2731 den

1014 2713 1067 2773 Tag
1105 2713 1230 2773 legten.
1259 2713 1397 2773 Iiervon
1435 2713 1676 2773 unterscheidet
1702 2715 1764 2775 sich
1798 2716 1856 2776 das
1885 2714 2035 2774 strenge,
2056 2716 2131 2776 aber
2161 2715 2310 2775 gerechte

1014 2758 1119 2818 Urteil
1138 2758 1194 2818 Dr.
1212 2758 1345 2818 Eberles
1367 2761 1389 2821 in
1415 2761 1468 2821 der
1495 2761 1680 2821 Schôneren
1707 2761 1860 2821 Zukunft'
1878 2761 1931 2821 vom
1971 2761 2002 2821 8.
2020 2761 2068 2821 11.
2081 2761 2147 2821 31.“
2178 2761 2310 2821 Hierauf

1008 2806 1094 2866 folgt
1117 2805 1172 2865 der
1200 2806 1346 2866 Artikel.

252 3038 406 3098 Bladet:

470 3151 705 3211 Barsen

271 3184 286 3244 —

1083 3224 1183 3284 Lap:

1386 3305 1532 3365 1nov.
1558 3296 1655 3356 22.

271 3337 397 3397 ckriver
421 3330 489 3390 der
572 3321 639 3381 9.
652 3319 790 3379 NOV.
804 3319 918 3379 1931

1087 3343 1301 3403 Megjelens:
1318 3338 1334 3398 -

262 3452 397 3512 Blandt
429 3445 564 3505 Arthur
604 3438 822 3498 Schnitzlers
881 3431 989 3491 efter¬

231 3503 320 3563 ladio
347 3495 488 3555 Papirer
518 3491 578 3551 har
604 3488 679 3548 man
710 3483 836 3543 fundet
861 3480 897 3540 et
917 3477 982 3537 Par

1201 3523 1428 3583 Kahlila
1488 3501 1588 3561 dirum
1623 3484 1799 3544 alunaden
1834 3469 1900 3529 de=

230 3544 635 3604 Enaktére)wene
671 3534 699 3594 er
734 3534 797 3594 paa
827 3528 908 3588 Vere
937 3528 977 3588 og

1154 3569 1366 3629 Rolluna
1418 3543 1606 3603 Viun.
1632 3522 1807 3582 dladen
1834 3508 1895 3568 de-

1148 3619 1212 3679 dla
1239 3606 1315 3666 utéa
1356 3585 1550 3645 copterre
1577 3570 1694 3630 hdron
1735 3551 1901 3611 darabiet

234 3603 388 3663 r
415 3585 859 3645 Trdiveaarskrigens
880 3577 994 3637 Dage.

1146 3652 1300 3712 okarige
1314 3629 1546 3689 booitatnt.
1561 3606 1767 3666 Partiaban.
1795 3588 1884 3648 Fité

234 3651 297 3711 Deh
335 3645 467 3705 änden,
515 3637 632 3697 „laus
669 3632 859 3692 Delorme“,
908 3624 986 3684 hvis

1146 3694 1278 3754 sealest
1304 3673 1414 3733 Kbrbe
1440 3661 1549 3721 körbe
1562 3648 1709 3708 francia
1735 3630 1904 3690 forditäise

234 3695 430 3755 Handling,
451 3690 511 3750 som
567 3684 738 3744 Tilfældet
764 3681 819 3741 saa
855 3677 920 3737 ofte
956 3672 991 3732 er

1146 3734 1183 3794 le
1209 3729 1246 3789 ed
1273 3712 1475 3772 trabbemar
1502 3694 1615 3754 atiore
1642 3684 1667 3744 la
1694 3674 1819 3734 kerdl.
1846 3665 1895 3725 de

236 3746 296 3806 hos
332 3742 545 3802 Schnitzler,
606 3731 642 3791 er
678 3728 824 3788 henlagt
856 3724 901 3784 til

1162 3773 1235 3833 miet
1262 3752 1512 3812 virdlcator
1540 3723 1752 3783 Rernhardi
1779 3705 1916 3765 eimaie-

1161 3810 1256 3870 rept
1296 3794 1422 3854 akarja
1461 3772 1656 3832 eljätsrani
1676 3757 1713 3817 és
1744 3752 1771 3812 az
1803 3743 1936 3803 Odcon,

238 3791 511 3851 Teater-Milieu,
561 3781 640 3841 blev
670 3778 813 3838 skrevet
838 3773 893 3833 for
948 3770 986 3830 en

1172 3840 1432 3900 gaaieruet
1461 3822 1473 3882 v
1544 3805 1721 3865 dunnaalt
1751 3792 1790 3852 da
1847 3782 1928 3842 y-

244 3840 528 3900 Menneekealder
560 3830 673 3890 siden;
726 3827 787 3887 det
813 3824 870 3884 var
927 3817 999 3877 Me¬

1168 3889 1290 3949 akarja
1320 3866 1538 3926 bemutatni.

241 3894 384 3954 ningen,
406 3889 442 3949 at
469 3884 532 3944 den
570 3878 691 3938 skulde
724 3874 808 3934 være
840 3870 956 3930 opfort
983 3872 999 3932 1

245 3940 374 4000 Berlin,
401 3935 471 3995 men
510 3928 568 3988 der
601 3927 676 3987 blev
710 3923 801 3983 intet
828 3922 866 3982 af
893 3917 995 3977 Opfo¬

245 3989 371 4049 relsen,
418 3985 458 4045 og
493 3979 643 4039 Stykket
667 3976 712 4036 fik
747 3974 764 4034 1
794 3971 914 4031 Stedet
938 3967 989 4027 for

250 4040 349 4100 Plads
369 4039 388 4099 !
407 4027 795 4087 Skrivebordsskuffen.

2346 3226 2482 3286 Lap:—

2616 3296 2643 3356 31
2674 3283 2776 3343 nov.
2796 3268 2890 3328 22.

2354 3341 2568 3401 Megjolent:
2587 3326 2605 3386 —

2336 3561 2598 3621 Schnitalert
2622 3554 2715 3614 hgrom
2759 3545 2949 3605 azinpadon
2982 3540 3054 3600 kog-

2303 3606 2339 3666 k
2372 3603 2526 3663 jätszani
2548 3591 2760 3651 Pärtzsban.
2777 3581 2973 3641 Schnitzler
3000 3577 3058 3637 ha¬

2285 3647 2343 3707 lala
2376 3641 2455 3701 utan
2504 3634 2691 3694 egoszerre
2734 3627 2841 3687 három
2884 3618 3054 3678 darabjét

2285 3684 2435 3744 akarják
2461 3672 2666 3732 pemutatni
2702 3663 2917 3723 Párizsban.
2953 3654 3058 3714 Elké-

2290 3721 2373 3781 szült
2400 3719 2409 3779 a
2441 3711 2687 3771 Körbg-körbe
2714 3701 2850 3761 francia
2882 3695 3053 3755 forditása

2300 3764 2316 3824 is
2345 3760 2378 3820 és
2408 3752 2623 3812 cakhamar
2647 3743 2760 3803 szinre
2789 3739 2817 3799 is
2840 3736 2959 3796 kerul.
2995 3731 3067 3791 Ge¬

2298 3800 2375 3860 mier
2404 3797 2418 3857 a
2447 3790 2659 3850 Proresszor
2689 3778 2896 3838 Bernhardi
2921 3773 3069 3833 cimsze¬

2298 3837 2393 3897 repét
2429 3833 2561 3893 akarja
2607 3821 2799 3881 eljátszani
2820 3818 2855 3878 és
2876 3814 2916 3874 az
2942 3809 3033 3869 Odco

2302 3873 2568 3933 Schnitzlernek
2603 3865 2660 3925 egy
2687 3862 2861 3922 harmadik
2896 3853 3061 3913 dara)gât

2304 3919 2428 3979 akarja
2455 3907 2672 3967 bemutatni.
