3392 4320
1441 255 1565 315 box
1645 255 1872 315 43/25

164 267 277 327 12.
336 269 922 329 Schuitzler's
990 269 1220 329 Deatl

1492 706 1756 766 ZVER

1191 808 1309 868 peter,
1326 791 1442 851 pelbid
1489 762 1769 822 tonesioneiles

1126 851 1352 911 Unternehmen
1367 830 1419 890 fur
1447 803 1807 863 Zetungs-Auschalte

1182 910 1329 970 NIEN.
1344 899 1382 959 I,
1411 875 1680 935 Wollzele

1278 947 1482 1007 TELEPHON
1524 926 1592 986 R-AS
1621 914 1661 974 OA

1041 1208 1120 1268 eu
1151 1199 1189 1259 es
1231 1180 1421 1240 iner
1463 1148 1720 1208 Journar,

1374 1273 1680 1333 24.10.1951

1137 1412 1863 1472 Tagesnenigkeiten.

971 1468 1134 1528 Manuskripte
1157 1470 1239 1530 werden
1271 1473 1329 1533 nicht
1348 1473 1534 1533 zurückgeschickt;
1557 1476 1729 1536 Schadenersatz
1748 1473 1802 1533 wird
1830 1475 1888 1535 nicht
1907 1473 2020 1533 geleistet.

917 1685 1233 1745 Aoschles
1281 1683 1596 1743 vonMi
1701 1686 2074 1746 Schngtei

1462 1757 1524 1817 Von

1340 1816 1465 1876 Walter
1494 1819 1522 1879 v.
1545 1819 1653 1879 Molo,

956 1863 1109 1923 gewesenem
1149 1861 1331 1921 Präsidenten
1362 1863 1406 1923 der
1431 1864 1604 1924 preußischen
1634 1867 1781 1927 Akademie
1807 1864 1851 1924 für
1871 1864 2044 1924 Dichtkunst.

1321 1921 1377 1981 Aus
1413 1921 1490 1981 einem
1536 1924 1695 1984 Gespräch.

1015 1991 1179 2051 Schnitzber
1208 1992 1270 2052 war
1299 1994 1423 2054 Wiener
1452 1995 1542 2055 durch
1571 1996 1633 2056 und
1662 1996 1763 2056 durch.
1787 1995 1826 2055 Es
1855 1994 1888 2054 ist
1917 1993 2092 2053 notwendig

907 2040 960 2100 von
992 2040 1044 2100 dem
1087 2040 1172 2100 Wien
1204 2043 1230 2103 zu
1262 2043 1415 2103 sprechen,
1442 2043 1495 2103 das
1522 2043 1706 2103 Schnitzlers
1734 2042 1881 2102 Anfänge
1908 2043 1966 2103 und
1993 2043 2088 2103 besten

911 2090 1013 2150 Jahre
1036 2090 1170 2150 umgab,
1187 2090 1240 2150 das
1273 2089 1316 2149 ihn
1349 2091 1440 2151 schuf,
1463 2092 1549 2152 wenn
1582 2093 1646 2153 man
1679 2091 1727 2151 ihn
1761 2091 1906 2151 verstehen
1939 2089 2014 2149 will.
2036 2088 2095 2148 Sie

910 2136 1031 2196 wissen,
1047 2136 1084 2196 ich
1117 2138 1195 2198 habe
1222 2138 1311 2198 dieses
1344 2140 1502 2200 damalige
1529 2139 1613 2199 Wien
1645 2138 1772 2198 damals
1799 2138 1914 2198 erlebt.
1936 2138 2010 2198 Man
2047 2139 2099 2199 hat

914 2184 995 2244 Wien
1033 2184 1075 2244 bis
1109 2185 1156 2245 zum
1206 2187 1422 2247 unglücklichen
1460 2188 1649 2248 Kriegsende
1676 2186 1746 2246 gern
1784 2186 1833 2246 die
1861 2187 2103 2247 Phäakenstadt,

910 2229 957 2289 die
984 2233 1078 2293 Stadt
1100 2232 1147 2292 des
1169 2233 1373 2293 Backhendls,
1390 2236 1548 2296 genannt,
1564 2235 1606 2295 die
1628 2234 1727 2294 Stadt
1744 2233 1790 2293 der
1812 2233 1933 2293 schönen
1960 2234 2107 2294 Frauen,

910 2279 957 2339 die
984 2280 1084 2340 Stadt
1111 2279 1157 2339 der
1184 2282 1447 2342 Leichtlebigkeit.
1469 2283 1532 2343 Mit
1554 2282 1601 2342 all
1633 2282 1722 2342 diesen
1754 2282 1843 2342 guten
1875 2282 2017 2342 Worten,
2039 2280 2096 2340 aus

913 2329 1005 2389 denen
1036 2329 1103 2389 eine
1130 2327 1191 2387 Art
1212 2330 1289 2390 Neid
1315 2331 1366 2391 des
1398 2332 1511 2392 immer
1537 2330 1841 2390 schwevarbeitenden
1878 2330 2099 2390 Deutschlands

914 2381 1029 2441 sprach,
1051 2378 1103 2438 hat
1125 2378 1193 2438 man
1220 2378 1303 2438 Wien
1331 2381 1362 2441 zu
1389 2379 1651 2439 charakterisieren
1678 2378 1826 2438 versucht.
1848 2376 1910 2436 Wir
1937 2378 2042 2438 wollen
2069 2375 2100 2435 es

908 2426 992 2486 offen
1024 2426 1177 2486 zugøben,
1199 2427 1262 2487 auch
1294 2426 1335 2486 ein
1373 2428 1442 2488 klein
1479 2427 1573 2487 wenig
1606 2426 1881 2486 Geringschätzung
1913 2426 1976 2486 war
2003 2425 2108 2485 dabei.

916 2473 982 2533 Das
1014 2473 1136 2533 Wiener
1163 2473 1378 2533 Bürgertum,
1399 2475 1450 2535 dem
1491 2474 1661 2534 Schnitzler
1687 2473 1856 2533 angehörte
1888 2472 1943 2532 und
1975 2473 2026 2533 dem
2072 2473 2103 2533 er

916 2521 1039 2581 deshalb
1070 2523 1116 2583 als
1137 2523 1271 2583 echtester
1298 2524 1421 2584 Wiener
1448 2525 1494 2585 oft
1510 2524 1602 2584 liebe,
1618 2523 1844 2583 schwermütige
1871 2521 2015 2581 Stunden
2047 2520 2097 2580 von

916 2571 968 2631 der
995 2571 1106 2631 Bühne
1138 2572 1206 2632 oder
1233 2572 1291 2632 aus
1318 2573 1418 2633 seinen
1450 2573 1587 2633 Büchern
1641 2570 1804 2630 bereitete,
1847 2570 1884 2630 ist
1926 2571 1952 2631 in
2006 2568 2105 2628 seiner

913 2620 1055 2680 Haltung
1090 2618 1148 2678 und
1183 2617 1212 2677 in
1247 2620 1340 2680 seinem
1389 2618 1532 2678 Gebaren
1566 2618 1796 2678 konservakiver
1827 2616 1875 2676 als
1905 2616 1964 2676 das
1994 2615 2111 2675 reichs¬

916 2665 1051 2725 deutsche
1076 2665 1288 2725 Bürgertum,
1308 2666 1670 2726 traditionsgebunden,
1686 2665 1710 2725 im
1751 2664 1872 2724 Fühlen
1903 2664 1967 2724 noch
1998 2664 2033 2724 an
2064 2664 2108 2724 die

920 2714 1171 2774 Metternichsche
1197 2712 1273 2772 Zeit
1298 2715 1490 2775 erinnernd,
1515 2713 1561 2773 die
1592 2712 1687 2772 soviel
1718 2712 1773 2772 von
1809 2710 1864 2770 der
1895 2709 2020 2769 Wiener
2051 2707 2116 2767 Art

918 2760 1077 2820 geschaffen
1109 2761 1176 2821 hat,
1197 2759 1285 2819 deren
1316 2762 1600 2822 hauptsächlichster
1627 2759 1787 2819 Vertreter
1813 2758 1911 2818 Artur
1937 2758 2108 2818 Schnitzler

922 2808 986 2868 war
1017 2808 1071 2868 und
1103 2809 1147 2869 die
1178 2811 1242 2871 auch
1274 2809 1358 2869 heute
1389 2810 1454 2870 noch
1485 2809 1530 2869 bei
1555 2809 1631 2869 allen
1661 2808 1927 2868 Veränderungen
1963 2806 1983 2866 in
2019 2806 2103 2866 Wien

920 2858 1060 2918 lebendig
1094 2856 1142 2916 ist.
1164 2859 1207 2919 In
1245 2855 1294 2915 der
1327 2855 1609 2915 Metternich=Zeit
1631 2855 1793 2915 gewöhnte
1826 2855 1869 2915 sich
1902 2852 1956 2912 der
1983 2850 2112 2910 Wiener

923 2903 982 2963 an,
1003 2906 1158 2966 vorsichtig
1188 2906 1218 2966 zu
1249 2903 1454 2963 formulieren
1489 2902 1499 2962 —
1555 2905 1590 2965 um
1635 2903 1715 2963 nicht
1741 2903 1926 2963 denunziert
1956 2901 2011 2961 und
2042 2899 2106 2959 ein¬

925 2954 1060 3014 gesperrt
1080 2954 1105 3014 zu
1136 2954 1251 3014 werden
1272 2954 1327 3014 —,
1343 2954 1438 3014 davon
1469 2954 1579 3014 kommt
1605 2951 1665 3011 viel
1680 2951 1886 3011 Ueberlegung
1917 2951 1972 3011 und
1998 2949 2113 3009 Form.

923 3001 1118 3061 Gleichzeitig
1150 3001 1222 3061 aber
1253 3000 1320 3060 auch
1351 3000 1418 3060 viel
1444 3000 1645 3060 Sarkasmus
1677 2999 1733 3059 und
1770 2999 1852 3059 durch
1883 2999 2007 3059 Humor
2038 2998 2110 3058 ver¬

926 3051 1019 3111 klärte
1047 3049 1230 3109 Bitterkeit,
1253 3049 1302 3109 die
1336 3048 1402 3108 auch
1436 3049 1602 3109 Schnitzler
1636 3046 1907 3106 charakterisierte.

1032 3115 1131 3175 Artur
1169 3115 1337 3175 Schnitzler
1375 3116 1501 3176 gehörte
1533 3115 1564 3175 zu
1608 3115 1660 3175 den
1697 3114 1813 3174 immer
1845 3112 2008 3172 selteneren
2051 3109 2113 3169 Er¬

929 3166 1121 3226 scheinungen
1155 3165 1205 3225 des
1233 3165 1487 3225 Schriftstellers,
1510 3163 1559 3223 bei
1582 3163 1631 3223 dem
1677 3160 1764 3220 Werk
1793 3161 1847 3221 und
1875 3161 2119 3221 Persönlichkeit

937 3215 1001 3275 janz
1018 3214 1083 3274 eins
1110 3212 1185 3272 sind.
1202 3211 1261 3271 Der
1289 3211 1401 3271 Mensch
1429 3211 1597 3271 Schnitzler
1619 3212 1651 3272 ist
1673 3209 1721 3269 das
1749 3206 1834 3266 Werk
1851 3210 2018 3270 Schnitzler
2040 3208 2115 3268 und,

922 3261 975 3321 wie
997 3261 1060 3321 man
1087 3260 1134 3320 den
1161 3259 1283 3319 Wiener
1304 3261 1346 3321 oft
1368 3258 1452 3318 falsch
1480 3258 1623 3318 versteht,
1634 3258 1708 3318 weil
1735 3258 1798 3318 man
1836 3256 1920 3316 leises
1947 3256 2116 3316 skeptisches

929 3309 1066 3369 Gebaren
1094 3308 1143 3368 für
1172 3309 1414 3369 „Schlappheit“
1442 3309 1524 3369 hält,
1542 3308 1685 3368 während
1713 3306 1762 3366 sich
1790 3306 1812 3366 in
1840 3304 1889 3364 ihm
1928 3303 1988 3363 viel
2011 3304 2116 3364 Weis¬

931 3357 988 3417 heit
1010 3357 1068 3417 und
1095 3354 1179 3414 Güte
1206 3356 1358 3416 verbirgt,
1380 3357 1400 3417 so
1427 3357 1602 3417 widerfuhr
1629 3356 1655 3416 es
1682 3354 1744 3414 auch
1777 3354 1956 3414 Schnitzler.
1977 3353 2035 3413 Die
2057 3350 2114 3410 un¬

926 3406 1054 3466 garische
1086 3405 1189 3465 Pußta
1220 3405 1277 3465 mit
1303 3406 1390 3466 ihren
1422 3405 1582 3465 traurigen
1618 3402 1794 3462 Liedweisen
1831 3401 1887 3461 und
1919 3401 1970 3461 die
1991 3399 2120 3459 schwer¬

933 3453 1063 3513 mütigen
1098 3453 1203 3513 Lieder
1224 3450 1273 3510 der
1299 3453 1479 3513 mährischen
1515 3452 1670 3512 Schnitter
1696 3450 1751 3510 sind
1781 3450 1836 3510 alle
1862 3449 1941 3509 nicht
1962 3448 2032 3508 weit
2053 3447 2107 3507 von

931 3498 1012 3558 Wien
1049 3500 1244 3560 entstanden.
1265 3502 1311 3562 In
1342 3499 1511 3559 Schnitzler
1538 3497 1619 3557 lebte
1646 3497 1691 3557 die
1718 3496 1882 3556 Tradition
1918 3494 1969 3554 der
1995 3495 2108 3555 großen

933 3544 1050 3604 Wiener
1080 3548 1208 3608 Aerzte,
1233 3548 1277 3608 die
1307 3546 1365 3606 alle
1390 3545 1582 3605 bedeutende
1612 3545 1768 3605 Menschen
1804 3545 1926 3605 waren.
1946 3544 1990 3604 In
2025 3542 2113 3602 Wien

923 3596 1008 3656 war,
1028 3598 1053 3658 in
1084 3596 1139 3656 den
1170 3593 1265 3653 besten
1296 3593 1417 3653 Jahren
1473 3593 1680 3653 Schnitzlers,
1721 3591 1767 3651 die
1792 3590 1989 3650 Humanität
2035 3590 2120 3650 keine

937 3644 1067 3704 Phrase,
1082 3641 1137 3701 kein
1168 3643 1309 3703 Betrieb,
1330 3641 1384 3701 kein
1410 3641 1626 3701 Parteiwort,
1642 3639 1762 3699 sondern
1793 3638 1979 3698 bürgerliche
2000 3636 2120 3696 Selbst¬

928 3690 1208 3750 verständlichkeit;
1224 3689 1301 3749 alles
1328 3688 1504 3748 verstehen,
1520 3688 1592 3748 alles
1624 3685 1774 3745 verzeihen
1806 3686 1909 3746 gemäß
1941 3685 1992 3745 dem
2029 3685 2111 3745 alten

935 3736 1053 3796 Wiener
1082 3739 1173 3799 Lied:
1196 3739 1400 3799 „Menschen,
1423 3739 1582 3799 Menschen
1611 3736 1661 3796 san
1695 3736 1763 3796 mar
1792 3736 1865 3796 alle,
1883 3733 1996 3793 Fehler
2025 3733 2081 3793 hat
2099 3733 2115 3793 a

937 3787 1014 3847 jeder
1048 3787 1175 3847 gnua".

1042 3841 1249 3901 Bezeichnend
1278 3841 1313 3901 ist
1336 3841 1382 3901 die
1406 3841 1549 3901 folgende
1578 3841 1746 3901 Anekdote:
1769 3841 1820 3901 Ich
1850 3839 1925 3899 habe
1954 3840 2121 3900 Schnitzler

934 3888 988 3948 seit
1010 3890 1064 3950 dem
1102 3891 1210 3951 Jahre
1238 3888 1313 3948 1913
1341 3889 1422 3949 nicht
1449 3891 1536 3951 mehr
1559 3890 1704 3950 gesehen,
1721 3889 1769 3949 bis
1797 3889 1824 3949 zu
1857 3888 1905 3948 dem
1954 3888 2051 3948 Tage,
2074 3884 2122 3944 als

932 3936 1091 3996 Elisabeth
1119 3936 1268 3996 Bergner
1318 3936 1345 3996 in
1384 3938 1478 3998 seiner
1506 3936 1727 3996 Anwesenheit
1777 3933 1804 3993 im
1849 3936 2031 3996 Reichstage
2064 3935 2119 3995 aus

943 3988 1034 4048 seinen
1067 3984 1186 4044 Werken
1219 3986 1288 4046 las.
1310 3984 1374 4044 Wir
1402 3987 1504 4047 hatten
1537 3985 1596 4045 uns
1629 3985 1779 4045 ungefähr
1807 3984 1990 4044 anderthalb
2023 3982 2125 4042 Jahr¬

940 4036 1045 4096 zehnte
1077 4035 1156 4095 nicht
1183 4035 1357 4095 gesprochen
1400 4035 1458 4095 und
1490 4035 1696 4095 geschrieben.
1723 4033 1775 4093 Ich
1808 4034 1912 4094 wußte
1945 4034 2003 4094 nur
2035 4032 2119 4092 durch

940 4079 988 4139 den
1027 4082 1155 4142 üblichen
1194 4082 1339 4142 Tratsch,
1378 4082 1437 4142 daß
1470 4082 1641 4142 Schnitzler
1675 4081 1728 4141 mit
1761 4081 1874 4141 meiner
1907 4082 2117 4142 „preußischen

942 4130 1123 4190 Haltuna“,
1138 4130 1194 4190 wie
1214 4130 1242 4190 er
1267 4130 1348 4190 saate
1372 4130 1381 4190 —
1434 4130 1462 4190 er
1487 4129 1601 4189 meinte
1625 4127 1677 4187 vor
1697 4129 1769 4189 allem
1807 4127 1854 4187 den
1884 4127 2122 4187 „Friedericus"
