3392 4352
1181 88 1514 148 e
1918 97 1974 157 e

247 106 279 166 Je
307 107 441 167 Familie
464 112 609 172 gewandt
637 115 734 175 hatte.
751 118 809 178 Ein
837 121 939 181 späten

983 125 1062 185 des
1095 134 1446 194 Burgtheaters
1480 138 1527 198 zum
1575 140 1730 200 Ausdruck
1768 143 1794 203 zu
1832 145 1976 205 bringen.
2003 148 2114 208 Hofrat

259 148 280 208 n
314 150 369 210 der
397 159 652 219 Gemeinde
686 162 797 222 Wien,
820 167 918 227 Arthu

994 174 1157 234 Wildgans
1184 178 1237 238 hat
1258 180 1337 240 einen
1364 183 1469 243 Kranz
1491 186 1680 246 überbracht,
1697 186 1744 246 der
1766 189 1818 249 auf
1840 189 1929 249 seinen
1961 192 2103 252 Schleifen

260 195 320 255 der
349 198 515 258 Gemeinde
543 207 793 267 beizustellenden
821 212 920 272 Ehren

996 218 1131 278 folgende
1166 222 1319 282 Inschrift
1342 230 1460 290 trägt:
1490 229 1681 289 „Seinem
1727 235 1891 295 großen
1931 237 2112 297 Dichter

251 243 290 303 te
319 243 375 303 mit
404 246 501 306 Dank
535 254 705 314 abgelehnt
741 257 876 317 werden,
905 260 939 320 da

984 264 1025 324 in
1056 266 1126 326 den
1162 273 1334 333 Jahren
1365 273 1477 333 1895
1508 274 1578 334 bis
1608 278 1727 338 1931
1763 282 1846 342 das
1876 285 2107 345 dankbare

255 294 278 354 g
309 291 361 351 der
398 296 677 356 Kultusgemeinde
713 303 932 363 angenommen

988 315 1331 375 Burgtheater.

251 380 322 440 Inde
351 382 451 442 Zeilen
489 387 543 447 vom
589 392 698 452 Sohne
727 395 909 455 Schnitzlers

1080 413 1135 473 Ein
1160 418 1308 478 Anschlag
1333 421 1351 481 im
1395 422 1597 482 Burgtheater
1623 425 1684 485 teilt
1709 426 1758 486 den
1790 429 1980 489 Mitgliedern
2012 433 2103 493 dieser

297 430 358 490 Ich
398 430 510 490 ersuche
549 436 582 496 um
639 440 823 500 freundliche
858 443 924 503 Ver

981 460 1092 520 Bühne
1126 462 1169 522 die
1204 466 1320 526 Stunde
1348 467 1397 527 des
1431 471 1776 531 Leichenbegängnisses
1810 475 1865 535 mit
1899 477 1954 537 und
1988 479 2104 539 fordert

248 474 349 534 genden
384 481 582 541 letztwilligen
617 488 867 548 Verfügungen,
890 492 940 552 die

976 509 1015 569 sie
1039 509 1106 569 auf,
1130 510 1174 570 der
1204 515 1528 575 Trauerkundgebung
1552 518 1596 578 für
1626 521 1739 581 Arthur
1763 523 1933 583 Schnitzler
1951 527 2104 587 möglichst

243 521 286 581 ges
319 522 437 582 Vaters
477 530 682 590 vorgefunden
726 534 839 594 haben,
872 539 904 599 un

986 553 1144 613 vollzählig
1174 559 1402 619 beizuwohnen.

244 568 516 628 Hinterbliebenen
559 576 599 636 die
629 578 765 638 gesamte
789 580 919 640 Oeffent

250 613 301 673 des
337 616 528 676 Verewigten
563 622 592 682 zu
627 625 742 685 achten.

1050 628 1380 688 Journalisten-
1417 634 1497 694 und
1543 640 2011 700 Schriftstellerverein

424 670 564 730 Heinrich
597 682 866 742 Schnitzler.

1356 694 1716 754 „Coucordia“.

1056 737 1139 797 Unser
1168 741 1395 801 Ehrenmitglied
1418 744 1496 804 Herr
1519 747 1579 807 Dr.
1602 750 1713 810 Arthur
1736 752 1969 812 Schnitzler
1992 753 2031 813 ist
2048 755 2081 815 am

242 744 441 804 Wünsche
477 746 547 806 des
591 753 817 813 Dichters.

1042 783 1078 843 d.
1105 786 1267 846 gestorben.

249 798 363 858 1912.

1048 831 1113 891 Das
1141 835 1414 895 Leichenbegängnis
1442 837 1529 897 findet
1552 843 1666 903 Freitag
1694 843 1743 903 den
1771 844 1825 904 23.
1848 846 1874 906 d.
1902 846 1934 906 um
1974 848 2006 908 12
2039 849 2093 909 Uhr

249 855 303 915 ich
332 858 395 918 nach
424 861 533 921 meinem
582 864 709 924 Ableben
738 867 765 927 zu
794 870 921 930 erfüllen

966 876 1088 936 mittags
1117 881 1166 941 auf
1194 882 1233 942 dem
1278 885 1540 945 Zentralfriedhofe
1568 888 1612 948 (1.
1635 890 1712 950 Tor)
1736 891 1785 951 von
1819 892 1863 952 der
1892 894 2097 954 Zeremonien¬

966 924 1044 984 halle
1073 926 1123 986 aus
1151 927 1229 987 statt.

1046 968 1105 1028 Die
1128 971 1236 1031 Herren
1269 977 1518 1037 Vereinökollegen
1551 980 1654 1040 werden
1682 980 1811 1040 gebeten,
1834 986 1877 1046 sich
1910 988 1958 1048 zum
1997 989 2083 1049 ketzten

962 1013 1083 1073 Geleite
1113 1021 1247 1081 zahlreich
1283 1025 1474 1085 einzufinden.

1706 1030 1795 1090 Der
1824 1036 2054 1096 Vorstand.

262 1039 342 1099 Auch
379 1040 404 1100 in
442 1043 491 1103 der
528 1049 658 1109 Zeitung
696 1050 775 1110 nicht

245 1088 355 1148 tzter
388 1090 584 1150 Klasse!
617 1096 688 1156 Das
728 1098 819 1158 durch
852 1103 916 1163 Be¬

991 1088 1103 1148 Eine
1141 1098 1645 1158 Beileidshundgebung
1691 1105 1871 1165 Schalom
1932 1109 2051 1169 Asch'

246 1133 342 1193 lungen
388 1137 547 1197 erübrigte
574 1142 654 1202 Geld
690 1145 733 1205 ist
761 1147 910 1207 Spitals¬

1037 1143 1099 1203 Der
1127 1147 1245 1207 Dichter
1274 1152 1398 1212 Schalom
1449 1154 1533 1214 Isch
1568 1156 1618 1216 hat
1647 1156 1680 1216 an
1714 1156 1765 1216 den
1805 1158 1923 1218 Wiener
1957 1160 2086 1220 Penhlub

957 1189 1011 1249 das
1045 1192 1172 1252 folgende
1200 1198 1521 1258 Kondolenztelegramm
1560 1203 1687 1263 gerichtet

1037 1241 1115 1301 „Das
1144 1243 1339 1303 österreichisch
1379 1249 1541 1309 Schrifttum
1586 1249 1636 1309 wie
1659 1251 1709 1311 das
1732 1252 1776 1312 der
1805 1255 1905 1315 ganzen
1934 1255 2017 1315 Welt
2034 1256 2067 1316 ha

278 1273 420 1333 rituellen
451 1278 644 1338 Beiwerkes.
666 1283 909 1343 (Jusbesondere

958 1283 1043 1343 durch
1079 1285 1124 1345 den
1166 1288 1298 1348 Hintritt
1328 1291 1374 1351 des
1409 1294 1506 1354 großen
1548 1297 1680 1357 Dichters
1711 1299 1825 1359 Arthur
1861 1303 2086 1363 Schnitzler

961 1330 1036 1390 einen
1077 1333 1278 1393 unersetzlichen
1319 1339 1440 1399 Verlust
1471 1339 1597 1399 erlitten.
1628 1341 1668 1401 Im
1714 1343 1829 1403 Namen
1870 1344 1911 1404 des
1947 1347 2082 1407 jüdischen

258 1365 365 1425 tregen
399 1367 473 1427 nach
499 1370 615 1430 meinem
658 1374 765 1434 Tode,
783 1378 890 1438 absolu

958 1377 1112 1437 Penklubs
1149 1380 1200 1440 und
1237 1380 1262 1440 in
1299 1382 1406 1442 meinem
1459 1384 1566 1444 eigenen
1603 1388 1706 1448 spreche
1737 1387 1778 1447 ich
1810 1389 1912 1449 Ihnen
1949 1390 1989 1450 die
2021 1390 2088 1450 auf¬

496 1419 624 1479 Arthur
655 1425 844 1485 Schnitzler.

962 1425 1099 1485 richtigste
1123 1428 1332 1488 Anteilnahme
1350 1431 1421 1491 aus.

1695 1437 1876 1497 Schalom
1917 1439 2024 1499 Asch.

239 1467 373 1527 peuchten
404 1473 507 1533 Worte
531 1476 590 1536 sind
621 1477 643 1537 in
666 1479 717 1539 der
733 1482 904 1542 Original¬

957 1501 1291 1561 Trauersitzung
1322 1506 1390 1566 des
1421 1509 1815 1569 Schuhverbandes
1847 1517 2066 1577 deutscher

1158 1564 1463 1624 Schriftsteller
1500 1564 1535 1624 in
1579 1568 1876 1628 Oesterreich.

219 1586 382 1646 achlaß
414 1594 587 1654 Arthur
619 1601 905 1661 Schnitzlers.

2213 1580 2293 1640 (Die
2329 1584 2432 1644 letzten
2468 1591 2663 1651 Wünsche.)
2688 1597 2756 1657 Man
2792 1602 2918 1662 erinnert
2943 1607 2976 1667 in
3001 1610 3092 1670 diesen
3128 1612 3219 1672 Tagen

1028 1607 1090 1667 Der
1119 1611 1259 1671 Vorstand
1288 1614 1334 1674 des
1357 1619 1617 1679 Schutzverbandes
1646 1622 1781 1682 deutscher
1810 1626 2014 1686 Schriftsteller
2043 1627 2065 1687 in
2105 1624 2150 1684 der
2179 1628 2292 1688 Trauer
2321 1632 2371 1692 mit
2400 1637 2564 1697 besonderer
2593 1641 2723 1701 Vorliebe
2752 1644 2853 1704 daran,
2876 1648 2933 1708 wie
2956 1652 3035 1712 innig
3069 1658 3221 1718 verbunden

231 1652 296 1712 in
325 1655 417 1715 seinem
458 1658 638 1718 Testament
659 1664 752 1724 seinen
779 1667 899 1727 Sohn

951 1652 1122 1712 Oesterreich
1150 1654 1210 1714 trat
1238 1658 1337 1718 gestern
1371 1660 1398 1720 zu
1432 1661 1503 1721 einer
1532 1664 1747 1724 Trauersitzung
1775 1669 1923 1729 anläßlich,
1946 1671 1990 1731 des
2018 1670 2056 1730 Ab

2110 1670 2217 1730 Arthur
2238 1677 2386 1737 Schnitzler
2414 1683 2467 1743 zeit
2488 1683 2568 1743 seines
2589 1688 2696 1748 Lebens
2717 1690 2771 1750 mit
2792 1692 2838 1752 dem
2873 1697 2939 1757 Tode
2967 1700 3081 1760 gewesen
3109 1706 3155 1766 ist,
3176 1707 3223 1767 wir

952 1691 1050 1751 lebens
1076 1694 1189 1754 Arthur
1216 1700 1380 1760 Schnitzlers
1412 1703 1587 1763 zusammen.

237 1701 429 1761 seinigen
478 1712 906 1772 Testamentsvoll¬

2092 1715 2119 1775 er
2143 1719 2193 1779 sich
2217 1721 2319 1781 immer
2337 1726 2433 1786 wieder
2451 1730 2564 1790 mühte,
2582 1733 2695 1793 Freund
2713 1736 2786 1796 Hein
2815 1739 2855 1799 die
2872 1743 2974 1803 Maske
2992 1749 3208 1809 herabzureißen

1026 1736 1074 1796 O.
1112 1736 1171 1796 M.
1209 1741 1403 1801 Fontana
1453 1744 1593 1804 würdigte
1637 1747 1680 1807 die
1724 1750 2063 1810 Gesamtpersönlichkeit

230 1745 355 1805 salter
387 1751 537 1811 seines
569 1758 895 1818 literarischen

2100 1762 2159 1822 Der
2182 1764 2246 1824 Stil
2268 1767 2311 1827 des
2333 1774 2577 1834 Vermächtnisses
2600 1780 2768 1840 Schnitzlers
2796 1784 2827 1844 an
2855 1787 2892 1847 die
2915 1791 3018 1851 Seinen
3046 1795 3077 1855 ist
3100 1798 3218 1858 wirklich

948 1774 1063 1834 Erhard
1091 1780 1300 1840 Buschbeck
1329 1783 1373 1843 den
1407 1786 1555 1846 führenden
1589 1789 1776 1849 Dramatiker
1804 1795 1986 1855 Oesterreichs
2014 1795 2063 1855 unt

229 1789 257 1849 Im
287 1792 315 1852 t.
345 1792 402 1852 Als
431 1798 564 1858 Berater
600 1799 668 1859 wird
704 1804 749 1864 ihm
802 1807 888 1867 dabei

2100 1807 2142 1867 der
2169 1813 2295 1873 Mensch.
2312 1817 2348 1877 Er
2370 1820 2433 1880 will
2449 1822 2475 1882 es
2502 1822 2523 1882 im
2560 1825 2634 1885 Tode
2662 1826 2730 1886 nicht
2751 1831 2851 1891 anders
2873 1835 2957 1895 haben
2984 1839 3031 1899 wie
3053 1840 3073 1900 im
3111 1845 3195 1905 Leben

939 1816 1091 1876 Sonka
1134 1820 1181 1880 den
1229 1825 1393 1885 väterlichen
1441 1828 1561 1888 Berater
1604 1831 1662 1891 und
1699 1834 1814 1894 Freund
1868 1836 1915 1896 des
1958 1840 2068 1900 Schutz¬

226 1840 309 1900 sische
354 1840 405 1900 des
451 1843 526 1903 toten
579 1848 719 1908 Dichters
772 1854 899 1914 zufolge,

936 1861 1101 1921 verbandes
1135 1864 1272 1924 deutscher
1306 1870 1510 1930 Schriftsteller
1543 1873 1565 1933 in
1604 1876 1791 1936 Oesterreich,
1819 1879 1863 1939 dem
1913 1879 2067 1939 Schnitzler

2098 1853 2164 1913 Nur
2187 1858 2247 1918 kein
2276 1860 2392 1920 Lärm!
2409 1866 2476 1926 Nur
2504 1868 2559 1928 kein
2593 1874 2759 1934 Aufsehen!
2782 1881 2877 1941 Dieser
2899 1884 3015 1944 Dichter
3038 1889 3071 1949 ist
3094 1891 3116 1951 zu
3150 1892 3215 1952 allen

229 1887 335 1947 ann
371 1888 418 1948 zur
448 1891 536 1951 Zeite
566 1894 684 1954 stehen.
708 1900 785 1960 Eine
815 1903 897 1963 ober¬

945 1900 991 1960 seit
1021 1900 1108 1960 seiner
1133 1906 1296 1966 Gründung
1326 1912 1483 1972 angehörte

2094 1903 2194 1963 Zeiten
2229 1906 2274 1966 der
2300 1911 2471 1971 Gentleman
2507 1916 2586 1976 unter
2612 1918 2662 1978 den
2693 1922 2833 1982 Literaten
2864 1930 3000 1990 gewesen.
3021 1932 3065 1992 Er
3091 1936 3221 1996 verbittet

224 1936 443 1996 orhandenen
485 1941 658 2001 Materials
699 1944 809 2004 ergab,
838 1947 890 2007 daß

1022 1942 1086 2002 Der
1113 1946 1256 2006 Vorstand
1290 1950 1426 2010 beschloß,
1447 1954 1479 2014 zu
1512 1955 1603 2015 Ehren
1637 1956 1682 2016 des
1709 1959 1839 2019 Dichters
1872 1961 1930 2021 eine
1957 1962 2067 2022 Toten¬

2095 1950 2137 2010 sich
2165 1950 2208 2010 den
2236 1953 2371 2013 fünebren
2399 1958 2491 2018 Pomp
2518 1961 2561 2021 der
2583 1965 2713 2025 „schönen
2741 1969 2866 2029 Leich"".
2877 1974 2941 2034 Hat
2964 1978 2990 2038 er
3013 1980 3072 2040 doch
3100 1983 3218 2043 niemals

225 1977 277 2037 von
324 1986 573 2046 Aufzeichnungen
620 1992 642 2052 im
696 1992 885 2052 Schreibtisch

945 1983 1009 2043 feier
1034 1986 1062 2046 zu
1093 1989 1298 2049 veranstalten.
1317 1993 1428 2053 Weiter
1452 1998 1546 2058 wurde
1570 1998 1593 2058 im
1635 1998 1729 2058 Sinne
1753 2001 1864 2061 Arthur
1895 2004 2059 2064 Schnitzlere

2094 1992 2147 2052 und
2174 1998 2306 2058 nirgends
2333 2001 2380 2061 der
2407 2006 2561 2066 Neugierde
2589 2009 2630 2069 der
2657 2014 2763 2074 Menge
2785 2019 2992 2079 Konzessionen
3019 2030 3156 2090 gemacht.
3178 2031 3220 2091 Er

223 2027 338 2087 waren

933 2025 1122 2085 beschlossen,
1144 2031 1187 2091 dem
1225 2036 1550 2096 Unterstützungsfonds
1578 2041 1621 2101 des
1648 2043 1902 2103 Schutzverbandes
1930 2047 2065 2107 deutscher

2093 2037 2142 2097 hat
2175 2043 2219 2103 sich
2253 2049 2423 2109 eifersüchtig
2451 2053 2500 2113 das
2534 2056 2616 2116 Recht
2650 2060 2699 2120 auf
2727 2062 2793 2122 seine
2821 2069 3047 2129 Persönlichkeit
3081 2077 3218 2137 gewahrt.

941 2070 1148 2130 Schriftsteller
1172 2074 1194 2134 in
1224 2079 1392 2139 Oesterreich
1415 2079 1472 2139 eine
1496 2083 1611 2143 größere
1642 2086 1762 2146 Summe
1792 2091 1993 2151 zuzuwenden.

231 2076 349 2136 hiedene
378 2081 723 2141 Novellenfragmente,
744 2088 890 2148 darunten

2086 2085 2146 2145 Die
2167 2090 2272 2150 konnte
2303 2094 2363 2154 man
2399 2097 2424 2157 in
2455 2099 2540 2159 seinen
2571 2103 2693 2163 Werken
2729 2113 2900 2173 ausgeprägt
2926 2117 3047 2177 finden;
3073 2123 3138 2183 aber
3164 2127 3214 2187 daß

251 2127 301 2187 für
333 2126 439 2186 welche
478 2131 528 2191 der
560 2132 685 2192 Pichter
723 2134 766 2194 als
806 2136 892 2196 Titel

2081 2130 2112 2190 er
2150 2137 2330 2197 verpflichtet
2362 2142 2414 2202 sei,
2447 2144 2489 2204 als
2521 2150 2690 2210 Draufgabe
2723 2152 2791 2212 auch
2829 2159 2881 2219 sein
2930 2164 3046 2224 intimes
3079 2169 3126 2229 Ich
3163 2171 3211 2231 der

1008 2142 1272 2202 Kondolenz
1306 2148 1372 2208 der
1414 2153 1721 2213 französischen
1771 2159 2002 2219 Antoren.

257 2171 394 2231 gewählt
431 2174 533 2234 hatte.
564 2177 642 2237 Auch
685 2180 769 2240 Teile
805 2181 889 2241 eines

2082 2180 2180 2240 großen
2212 2182 2315 2242 Menge
2337 2190 2554 2250 preiszugeben,
2570 2195 2616 2255 das
2644 2198 2690 2258 hat
2711 2200 2736 2260 er
2758 2203 2877 2263 niemals
2898 2212 3074 2272 wahrwissen
3101 2216 3193 2276 wollen

256 2219 347 2279 große
371 2220 566 2280 Sammlung
596 2225 647 2285 von
677 2228 884 2288 Aphorismen

1020 2192 1078 2252 Die
1108 2199 1290 2259 Soriité
1320 2201 1384 2261 des
1420 2207 1614 2267 Auteurs
1650 2210 1685 2270 et
1715 2214 2050 2274 Compositeurs
2086 2223 2150 2283 Die
2174 2227 2291 2287 Wiener
2321 2236 2409 2296 haben
2445 2240 2485 2300 ihm
2533 2242 2674 2302 verzeihen
2704 2249 2833 2309 müssen,
2851 2254 2897 2314 daß
2939 2258 2962 2318 er
2992 2261 3027 2321 sie
3057 2262 3086 2322 zu
3116 2264 3203 2324 seinen

932 2245 1253 2305 Dramatiques
1296 2249 1343 2309 de
1380 2252 1543 2312 France
1586 2255 1638 2315 hat
1665 2258 1770 2318 gestern
1807 2261 1891 2321 abend
1934 2262 1970 2322 an
2008 2264 2049 2324 der

227 2264 280 2324 den
328 2270 629 2330 unveröffentlichten
672 2276 883 2336 dramatischen

2090 2273 2228 2333 Lebzeiten
2260 2278 2295 2338 um
2337 2282 2465 2342 manches
2492 2288 2651 2348 Spektakel
2677 2293 2800 2353 betrogen
2832 2299 2893 2359 hat.
2914 2303 3012 2363 Diesem
3054 2309 3208 2369 Grundsatz

931 2288 1090 2348 Syndikus
1135 2293 1184 2353 der
1229 2296 1460 2356 Genossenschaft
1500 2304 1704 2364 dramatischer
1743 2309 1953 2369 Schriftsteller
1998 2311 2030 2371 um

241 2312 453 2372 Schauspiel,
486 2318 614 2378 betitelt
653 2324 768 2384 „Zug
814 2324 865 2384 de

2082 2317 2169 2377 bleibt
2190 2320 2216 2380 er
2242 2323 2304 2383 auch
2331 2327 2351 2387 im
2393 2329 2464 2389 Tode
2491 2332 2568 2392 treu.
2584 2333 2646 2393 Vom
2683 2339 2807 2399 Rituale
2828 2342 2869 2402 der
2890 2349 3076 2409 Trauerfeier
3102 2354 3159 2414 will
3180 2355 3190 2415 e

934 2335 1164 2395 Komponisten,
1188 2341 1250 2401 Dr.
1274 2342 1389 2402 Philipp
1424 2347 1591 2407 Silber,
1615 2350 1654 2410 ein
1690 2355 1891 2415 Radiogramm
1932 2359 2058 2419 gesandt,

226 2356 264 2416 t,
284 2359 341 2419 das
374 2362 489 2422 bereits
522 2365 612 2425 fertig
644 2367 683 2427 ist
709 2368 766 2428 und
806 2368 888 2428 sogar

2083 2362 2174 2422 nichts
2191 2369 2304 2429 wissen.
2326 2372 2385 2432 Auf
2402 2377 2514 2437 Kränze
2537 2381 2677 2441 verzichtet
2699 2384 2725 2444 er
2748 2387 2801 2447 und
2823 2390 2871 2450 auf
2888 2394 3001 2454 Reden.
3018 2398 3087 2458 Legt
3104 2401 3201 2461 keinen

211 2404 373 2464 earbeitet
403 2410 523 2470 wurde.
548 2413 632 2473 Aber
663 2413 746 2473 selbst
777 2416 801 2476 in
837 2416 885 2476 der

935 2380 964 2440 in
1001 2382 1042 2442 dem
1091 2385 1132 2445 die
1163 2389 1348 2449 Gesellschaft
1380 2394 1403 2454 zu
1440 2395 1487 2455 dem
1536 2398 1716 2458 Hinscheiden
1752 2401 1794 2461 des
1831 2404 1933 2464 großen
1969 2405 2059 2465 öster=
2084 2408 2173 2468 Wert
2198 2415 2318 2475 darauf,
2337 2419 2378 2479 daß
2409 2422 2444 2482 an
2475 2424 2558 2484 seinem
2595 2428 2691 2488 Grabe
2715 2431 2739 2491 so
2764 2434 2817 2494 und
2848 2437 2872 2497 so
2896 2440 2938 2500 aft
2962 2444 3106 2504 versichert
3131 2450 3208 2510 wird,

207 2449 260 2509 er
285 2454 410 2514 Dichter
436 2458 501 2518 noch
532 2458 610 2518 nicht
634 2461 682 2521 für
707 2461 755 2521 die
773 2462 887 2522 Bühne

932 2429 1094 2489 reichischen
1127 2437 1263 2497 Dichters
1303 2439 1413 2499 Arthur
1439 2443 1602 2503 Schnitzler
1635 2447 1680 2507 ihr
1713 2450 1908 2510 tiefgefühltes
1941 2454 2051 2514 Beileid
2085 2453 2136 2513 doß
2170 2459 2234 2519 er„
2248 2463 2338 2523 unser"
2371 2466 2416 2526 sei.
2443 2469 2507 2529 an
2540 2474 2611 2534 kann
2638 2476 2690 2536 sich
2717 2479 2853 2539 unschwer
2873 2488 3041 2548 vorstellen,
3062 2493 3113 2553 wie
3140 2497 3210 2557 seine

934 2483 984 2543 zum
1031 2480 1179 2540 Ausdruch
1209 2485 1323 2545 bringt.

218 2498 294 2558 iod,
319 2503 437 2563 weitere
467 2504 668 2564 dramatische
698 2509 887 2569 Fragmente

2083 2506 2371 2566 feingeschwungenen
2405 2514 2505 2574 Lippen
2534 2518 2572 2578 ein
2600 2521 2717 2581 Lächeln
2745 2527 2900 2587 kräuselte,
2918 2533 2995 2593 wenn
3023 2537 3067 2597 er,
3090 2539 3128 2599 der
3157 2544 3212 2604 mit

226 2550 306 2610 diel
326 2550 399 2610 Zeit
420 2550 439 2610 in
466 2553 619 2613 Anspruch
647 2556 766 2616 nehmen
793 2559 866 2619 wird

1083 2550 1278 2610 Weitere
1312 2560 1915 2620 Beileidskundgebungen.

2071 2547 2115 2607 dem
2160 2549 2237 2609 Tode
2266 2554 2321 2614 auf
2344 2556 2376 2616 du
2411 2559 2466 2619 und
2500 2561 2527 2621 du
2561 2566 2655 2626 stand,
2684 2570 2727 2630 sich
2756 2571 2800 2631 die
2828 2579 3034 2639 hergebrachten
3074 2585 3201 2645 Bräuche

2080 2598 2366 2658 vergegenwärtigte,
2383 2605 2458 2665 durch
2486 2608 2561 2668 deren
2589 2612 2686 2672 eifrige
2708 2615 2821 2675 Uebung
2849 2621 2891 2681 der
2914 2626 3021 2686 Mensch
3049 2631 3097 2691 von
3125 2634 3200 2694 jeher

1017 2601 1060 2661 Im
1099 2604 1198 2664 Hause
1226 2609 1397 2669 Schnitzlers
1425 2612 1524 2672 häufen
1563 2615 1606 2675 sich
1640 2616 1684 2676 die
1713 2619 1965 2679 Kondolenzbriefe
1999 2625 2048 2685 und

244 2621 322 2681 des
358 2628 840 2688 antobiographischen

2080 2635 2129 2695 das
2146 2642 2301 2702 Mysterium
2341 2649 2384 2709 der
2407 2654 2595 2714 Vernichtung
2618 2663 2822 2723 versöhnlicher
2845 2671 2972 2731 gestalten
3001 2676 3077 2736 will.
3095 2681 3199 2741 „Keine

925 2650 1103 2710 =depeschen.
1121 2655 1253 2715 Gerhart
1271 2658 1549 2718 Hauptmann
1578 2665 1798 2725 telegraphierte
1821 2670 1873 2730 aus
1897 2670 2023 2730 Locarno

217 2680 260 2740 in
305 2683 467 2743 nierzig
505 2688 710 2748 Jahren.

2072 2683 2161 2743 Messe
2178 2690 2244 2750 wird
2273 2692 2334 2752 man
2363 2698 2474 2758 singen,
2491 2702 2586 2762 keinen
2614 2706 2731 2766 Kadosch
2754 2711 2821 2771 wird
2844 2715 2904 2775 man
2933 2720 3044 2780 sagen."
3067 2725 3128 2785 Das
3151 2727 3200 2787 hat

932 2698 1186 2758 „Tiefschmerzlich
1221 2704 1348 2764 ergriffen
1395 2706 1447 2766 vom
1488 2710 1655 2770 Verlöschen
1691 2715 1771 2775 dieses
1818 2715 1870 2775 mir
1906 2718 1928 2778 so
1958 2718 2044 2778 naher

207 2735 357 2795 Dichters
402 2738 527 2798 enthält
566 2742 640 2802 auch
680 2744 748 2804 eine
786 2750 880 2810 groß¬

2073 2729 2118 2789 der
2142 2734 2258 2794 Dichter
2300 2741 2345 2801 sich
2387 2743 2439 2803 mit
2474 2746 2596 2806 strengem
2643 2753 2730 2813 Ernst
2765 2759 2950 2819 ausgebeten.
2986 2766 3037 2826 Ein
3074 2770 3200 2830 Leichen¬

925 2741 1060 2801 Dichter-
1095 2746 1146 2806 und
1186 2752 1457 2812 Kämpferdaseins,
1498 2754 1599 2814 drücke
1634 2756 1673 2816 ich
1707 2761 1809 2821 Ihnen
1849 2763 1967 2823 zugleich
2013 2765 2035 2825 in

223 2783 316 2843 deren
361 2786 605 2846 Gesamtinhalt
639 2789 705 2849 eine
745 2791 860 2851 Auto

2076 2778 2230 2838 begängnis
2259 2785 2358 2845 dritter
2386 2791 2486 2851 Klasse
2508 2795 2618 2855 ordnete
2647 2800 2674 2860 er
2697 2801 2746 2861 an.
2769 2804 2841 2864 Was
2864 2810 2962 2870 derart
2985 2816 3096 2876 erspart
3118 2821 3201 2881 wird,

925 2788 1032 2848 Namen
1071 2794 1178 2854 meiner
1211 2795 1286 2855 Frau
1331 2800 1444 2860 innige,
1482 2802 1573 2862 wahre
1606 2805 1779 2865 Teilnahme
1813 2808 1893 2868 aus."
1937 2812 2039 2872 Stefan

219 2832 403 2892 dichters
442 2833 595 2893 darstellt.
627 2837 806 2897 Allerdings
844 2838 880 2898 ist

2077 2822 2129 2882 soll
2151 2826 2192 2886 den
2219 2830 2356 2890 Kranken
2388 2833 2440 2893 und
2468 2839 2509 2899 den
2542 2843 2715 2903 Bresthaften
2742 2850 2842 2910 zugute
2864 2857 3016 2917 kommen.
3033 2864 3132 2924 Sogar
3154 2867 3196 2927 die

921 2838 1066 2898 Zweig
1094 2840 1185 2900 sandte
1213 2843 1261 2903 aus
1289 2845 1434 2905 Salzburg
1462 2849 1603 2909 folgendes
1636 2856 1960 2916 Beileidstelegramm:
1983 2860 2041 2920 „In

281 2876 377 2936 dieser
414 2884 680 2944 Autobiographie
717 2885 874 2945 v.rläufig

2071 2872 2323 2932 Trauerkleidung
2349 2882 2494 2942 untersagt
2515 2887 2540 2947 er
2562 2889 2649 2949 seinen
2675 2893 2835 2953 Freunden.
2851 2903 2959 2963 Keinen
2985 2909 3051 2969 Flor
3078 2909 3108 2969 um
3145 2912 3186 2972 den

925 2882 1004 2942 tiefer
1034 2890 1252 2950 Erschütterung
1282 2894 1321 2954 bin
1351 2894 1385 2954 ich
1414 2896 1511 2956 Ihnen
1541 2898 1564 2958 in
1593 2900 1638 2960 der
1662 2902 1776 2962 Trauer
1800 2903 1834 2963 um
1869 2906 1955 2966 diesen
1985 2909 2047 2969 ver=
2077 2914 2168 2974 Arm,
2186 2922 2244 2982 aber
2267 2927 2353 2987 dafür
2371 2930 2508 2990 umflorte
2532 2934 2647 2994 Augen.
2665 2938 2733 2998 Kein
2757 2948 3004 3008 Trauergewand,
3022 2954 3085 3014 aber
3103 2957 3194 3017 tiefste

215 2927 273 2987 dus
310 2927 498 2987 Testament
523 2931 770 2991 verbietet
807 2932 876 2992 die
925 2933 1066 2993 ehriesten
1103 2938 1231 2998 Dichter
1256 2941 1326 3001 und
1363 2943 1503 3003 Menschen
1552 2949 1741 3009 verbunden"
1790 2953 1860 3013 Vom
1909 2955 2049 3015 Berlegr
2074 2962 2191 3022 Frauer
2216 2966 2238 3026 in
2263 2969 2309 3029 den
2334 2975 2463 3035 Herzen.
2476 2980 2546 3040 Dos
2559 2982 2641 3042 kann
2666 2986 2723 3046 uns
2749 2990 2818 3050 auch
2831 2993 2877 3053 der
2902 2997 2960 3057 toite
2985 3002 3090 3062 Dichter
3115 3005 3185 3065 nicht

2069 3011 2228 3071 pernehren.

1092 3076 1140 3136 S.
1166 3078 1331 3138 Fischer
1369 3081 1417 3141 aus
1455 3082 1559 3142 Berlin
1603 3085 1701 3145 langte
1738 3089 1886 3149 folgendes
1929 3091 2095 3151 Telegramm
2151 3094 2193 3154 ein

1090 3125 1182 3185 „Wir
1219 3126 1332 3186 trauern
1368 3127 1424 3187 mit
1451 3129 1543 3189 Ihnen
1585 3132 1620 3192 um
1663 3132 1709 3192 den
1745 3135 1858 3195 edelsten
1905 3136 1956 3196 und
1988 3141 2209 3201 unvergeßlichen

1086 3171 1205 3231 Freund
1238 3171 1293 3231 und
1320 3174 1369 3234 den
1402 3177 1500 3237 großen
1533 3177 1669 3237 Dichter.

1169 3218 1298 3278 Weitere
1335 3223 1534 3283 Telegramme
1571 3226 1653 3286 liefen
1695 3228 1765 3288 ein:
1802 3231 1866 3291 Von
1908 3232 2002 3292 Jakob
2032 3237 2214 3297 Wasser¬

1079 3267 1225 3327 mann,
1243 3269 1328 3329 Hans
1357 3272 1538 3332 Müller,
1561 3276 1606 3336 dem
1647 3276 1783 3336 Verband
1812 3279 1947 3339 deutscher
1977 3282 2118 3342 Erzähler
2153 3284 2209 3344 und

1077 3315 1171 3375 vielen
1209 3315 1351 3375 anderen.

1188 3413 1796 3473 Schnitzier-Aufführungen
1842 3422 1878 3482 in
1924 3424 2100 3484 Berlin.

1260 3467 1455 3527 Telegramm
1507 3472 1646 3532 unseres
1677 3473 2016 3533 Korrespondenten.

1789 3524 1953 3584 Berlin,
1970 3526 2021 3586 22.
2038 3529 2174 3589 Oktober.

1163 3565 1226 3625 Die
1279 3568 1487 3628 Berliner
1539 3570 1730 3630 Theater
1783 3571 1903 3631 bereiten
1962 3573 2210 3633 Schnitzler¬

1082 3613 1421 3673 Aufführungen
1454 3616 1519 3676 vor.
1535 3616 1594 3676 Den
1627 3618 1740 3678 Anfang
1768 3619 1837 3679 wird
1860 3619 1902 3679 die
1924 3619 2205 3679 Volksbühne

1081 3661 1140 3721 mit
1171 3661 1216 3721 dem
1267 3661 1458 3721 „Grünen
1494 3664 1691 3724 Kakadu"
1727 3667 1857 3727 machen,
1888 3667 1912 3727 in
1949 3667 2064 3727 welcher
2100 3667 2200 3727 Rudol

1071 3709 1238 3769 Forster
1266 3709 1322 3769 eine
1351 3709 1523 3769 Hauptrolle
1552 3709 1646 3769 spielen
1681 3712 1764 3772 wird.
1781 3712 1870 3772 Dann
1904 3714 1976 3774 folgt
1999 3714 2043 3774 der
2072 3716 2205 3776 „Gang

1077 3761 1152 3821 zum
1196 3756 1385 3816 Weiher"
1417 3759 1435 3819 im
1480 3759 1636 3819 staatlichen
1668 3759 2095 3819 Schiller=Theater.

1177 3849 1261 3909 Die
1296 3852 1516 3912 Nachrufe
1551 3855 1626 3915 der
1661 3855 1898 3915 Londoner
1933 3858 2101 3918 Presse.

1756 3909 1943 3969 London.
1960 3912 2008 3972 22.
2030 3912 2169 3972 Oktober.

1160 3948 1224 4008 Die
1251 3951 1401 4011 Londoner
1434 3953 1532 4013 Presse
1559 3953 1676 4013 widmet
1709 3953 1819 4013 Arthur
1853 3956 2081 4016 Schnitzler
2115 3959 2198 4019 lange

1076 3998 1237 4058 Nachrufe.
1261 3998 1318 4058 Vor
1348 4001 1417 4061 allem
1458 4001 1533 4061 seine
1557 4001 1828 4061 Vorkriegswerhe,
1852 4004 1893 4064 die
1916 4004 1939 4064 in
1974 4004 2107 4064 England
2137 4005 2199 4065 weit

1078 4046 1231 4106 verbreitet
1255 4046 1307 4106 und
1337 4046 1396 4106 sehr
1421 4048 1620 4108 volkstümlich
1651 4052 1762 4112 waren,
1787 4052 1892 4112 werden
1929 4052 1952 4112 in
1982 4052 2022 4112 den
2058 4052 2187 4112 Blättern

1075 4094 1263 4154 ausführlich
1288 4096 1452 4156 behandelt.
