3392 4352
267 521 979 581 OBSERVER

352 577 378 637 I.
393 580 516 640 österr.
525 581 676 641 behördl.
690 582 987 642 konzessioniertes

304 620 545 680 Unternehmen
570 622 619 682 für
644 625 1033 685 Zeitungs-Ausschnitte

365 678 511 738 WIEN,
533 684 581 744 I.,
610 686 898 746 WOLLZEILE
940 688 982 748 11

459 735 674 795 TELEPHON
709 736 885 796 R-23-0-43

520 792 587 852 e
665 792 676 852 a

431 921 624 981 Yorkshire
682 921 772 981 Post

520 980 649 1040 Leeds

656 1143 672 1203 3
709 1146 796 1206 KOV.
814 1148 875 1208 195

740 1276 766 1336 A
832 1279 1053 1339 VIENNA
1138 1288 1395 1348 LETTER.

395 1404 683 1464 Schnitzler's
725 1409 906 1469 Death:
957 1412 1097 1472 Three
1139 1419 1436 1479 Specialists:
1478 1423 1568 1483 The
1619 1427 1742 1487 Train

637 1489 888 1549 Wrecker’s
925 1494 1033 1554 Fate
1052 1494 1068 1554 :
1096 1497 1122 1557 A
1177 1500 1347 1560 Superb
1394 1504 1536 1564 View.

870 1598 963 1658 (From
1003 1603 1013 1663 a
1036 1607 1323 1667 Correspondent.)

340 1652 458 1712 Arthur
487 1658 690 1718 Schnitzler's
718 1661 831 1721 sudden
871 1661 955 1721 death
1001 1663 1056 1723 has
1097 1665 1271 1725 cinemas.)
1311 1669 1372 1729 The
1401 1671 1491 1731 wreck
1520 1673 1621 1733 before
1644 1676 1716 1736 that
1740 1681 1801 1741 was
1824 1680 1852 1740 at

297 1694 385 1754 made
419 1696 433 1756 a
463 1698 517 1758 sad
551 1700 707 1760 sensation
747 1702 771 1762 in
806 1703 943 1763 Vienna.
1007 1706 1055 1766 He
1100 1702 1309 1762 Jutterburg,
1325 1705 1349 1765 in
1374 1705 1545 1765 Germanv,
1565 1710 1642 1770 when
1672 1714 1760 1774 many
1780 1717 1853 1777 lives

295 1736 390 1796 hated
415 1739 472 1799 any
497 1739 563 1799 sort
583 1740 611 1800 of
631 1744 794 1804 hypocrisy
819 1744 871 1804 and
895 1744 957 1804 was
977 1748 1063 1808 criti¬

1097 1735 1169 1795 were
1202 1737 1283 1797 lost.
1352 1741 1570 1801 Matuschka's
1602 1747 1670 1807 first
1702 1750 1793 1810 effort
1820 1751 1852 1811 at

1097 1770 1256 1830 Ansbach,
1305 1774 1362 1834 not
1389 1774 1437 1834 far
1469 1777 1530 1837 from
1580 1780 1717 1840 Vienna,
1761 1786 1849 1846 failed

300 1777 349 1837 cal
368 1779 422 1839 and
454 1782 603 1842 sarcastic
627 1783 726 1843 about
749 1786 966 1846 conventional
989 1792 1039 1852 life
1053 1789 1061 1849 :

1096 1804 1217 1864 because
1238 1807 1286 1867 the
1307 1810 1535 1870 engine-driver
1556 1816 1608 1876 saw
1637 1816 1645 1876 a
1670 1820 1856 1880 suspicious¬

294 1819 326 1879 so
350 1821 415 1881 that
438 1822 522 1882 there
541 1825 591 1885 are
610 1826 712 1886 plenty
736 1828 763 1888 of
782 1830 884 1890 people
903 1831 968 1891 here
991 1834 1051 1894 who
1090 1840 1219 1900 looking
1243 1843 1345 1903 object
1364 1844 1396 1904 on
1424 1846 1475 1906 the
1494 1848 1572 1908 line,
1591 1852 1716 1912 jammed
1745 1854 1777 1914 on
1801 1855 1851 1915 the

297 1864 397 1924 object
427 1864 455 1924 to
484 1867 537 1927 his
561 1869 667 1929 plays.
729 1870 792 1930 But
821 1873 888 1933 they
917 1874 1061 1934 acknow-

1094 1876 1222 1936 brakes,
1240 1879 1314 1939 and,
1333 1880 1447 1940 though
1475 1885 1505 1945 he
1527 1885 1611 1945 could
1633 1888 1686 1948 not
1708 1891 1774 1951 stop
1801 1891 1849 1951 the

297 1902 381 1962 ledge
412 1905 477 1965 with
512 1908 562 1968 the
588 1909 652 1969 rest
678 1911 753 1971 that
774 1912 808 1972 he
834 1913 894 1973 was
924 1914 934 1974 a
964 1917 1049 1977 great
1096 1910 1195 1970 train,
1221 1915 1356 1975 brought
1387 1915 1411 1975 it
1442 1918 1512 1978 over
1543 1921 1642 1981 slowly
1673 1925 1788 1985 enough
1819 1928 1848 1988 to

292 1939 422 1999 literary
447 1942 547 2002 figure
573 1944 627 2004 and
659 1946 729 2006 that
754 1947 799 2007 his
825 1949 970 2009 influence
996 1952 1051 2012 has
1091 1946 1226 2006 prevent
1257 1949 1307 2009 the
1333 1949 1398 2009 fuse
1429 1952 1488 2012 from
1534 1955 1684 2015 lighting.

291 1974 364 2034 been
390 1977 587 2037 prodigious.
644 1982 708 2042 And
739 1983 884 2043 everyone
910 1986 983 2046 knew
1018 1985 1052 2045 by

1131 1980 1227 2040 There
1251 1983 1274 2043 is
1299 1985 1313 2045 a
1338 1986 1467 2046 general
1487 1989 1597 2049 feeling
1622 1992 1655 2052 ot
1675 1995 1761 2055 relief
1786 1996 1852 2056 that

294 2010 381 2070 sight
408 2010 461 2070 the
488 2016 858 2076 distinguished-looking
890 2022 955 2082 man
987 2022 1048 2082 who

1095 2016 1281 2076 Matuschka
1300 2020 1323 2080 is
1342 2022 1434 2082 safely
1458 2023 1527 2083 shut
1547 2025 1579 2085 up
1607 2026 1630 2086 in
1649 2028 1699 2088 the
1719 2031 1853 2091 Landes¬

289 2043 362 2103 used
388 2045 417 2105 to
439 2048 512 2108 walk
538 2052 641 2112 slowly
663 2052 757 2112 about
779 2055 826 2115 the
848 2056 959 2116 strects
981 2058 1049 2118 with

1090 2051 1224 2111 gericht.
1259 2054 1318 2114 For
1341 2055 1388 2115 the
1410 2060 1496 2120 three
1518 2062 1635 2122 wrecks
1657 2064 1691 2124 he
1713 2067 1765 2127 has
1787 2067 1855 2127 con¬

294 2079 307 2139 a
329 2082 510 2142 meditative
533 2085 670 2145 air—his
697 2088 790 2148 head,
817 2091 887 2151 with
910 2093 950 2153 its
985 2094 1051 2154 long

1088 2086 1186 2146 fessed
1221 2088 1251 2148 to
1286 2088 1359 2148 were
1394 2091 1463 2151 only
1498 2094 1510 2154 a
1549 2100 1734 2160 beginning.

297 2113 382 2173 white
412 2118 527 2178 beard,
546 2121 618 2181 bent
648 2126 772 2186 slightly
801 2127 926 2187 forward
960 2130 1051 2190 under

1085 2124 1203 2184 admits
1235 2124 1303 2184 that
1331 2127 1362 2187 he
1390 2127 1444 2187 had
1477 2130 1603 2190 planned
1631 2136 1785 2196 attempts
1813 2138 1840 2198 on

296 2150 335 2210 its
361 2150 405 2210 big
435 2153 519 2213 black
550 2157 618 2217 hat.

1088 2156 1187 2216 trains
1209 2158 1234 2218 in
1261 2159 1342 2219 every
1369 2162 1437 2222 part
1455 2162 1485 2222 ot
1503 2166 1640 2226 Europe.
1671 2171 1770 2231 There
1792 2174 1848 2234 was

326 2186 536 2246 Schnitzler’s
579 2192 683 2252 father
727 2194 789 2254 was
816 2195 826 2255 a
858 2198 1042 2258 well-knowu
1091 2192 1121 2252 to
1143 2192 1216 2252 have
1238 2195 1306 2255 been
1327 2196 1379 2256 one
1401 2198 1411 2258 a
1433 2198 1554 2258 month.
1581 2203 1633 2263 He
1654 2206 1712 2266 was
1728 2207 1848 2267 respon-

293 2220 443 2280 Viennese
469 2225 571 2285 throat
593 2229 751 2289 specialist
773 2231 824 2291 and
850 2232 905 2292 had
932 2233 944 2293 a
966 2234 1051 2294 chair

1088 2226 1160 2286 sible
1213 2228 1261 2288 for
1290 2231 1414 2291 several
1439 2234 1564 2294 deaths,
1597 2237 1629 2297 as
1661 2238 1673 2298 a
1726 2243 1843 2303 leading

290 2257 322 2317 at
346 2256 392 2316 the
420 2260 616 2320 University.
673 2262 733 2322 The
757 2267 849 2327 young
878 2269 1050 2329 Schnitzler

1083 2263 1303 2323 Communist,
1326 2265 1352 2325 in
1383 2269 1538 2329 Hungary
1569 2272 1599 2332 at
1631 2273 1684 2333 the
1715 2278 1785 2338 time
1816 2277 1847 2337 of

282 2289 343 2349 and
374 2293 418 2353 his
445 2296 568 2356 brother
595 2299 727 2359 followed
758 2302 784 2362 in
811 2303 890 2363 their
913 2306 1049 2366 father's

1085 2295 1134 2355 tho
1167 2298 1234 2358 1918
1267 2300 1470 2360 Revolution,
1494 2304 1548 2364 but
1571 2309 1625 2369 has
1657 2310 1729 2370 been
1757 2315 1843 2375 alone

285 2326 457 2386 footsteps,
475 2330 527 2390 and
554 2333 605 2393 the
627 2333 722 2393 latter
744 2335 765 2395 is
792 2338 843 2398 now
870 2338 926 2398 one
948 2339 978 2399 of
996 2340 1047 2400 the

1092 2330 1113 2390 in
1139 2333 1220 2393 these
1242 2335 1302 2395 last
1324 2336 1478 2396 murders.
1513 2338 1572 2398 For
1594 2344 1718 2404 months
1740 2348 1770 2408 he
1792 2350 1847 2410 has

288 2362 407 2422 leading
438 2367 588 2427 surgeons
629 2369 717 2429 here.
775 2374 951 2434 Schnitzler
974 2377 1053 2437 him¬

1086 2368 1156 2428 been
1192 2371 1435 2431 experimenting
1476 2374 1542 2434 with
1578 2380 1737 2440 dynamite
1773 2383 1795 2443 in
1830 2384 1843 2444 a

284 2397 361 2457 self,
375 2400 457 2460 after
476 2404 644 2464 qualifying
672 2407 694 2467 in
722 2407 868 2467 medicine
887 2410 941 2470 and
964 2413 1050 2473 prac¬

1085 2404 1198 2464 quarry
1239 2407 1275 2467 he
1303 2407 1425 2467 bought
1457 2409 1488 2469 at
1516 2413 1683 2473 Neuburg,
1720 2419 1842 2479 outside

278 2434 379 2494 tising
406 2435 428 2495 in
455 2437 570 2497 Vienna
592 2440 636 2500 for
659 2442 738 2502 some
761 2445 791 2505 ye
818 2444 863 2504 rs,
881 2447 974 2507 joined
996 2448 1049 2508 the

1092 2437 1225 2497 Vienna.
1261 2443 1322 2503 His
1345 2443 1411 2503 wife
1442 2444 1517 2504 knew
1549 2450 1677 2510 nothing
1708 2453 1739 2513 of
1766 2455 1845 2515 what

275 2470 416 2530 medical
438 2471 528 2531 corps
550 2476 575 2536 in
601 2476 652 2536 the
679 2478 789 2538 Army.
811 2482 871 2542 But
893 2482 927 2542 he
953 2482 1043 2542 wroto

1086 2470 1146 2530 was
1172 2475 1258 2535 going
1289 2479 1349 2539 on:
1371 2479 1426 2539 and
1457 2481 1487 2541 he
1514 2480 1539 2540 is
1561 2486 1690 2546 reputed
1721 2488 1751 2548 to
1777 2491 1807 2551 be
1833 2489 1845 2549 a

282 2501 313 2561 of
337 2506 418 2566 army
441 2506 491 2566 life
519 2506 541 2566 in
564 2509 577 2569 “
601 2512 791 2572 Lieutenant
810 2515 951 2575 Gunstl”
979 2517 1005 2577 in
1029 2519 1042 2579 a

1085 2507 1155 2567 good
1204 2511 1340 2571 husband
1381 2514 1433 2574 and
1478 2517 1601 2577 father.
1672 2525 1848 2585 Germany,

277 2536 345 2596 way
376 2540 448 2600 that
475 2541 522 2601 did
553 2544 603 2604 not
630 2546 733 2606 please
759 2547 810 2607 the
841 2551 1025 2611 authorities
1039 2553 1047 2613 :

1082 2543 1228 2603 Austria,
1250 2546 1305 2606 and
1336 2548 1486 2608 Hungary
1512 2552 1563 2612 are
1589 2556 1632 2616 all
1649 2557 1838 2617 clamouring

284 2573 340 2633 and
370 2577 450 2637 after
475 2577 546 2637 that
570 2580 618 2640 the
647 2583 738 2643 Army
767 2583 814 2643 saw
848 2586 881 2646 no
910 2589 986 2649 more
1011 2589 1044 2649 ot

1083 2574 1127 2634 for
1169 2579 1219 2639 his
1247 2581 1355 2641 death.
1406 2585 1465 2645 But
1493 2587 1528 2647 he
1561 2589 1583 2649 is
1611 2592 1770 2652 domiciled
1816 2595 1838 2655 in

277 2607 360 2667 him.
417 2611 477 2671 His
501 2616 594 2676 p’ay,
609 2614 622 2674 “
651 2618 814 2678 Liebelei,"”
847 2622 903 2682 was
927 2625 983 2685 put
1007 2625 1039 2685 on

1086 2612 1218 2672 Vienna,
1245 2618 1298 2678 and
1329 2616 1417 2676 there
1444 2621 1470 2681 is
1502 2623 1536 2683 no
1581 2627 1687 2687 longer
1727 2631 1846 2691 capital

282 2645 312 2705 at
339 2644 387 2704 the
414 2646 493 2706 Burg
520 2649 652 2709 Theatre
679 2652 758 2712 when
785 2655 821 2715 he
848 2655 905 2715 was
932 2659 1046 2719 thirty-

1082 2648 1288 2708 punishment
1310 2652 1335 2712 in
1361 2656 1503 2716 Austria.
1542 2658 1571 2718 It
1597 2661 1653 2721 has
1675 2663 1747 2723 been
1774 2667 1846 2727 sug¬

275 2679 383 2739 three,
405 2682 459 2742 and
488 2682 542 2742 had
572 2685 606 2745 an
635 2688 810 2748 immediate
841 2694 978 2754 success.
1000 2695 1041 2755 He

1080 2683 1177 2743 gested
1211 2685 1284 2745 that
1309 2687 1320 2747 a
1354 2690 1472 2750 special
1497 2697 1730 2757 international
1755 2703 1844 2763 court

283 2715 352 2775 then
391 2718 519 2778 devoted
558 2720 687 2780 himself
718 2724 747 2784 to
782 2727 923 2787 writing.

1083 2718 1187 2778 should
1223 2721 1251 2781 be
1280 2724 1327 2784 set
1350 2724 1390 2784 up
1421 2727 1449 2787 to
1478 2729 1548 2789 deal
1572 2732 1640 2792 with
1671 2734 1751 2794 him.

278 2750 389 2810 offered
418 2753 492 2813 play
530 2753 614 2813 after
652 2756 722 2816 play
759 2758 787 2818 to
825 2760 876 2820 the
914 2765 1039 2825 historic

277 2785 402 2845 theatre
435 2788 491 2848 and
528 2789 580 2849 had
637 2792 709 2852 them
754 2795 920 2855 accepted.

1081 2789 1180 2849 Cheap
1204 2796 1326 2856 Grapes.

279 2819 367 2879 years
394 2822 429 2882 he
465 2823 522 2883 had
553 2825 566 2885 a
602 2829 704 2889 happy
735 2831 930 2891 partnership
966 2834 1036 2894 with

1117 2835 1198 2895 They
1231 2840 1305 2900 were
1325 2846 1425 2906 selling
1451 2849 1564 2909 grapes
1583 2853 1615 2913 at
1641 2855 1665 2915 20
1691 2858 1835 2918 groschen

276 2857 325 2917 his
353 2857 425 2917 son,
448 2859 512 2919 who
544 2861 566 2921 is
598 2862 652 2922 now
694 2866 857 2926 producing
890 2870 980 2930 plays
1008 2870 1035 2930 in

1079 2873 1190 2933 (about
1220 2878 1308 2938 2½d.)
1332 2879 1346 2939 a
1374 2882 1388 2942 4
1416 2885 1477 2945 kilo
1501 2885 1533 2945 at
1576 2891 1726 2951 Grinsing
1778 2894 1838 2954 last

274 2891 396 2951 Berlin,
423 2894 480 2954 but
511 2895 568 2955 was
604 2899 735 2959 engaged
771 2900 872 2960 before
903 2906 973 2966 that
1004 2907 1034 2967 at
1071 2909 1228 2969 Sunday.
1268 2914 1330 2974 But
1352 2915 1400 2975 the
1422 2919 1523 2979 season
1550 2923 1633 2983 must
1656 2924 1686 2984 be
1708 2928 1778 2988 over
1805 2927 1835 2987 by

270 2924 326 2984 the
354 2927 432 2987 Burg
465 2929 614 2989 Theatre.
674 2934 734 2994 And
767 2935 799 2995 he
828 2937 948 2997 himself
972 2939 1032 2999 was
1074 2942 1162 3002 now.
1199 2947 1282 3007 Even
1311 2950 1380 3010 then
1408 2953 1459 3013 the
1483 2955 1570 3015 vines
1599 2959 1700 3019 looked
1733 2965 1830 3025 naked

274 2960 388 3020 always
410 2961 436 3021 to
463 2963 493 3023 be
516 2965 581 3025 seen
608 2967 660 3027 and
687 2970 774 3030 heard
797 2971 827 3031 at
850 2972 1038 3032 rehearsals,
1074 2977 1135 3037 and
1162 2979 1223 3039 cold
1254 2983 1289 3043 on
1316 2984 1394 3044 their
1421 2990 1561 3050 southern
1593 2995 1711 3055 slopes,
1729 3000 1781 3060 and
1812 3001 1834 3061 it

316 2996 405 3056 When
444 3001 533 3061 asked
568 3002 665 3062 about
696 3006 836 3066 himself,
858 3009 1032 3069 Schnitz’er
1075 3013 1194 3073 seemed
1220 3017 1292 3077 time
1314 3019 1360 3079 for
1382 3023 1450 3083 them
1485 3026 1510 3086 to
1536 3028 1565 3088 be
1587 3030 1642 3090 cut
1664 3032 1744 3092 down
1775 3037 1825 3097 and

272 3032 346 3092 used
370 3035 397 3095 to
421 3037 496 3097 say,
510 3033 561 3093 “I
585 3036 640 3096 was
665 3039 730 3099 born
758 3042 781 3102 in
809 3043 875 3103 1862
899 3043 954 3103 and
978 3046 1038 3106 was

1080 3048 1196 3108 covered
1222 3052 1256 3112 up
1283 3055 1325 3115 for
1343 3055 1390 3115 the
1416 3061 1536 3121 winter.
1571 3064 1631 3124 The
1653 3067 1743 3127 usual
1761 3072 1838 3132 Sun¬

270 3070 283 3130 a
310 3069 446 3129 doctor,”
478 3070 535 3130 and
562 3073 633 3133 that
655 3075 712 3135 was
735 3076 792 3136 all.
832 3079 894 3139 But
917 3079 951 3139 he
979 3081 1036 3141 was

1072 3085 1126 3145 day
1156 3089 1320 3149 afternoon
1354 3092 1476 3152 Vienna
1506 3099 1725 3159 crowds—who
1775 3105 1829 3165 had

270 3106 282 3166 a
318 3103 405 3163 kind,
432 3106 564 3166 sociable
608 3110 700 3170 man,
740 3113 946 3173 encouraging
999 3117 1029 3177 to
1070 3119 1157 3179 come
1179 3123 1232 3183 out
1254 3125 1280 3185 to
1303 3128 1443 3188 Grinsing
1470 3132 1500 3192 by
1522 3132 1719 3192 train—were
1742 3141 1834 3201 wind¬

272 3139 371 3199 voung
421 3141 552 3201 artists,
593 3142 651 3202 and
701 3144 773 3204 verv
819 3149 949 3209 popular
1000 3152 1026 3212 in
1072 3154 1126 3214 ing
1153 3156 1238 3216 their
1284 3161 1342 3221 way
1388 3163 1424 3223 up
1469 3165 1523 3225 the
1564 3171 1758 3231 Serpentine
1799 3177 1826 3237 te

271 3174 411 3234 Vienna.
449 3177 500 3237 He
529 3177 706 3237 lived—and
740 3182 786 3242 did
815 3183 824 3243 a
852 3184 946 3244 great
970 3186 1044 3246 deal

1080 3192 1221 3252 Cobenzl,
1239 3195 1270 3255 or
1288 3198 1429 3258 climbing
1452 3202 1487 3262 up
1509 3204 1642 3264 through
1669 3210 1712 3270 the
1735 3213 1832 3273 woods

271 3207 301 3267 of
327 3211 622 3271 entertainingat
648 3216 695 3276 his
721 3216 793 3276 villa
819 3220 853 3280 at
884 3221 1037 3281 Vahring,

1068 3225 1100 3285 by
1145 3226 1198 3286 the
1247 3235 1598 3295 Himmelstrassethe
1651 3241 1753 3301 road
1798 3247 1830 3307 to

269 3241 299 3301 on
334 3246 385 3306 the
411 3248 570 3308 outskirts
601 3249 630 3309 of
674 3252 729 3312 the
756 3252 837 3312 city.

889 3255 937 3315 He
968 3256 1034 3316 was

1074 3260 1230 3320 Heaven.”
1279 3267 1377 3327 There
1404 3269 1430 3329 is
1453 3273 1479 3333 so
1502 3276 1591 3336 much
1618 3277 1689 3337 that
1712 3283 1734 3343 is
1757 3282 1827 3342 good

272 3282 391 3342 writing
418 3282 506 3342 there
534 3284 568 3344 up
595 3283 621 3343 to
649 3285 702 3345 the
724 3288 781 3348 day
809 3288 839 3348 of
862 3290 905 3350 his
929 3293 1039 3353 death,

1070 3295 1141 3355 high
1172 3299 1207 3359 up
1257 3303 1292 3363 at
1328 3304 1483 3364 Cobenzl.
1537 3310 1598 3370 The
1643 3312 1709 3372 view
1763 3315 1834 3375 over

266 3316 433 3376 standing,
451 3318 482 3378 as
504 3318 610 3378 usual,
624 3321 655 3381 at
677 3321 686 3381 a
708 3321 779 3381 desk
806 3323 827 3383 in
854 3325 898 3385 his
916 3327 1031 3387 library

1069 3331 1187 3391 Vienna
1219 3335 1240 3395 is
1263 3338 1391 3398 superb,
1409 3341 1474 3401 with
1501 3343 1550 3403 the
1572 3346 1625 3406 sky
1652 3348 1682 3408 as
1705 3350 1713 3410 a
1740 3353 1832 3413 back-

272 3351 335 3411 (his
358 3352 417 3412 last
440 3353 525 3413 play,
544 3351 557 3411 “
585 3355 689 3415 Flight
712 3356 734 3416 in
762 3357 811 3417 the
834 3362 1010 3422 Darkness,

1066 3368 1186 3428 ground
1216 3371 1246 3431 to
1272 3373 1323 3433 the
1349 3377 1534 3437 Stefansdom
1577 3383 1727 3443 standing
1757 3390 1825 3450 high

267 3387 327 3447 was
349 3389 473 3449 printed
499 3389 525 3449 in
551 3389 650 3449 serial
667 3392 692 3452 in
719 3393 732 3453 a
762 3395 912 3455 Viennese
939 3398 1028 3458 paper

1068 3404 1097 3464 in
1122 3404 1171 3464 the
1197 3409 1301 3469 centre
1322 3410 1355 3470 of
1376 3411 1426 3471 the
1448 3413 1534 3473 city;
1552 3416 1601 3476 the
1626 3419 1701 3479 huge
1727 3421 1776 3481 arc
1798 3422 1830 3482 of

268 3420 330 3480 this
370 3425 503 3485 season,
528 3425 582 3485 and
618 3426 669 3486 has
700 3428 755 3488 not
783 3431 837 3491 yet
865 3432 932 3492 been
968 3436 1034 3496 pro¬

1068 3440 1118 3500 the
1139 3443 1310 3503 Riesenrad
1331 3446 1356 3506 in
1381 3447 1427 3507 the
1449 3449 1561 3509 Prater
1582 3454 1611 3514 as
1632 3455 1640 3515 a
1666 3460 1824 3520 landmark

265 3456 402 3516 duced).
462 3458 510 3518 He
541 3461 599 3521 was
624 3463 732 3523 nearly
757 3465 904 3525 seventy,
924 3470 982 3530 and
1012 3471 1027 3531 a

1070 3476 1095 3536 to
1126 3476 1177 3536 the
1208 3477 1281 3537 left,
1303 3482 1355 3542 and
1389 3482 1419 3542 to
1445 3485 1497 3545 the
1523 3487 1614 3547 right
1636 3491 1687 3551 the
1735 3494 1825 3554 green

270 3491 319 3551 new
352 3494 534 3554 production
562 3495 593 3555 of
616 3497 680 3557 his.
698 3498 711 3558 “
735 3500 807 3560 Call
822 3501 853 3561 of
876 3504 971 3564 Life.”
999 3506 1030 3566 at

1066 3512 1151 3572 dome
1173 3512 1203 3572 of
1225 3514 1276 3574 the
1298 3518 1495 3578 Karlskirche
1521 3523 1585 3583 just
1607 3523 1710 3583 visible
1736 3529 1826 3589 above

265 3528 313 3588 the
345 3528 424 3588 Burg
456 3532 588 3592 Theatre
615 3532 628 3592 h
655 3533 668 3593 d
704 3536 774 3596 been
801 3538 951 3598 arranged
983 3541 1026 3601 for

1064 3547 1076 3607 a
1107 3548 1179 3608 grey
1214 3549 1282 3609 blur
1308 3550 1338 3610 of
1364 3555 1492 3615 houses.
1536 3559 1599 3619 And
1634 3559 1681 3619 the
1716 3565 1822 3625 Alpine

264 3563 312 3623 his
339 3563 401 3623 birt
428 3565 485 3625 day
512 3568 587 3628 next
614 3568 702 3628 May.
765 3571 795 3631 It
818 3572 844 3632 is
867 3571 924 3631 now
960 3576 1035 3636 sug¬

1064 3583 1111 3643 air
1137 3583 1206 3643 (one
1232 3585 1283 3645 can
1310 3586 1396 3646 think
1422 3591 1452 3651 of
1474 3592 1500 3652 it
1522 3592 1551 3652 as
1573 3595 1707 3655 Alpine,
1725 3599 1754 3659 as
1776 3601 1828 3661 the

259 3598 367 3658 gested
393 3601 463 3661 that
485 3603 564 3663 what
585 3603 644 3663 was
665 3604 694 3664 to
720 3604 790 3664 have
816 3607 882 3667 been
908 3609 920 3669 a
942 3611 1033 3671 festi¬

1062 3616 1145 3676 trees
1166 3619 1279 3679 behind
1304 3622 1442 3682 Cobenzl
1459 3628 1504 3688 are
1530 3630 1579 3690 the
1605 3633 1772 3693 beginning
1797 3637 1826 3697 of

266 3634 317 3694 val
341 3637 554 3697 performance
587 3640 693 3700 should
744 3643 776 3703 be
809 3646 892 3706 given
944 3647 980 3707 as
1009 3649 1018 3709 a
1065 3651 1115 3711 the
1153 3655 1273 3715 Wiener
1306 3657 1412 3717 Wald)
1440 3662 1463 3722 is
1492 3663 1505 3723 a
1543 3665 1588 3725 joy
1621 3667 1649 3727 to
1682 3672 1825 3732 breathe.

263 3670 445 3730 memorial.

1057 3688 1160 3748 There
1190 3689 1267 3749 were
1293 3694 1452 3754 hundreds
1474 3698 1504 3758 of
1526 3701 1637 3761 people
1659 3704 1766 3764 eating
1796 3709 1822 3769 in

1064 3723 1112 3783 the
1136 3725 1278 3785 Meierei,
1294 3729 1322 3789 so
1343 3729 1379 3789 we
1408 3731 1484 3791 went
1505 3735 1659 3795 on—past
1679 3740 1824 3800 Lueger's

263 3732 396 3792 Another
419 3733 524 3793 Public
547 3736 668 3796 Figure.

1065 3758 1155 3818 white
1178 3762 1250 3822 bust
1269 3763 1300 3823 to
1320 3765 1369 3825 the
1397 3767 1515 3827 Schloss
1538 3774 1688 3834 Cobenzl.
1707 3777 1820 3837 Vienna

309 3782 498 3842 Matuschka
534 3782 558 3842 is
594 3784 745 3844 Vienna’s
790 3789 880 3849 other
916 3792 1020 3852 public
1061 3795 1091 3855 is
1117 3795 1126 3855 a
1152 3798 1296 3858 grateful
1312 3801 1392 3861 city,
1407 3803 1462 3863 and
1488 3804 1543 3864 one
1563 3805 1588 3865 is
1613 3808 1728 3868 always
1749 3811 1823 3871 com¬

264 3816 362 3876 figure
381 3819 413 3879 of
432 3819 484 3879 the
508 3820 662 3880 moment.
695 3822 792 3882 There
811 3825 863 3885 are
882 3825 928 3885 fow
961 3828 1021 3888 men

1058 3830 1109 3890 ing
1140 3832 1217 3892 upon
1247 3834 1445 3894 monuments
1467 3840 1496 3900 to
1523 3840 1574 3900 the
1596 3843 1720 3903 famous
1742 3849 1819 3909 Lord

264 3855 373 3915 lately,
400 3852 515 3912 except
542 3856 594 3916 the
630 3858 819 3918 Düsseldorf
851 3861 1031 3921 murderer,

1059 3867 1173 3927 Mayor
1196 3868 1259 3928 who
1287 3870 1360 3930 gave
1383 3874 1428 3934 it,
1452 3876 1561 3936 among
1588 3879 1679 3939 other
1703 3883 1825 3943 things.

259 3888 325 3948 who
376 3890 451 3950 have
505 3891 634 3951 aroused
697 3893 731 3953 so
790 3897 872 3957 much
940 3900 1031 3960 hate.

1058 3903 1209 3963 delicious
1235 3906 1394 3966 mountain
1421 3909 1515 3969 water
1533 3911 1562 3971 to
1584 3915 1675 3975 drink
1701 3918 1817 3978 instead

260 3923 446 3983 Matuschka
479 3926 538 3986 was
562 3926 678 3986 caught
702 3928 771 3988 soon
800 3930 878 3990 after
902 3932 938 3992 he
962 3934 1017 3994 had
1060 3935 1097 3995 of
1121 3937 1204 3997 what
1227 3940 1306 4000 came
1330 3941 1385 4001 out
1409 3944 1440 4004 of
1460 3945 1511 4005 the
1534 3950 1682 4010 Danube.
1725 3954 1817 4014 When

259 3958 395 4018 wrecked
422 3962 474 4022 the
501 3963 813 4023 Cologne-Budapest
840 3965 963 4025 express
990 3969 1025 4029 at
1065 3971 1104 4031 we
1131 3972 1183 4032 left
1206 3974 1254 4034 the
1280 3977 1341 4037 cafe
1364 3977 1390 4037 it
1413 3980 1469 4040 was
1487 3981 1584 4041 dark,
1602 3985 1654 4045 and
1681 3987 1729 4047 the
1752 3989 1826 4049 bril¬

262 3995 478 4055 Beatorbagy,
497 3998 519 4058 in
546 3999 717 4059 Hungary,
736 4001 812 4061 when
836 4003 921 4063 there
944 4004 1016 4064 were
1058 4008 1143 4068 liant
1171 4010 1256 4070 hotel
1279 4013 1315 4073 on
1342 4013 1396 4073 the
1428 4017 1649 4077 neighbouring
1681 4025 1753 4085 peak
1790 4025 1821 4085 of

260 4031 427 4091 Yorkshire
446 4034 553 4094 people
577 4035 678 4095 among
702 4037 786 4097 those
810 4037 916 4097 killed.
944 4040 1018 4100 (The
1052 4044 1260 4104 Kahlenberg
1293 4048 1405 4108 seemed
1442 4052 1470 4112 to
1498 4052 1572 4112 have
1601 4056 1684 4116 come
1712 4060 1767 4120 out
1791 4061 1823 4121 of

262 4067 415 4127 appalling
442 4070 578 4130 disaster
601 4071 655 4131 has
678 4072 750 4132 been
778 4073 909 4133 brought
932 4076 1017 4136 home
1054 4078 1112 4138 the
1140 4082 1235 4142 night
1258 4083 1411 4143 attracted
1443 4085 1479 4145 by
1507 4089 1561 4149 the
1589 4093 1688 4153 lights
1711 4094 1742 4154 of
1770 4094 1819 4154 the

260 4100 287 4160 to
314 4101 368 4161 the
391 4103 472 4163 most
499 4106 743 4166 unimaginative
770 4107 801 4167 by
829 4109 964 4169 pictures
987 4111 1018 4171 of
1051 4115 1267 4175 Serpentine,
1290 4120 1421 4180 winding
1453 4123 1534 4183 down
1566 4125 1588 4185 in
1625 4127 1638 4187 a
1665 4129 1769 4189 spiral
1787 4129 1814 4189 to

261 4138 307 4198 the
333 4139 518 4199 overturned
545 4141 621 4201 train
643 4144 741 4204 shown
767 4144 787 4204 in
813 4145 855 4205 all
871 4147 1014 4207 Austrian
1057 4153 1226 4213 Grinsing.

1604 4165 1655 4225 K.
1679 4168 1731 4228 M.
1748 4171 1788 4231 J.

2119 1595 2754 1655 OBSERVER

2124 1655 2150 1715 I.
2167 1655 2282 1715 österr.
2294 1655 2447 1715 behördl.
2458 1651 2754 1711 konzessioniertes

2083 1697 2314 1757 Unternehmen
2346 1696 2391 1756 für
2418 1691 2804 1751 Zeitungs-Ausschnitte

2133 1756 2282 1816 WIEN,
2306 1756 2358 1816 I.,
2382 1753 2666 1813 WOLLZEILE
2712 1753 2756 1813 11

2232 1807 2445 1867 TELEPHON
2481 1802 2652 1862 R-23-0-43

2277 1956 2417 2016 Nation

2145 2016 2228 2076 New
2276 2012 2547 2072 York,U.S.A.

2361 2112 2375 2172 4
2414 2115 2505 2175 NOV.
2521 2112 2551 2172 10

2094 2141 2227 2201 Date..

1968 2270 2194 2330 ARTHUR
2232 2276 2546 2336 SCHNITZLER
2583 2280 2644 2340 has
2669 2282 2736 2342 just
2761 2282 2828 2342 died
2867 2284 2890 2344 in
2928 2288 3056 2348 Vienna
3081 2286 3118 2346 at

1954 2324 2102 2384 the
2129 2323 2182 2383 age
2209 2323 2241 2383 of
2263 2326 2458 2386 sixty-nine.
2485 2333 2629 2393 Perhaps
2651 2334 2745 2394 many
2773 2333 2804 2393 of
2826 2335 2916 2395 those
2943 2336 3011 2396 who
3044 2338 3107 2398 read

1952 2371 2001 2431 his
2022 2373 2107 2433 more
2133 2375 2273 2435 recently
2299 2380 2475 2440 translated
2501 2383 2611 2443 novels
2632 2383 2682 2443 did
2712 2386 2768 2446 not
2788 2387 2878 2447 quite
2899 2389 3020 2449 realize
3040 2389 3100 2449 how

1957 2423 2026 2483 long
2053 2425 2084 2485 he
2106 2425 2163 2485 had
2190 2427 2264 2487 been
2292 2429 2323 2489 an
2350 2432 2535 2492 established
2562 2437 2662 2497 figure
2684 2437 2710 2497 in
2737 2437 2901 2497 European
2933 2443 3118 2503 literature,

1960 2470 1995 2530 or
2017 2476 2078 2536 how
2120 2477 2227 2537 varied
2259 2480 2305 2540 his
2332 2484 2517 2544 production
2554 2488 2610 2548 had
2642 2487 2734 2547 been,
2755 2491 2816 2551 but
2838 2491 2879 2551 he
2905 2493 2972 2553 was
2998 2494 3054 2554 one
3080 2494 3116 2554 of

1955 2527 2006 2587 the
2032 2529 2155 2589 leaders
2176 2530 2212 2590 of
2238 2532 2289 2592 the
2316 2534 2392 2594 “new
2434 2537 2563 2597 drama”
2594 2538 2625 2598 as
2651 2539 2702 2599 far
2728 2541 2800 2601 back
2831 2541 2862 2601 as
2888 2542 2934 2602 the
2960 2545 3114 2605 nineties,

1956 2580 2009 2640 and
2042 2582 2112 2642 such
2139 2583 2268 2643 somber
2290 2585 2382 2645 plays
2405 2586 2436 2646 as
2459 2589 2555 2649 “The
2583 2589 2761 2649 Lonesome
2789 2592 2891 2652 Way”
2924 2595 2977 2655 and
3010 2598 3112 2658 “Pro¬

1960 2630 2060 2690 fessor
2087 2634 2287 2694 Bernhardi”
2320 2637 2372 2697 had
2404 2640 2488 2700 wide
2515 2640 2599 2700 fame
2621 2643 2732 2703 before
2759 2643 2795 2703 he
2822 2645 2948 2705 became
2971 2649 3112 2709 popular

1946 2682 1970 2742 in
2006 2686 2317 2746 America—partly
2352 2691 2386 2751 as
2417 2691 2431 2751 a
2462 2693 2570 2753 result
2595 2694 2629 2754 of
2660 2695 2713 2755 the
2744 2697 2897 2757 scandals
2922 2702 3109 2762 occasioned

1955 2728 1987 2788 by
2021 2731 2114 2791 “The
2148 2736 2275 2796 Affairs
2303 2740 2342 2800 of
2370 2744 2513 2804 Anatol”
2553 2745 2608 2805 and
2648 2745 2697 2805 the
2731 2747 2896 2807 variously
2930 2753 3101 2813 translated

1974 2786 2130 2846 Reigen.”
2196 2790 2357 2850 Perhaps,
2390 2795 2471 2855 also,
2504 2796 2519 2856 a
2553 2798 2779 2858 considerable
2812 2801 2952 2861 number
2990 2803 3028 2863 of
3061 2804 3109 2864 his

1948 2838 2116 2898 American
2143 2841 2275 2901 readers
2296 2845 2385 2905 failed
2418 2849 2565 2909 properly
2592 2850 2618 2910 to
2645 2852 2839 2912 understand
2866 2855 2913 2915 his
2935 2855 3024 2915 tone.
3051 2855 3103 2915 He

1951 2891 2016 2951 was
2044 2894 2237 2954 thoroughly
2265 2896 2425 2956 Viennese
2453 2899 2507 2959 and
2542 2902 2580 2962 he
2603 2902 2723 2962 treated
2757 2903 2828 2963 with
2862 2904 2872 2964 a
2901 2908 2999 2968 light,
3022 2908 3110 2968 half¬

1944 2943 2159 3003 sentimental
2190 2944 2285 3004 touch
2331 2947 2451 3007 themes
2492 2950 2593 3010 which
2634 2953 2754 3013 seemed
2794 2956 2991 3016 scandalous
3026 2959 3096 3019 only

1948 2992 2081 3052 because
2107 2998 2277 3058 American
2308 2998 2436 3058 readers
2463 3001 2508 3061 did
2540 3004 2611 3064 not,
2633 3004 2694 3064 like
2720 3007 2802 3067 him,
2823 3007 2895 3067 take
2921 3010 2987 3070 them
3029 3011 3059 3071 as
3086 3012 3100 3072 a

1946 3046 2064 3106 matter
2092 3046 2123 3106 of
2146 3049 2280 3109 course.
2313 3051 2404 3111 Thus
2432 3051 2528 3111 “The
2556 3055 2680 3115 Affairs
2702 3055 2739 3115 of
2761 3058 2901 3118 Anatol”
2934 3061 2955 3121 is
2983 3063 3101 3123 merely

1947 3098 2158 3158 sentimental
2180 3100 2316 3160 comedy
2343 3103 2401 3163 and
2433 3106 2654 3166 “Casanova’s
2681 3109 2940 3169 Homecoming"
2977 3115 3093 3175 (which

1948 3148 2083 3208 aroused
2116 3147 2163 3207 the
2191 3150 2234 3210 ire
2262 3152 2294 3212 of
2321 3155 2369 3215 the
2397 3156 2520 3216 Society
2549 3158 2602 3218 for
2624 3159 2677 3219 the
2700 3162 2910 3222 Suppression
2938 3163 2975 3223 of
3003 3165 3099 3225 Vice)

1944 3200 1970 3260 is
1992 3200 2007 3260 a
2034 3201 2160 3261 gravely
2187 3204 2355 3264 beautiful
2377 3209 2440 3269 tale
2467 3210 2567 3270 which
2599 3210 2683 3270 deals
2705 3211 2783 3271 with
2810 3214 2863 3274 the
2890 3216 2968 3276 same
2995 3216 3100 3276 theme

1946 3252 1982 3312 as
1999 3252 2046 3312 his
2067 3253 2146 3313 early
2173 3254 2241 3314 play
2263 3253 2363 3313 “The
2384 3260 2564 3320 Lonesome
2585 3263 2897 3323 Road"—namely,
2913 3267 2960 3327 the
2982 3269 3103 3329 declin¬

1940 3303 1991 3363 ing
2027 3303 2099 3363 days
2125 3304 2156 3364 of
2183 3307 2197 3367 a
2224 3309 2358 3369 gallant
2379 3309 2451 3369 who
2482 3312 2616 3372 realizes
2643 3316 2714 3376 that
2741 3317 2900 3377 gallantry
2932 3319 3004 3379 will
3025 3321 3097 3381 soon

1942 3350 1978 3410 be
2000 3354 2052 3414 for
2074 3356 2121 3416 him
2159 3356 2169 3416 a
2196 3358 2285 3418 thing
2312 3359 2343 3419 of
2365 3360 2417 3420 the
2439 3362 2528 3422 past.
2555 3365 2713 3425 Perhaps,
2729 3368 2860 3428 indeed,
2882 3370 3098 3430 “Casanova's

1944 3407 2202 3467 Homecoming”
2235 3409 2303 3469 will
2324 3413 2503 3473 ultimately
2531 3416 2567 3476 be
2589 3418 2741 3478 regarded
2768 3419 2799 3479 as
2815 3420 2868 3480 his
2885 3422 2952 3482 best
2974 3422 3005 3482 as
3027 3422 3100 3482 well

1934 3458 1967 3518 as
1992 3458 2044 3518 his
2068 3458 2150 3518 most
2179 3461 2424 3521 characteristic
2454 3465 2564 3525 work.
2599 3467 2661 3527 Few
2705 3470 2835 3530 modern
2869 3473 2950 3533 tales
2975 3476 3056 3536 have
3085 3476 3094 3536 a

1948 3509 2030 3569 more
2063 3512 2261 3572 beautifully
2288 3515 2453 3575 sustained
2478 3518 2609 3578 charm.
