3392 4320
219 309 310 369 2.

425 315 947 375 chnitzler's
1024 318 1251 378 Death

1477 319 1607 379 box
1685 324 1870 384 42/6

1008 1208 1372 1268 TUnEVVME

1105 1261 1248 1321 Telefon:
1265 1264 1280 1324 D
1307 1264 1323 1324 1
1344 1265 1461 1325 Norden
1494 1268 1562 1328 3051

934 1330 1147 1390 Ausschnitt
1179 1336 1264 1396 aus:

876 1399 1302 1459 Berliner-Tageblatt

1133 1529 1227 1589 22.
1256 1529 1350 1589 Okt.
1370 1533 1454 1593 1931

1763 1652 1822 1712 Der
1853 1653 1983 1713 alternde
2014 1654 2180 1714 Schnitzler
2230 1655 2341 1715 endlich
2387 1653 2436 1713 hat
2467 1654 2492 1714 in
2538 1654 2618 1714 einer
2654 1655 2769 1715 Anzahl
2815 1656 2879 1716 vor,

1707 1697 1850 1757 Stücken,
1870 1697 2014 1757 Romanen
2051 1696 2107 1756 und
2140 1697 2279 1757 Novellen
2312 1698 2391 1758 seine
2424 1697 2475 1757 auf
2498 1697 2582 1757 tiefer
2611 1700 2870 1760 psychologischer

538 1724 881 1784 ARTHUR
949 1724 1451 1784 SCHNIIZLER

1709 1742 1845 1802 Intuition
1877 1739 2052 1799 beruhende
2083 1742 2228 1802 Kenntnis
2259 1741 2308 1801 von
2344 1740 2396 1800 der
2427 1739 2515 1799 Welt,
2542 1742 2590 1802 den
2625 1742 2779 1802 Menschen
2810 1744 2845 1804 un

1708 1784 1757 1844 den
1790 1784 1898 1844 Dingen
1926 1782 2142 1842 ausgebreitet.
2179 1784 2238 1844 Der
2261 1784 2351 1844 Glanz
2379 1784 2428 1844 der
2451 1784 2564 1844 Jugend
2592 1785 2650 1845 war
2678 1787 2754 1847 nicht
2777 1789 2858 1849 mehr

540 1787 664 1847 Gestern
694 1788 789 1848 abend
823 1787 896 1847 kurz
922 1787 990 1847 nach
1021 1787 1033 1847 6
1064 1787 1123 1847 Uhr
1149 1787 1187 1847 ist
1214 1789 1325 1849 Arthur
1351 1789 1518 1849 Schnitzler
1549 1787 1634 1847 einem

1707 1826 1762 1886 und
1788 1827 1818 1887 es
1844 1825 1899 1885 war
1925 1827 1989 1887 auch
2019 1826 2100 1886 nicht
2122 1826 2207 1886 mehr
2229 1826 2275 1886 die
2301 1827 2442 1887 männlich
2472 1828 2583 1888 sichere
2609 1828 2707 1888 Kraft,
2728 1831 2801 1891 aber
2822 1829 2865 1889 nie

479 1832 664 1892 Herzschlag
696 1831 836 1891 erlegen,
859 1828 911 1888 der
934 1828 982 1888 ihm
1027 1830 1145 1890 mittags
1173 1830 1260 1890 schon
1291 1830 1340 1890 das
1367 1830 1574 1890 Bewusstsein
1601 1830 1653 1890 ge¬

1709 1870 1832 1930 verliess
1863 1870 1960 1930 diesen
1995 1871 2114 1931 Dichter
2146 1872 2224 1932 seine
2256 1873 2400 1933 herzliche
2436 1872 2506 1932 enge
2542 1874 2792 1934 Verbundenheit
2819 1874 2863 1934 mi

483 1877 620 1937 nommen
646 1874 740 1934 hatte.
775 1873 847 1933 Nach
874 1872 959 1932 einem
993 1873 1194 1933 Spaziergang
1225 1873 1281 1933 und
1302 1873 1375 1933 kurz
1397 1873 1447 1933 vor
1470 1873 1521 1933 dem
1555 1876 1645 1936 Essen

1707 1916 1779 1976 allem
1820 1913 2055 1973 Menschlichen,
2079 1914 2124 1974 nie
2156 1915 2278 1975 verliess
2324 1917 2364 1977 ihn
2410 1915 2455 1975 die
2488 1915 2674 1975 Höflichkeit
2710 1918 2764 1978 und
2797 1918 2873 1978 Aus¬

482 1918 539 1978 hat
562 1919 614 1979 der
645 1918 702 1978 Tod
733 1918 763 1978 an
795 1918 856 1978 sein
887 1918 966 1978 Herz
993 1918 1120 1978 gerührt
1143 1916 1155 1976 —
1204 1918 1234 1978 am
1279 1918 1380 1978 Abend
1415 1918 1525 1978 vorher
1552 1921 1591 1981 ist
1613 1921 1644 1981 er

1711 1958 1929 2018 geglichenheit
1955 1957 2053 2017 seines
2079 1960 2208 2020 Innern,
2230 1960 2272 2020 die
2303 1959 2336 2019 es
2362 1959 2482 2019 zuwege
2521 1961 2680 2021 brachten,
2710 1962 2778 2022 dass
2817 1961 2872 2021 alle

482 1963 553 2023 noch
591 1963 616 2023 im
658 1960 792 2020 Theater
818 1960 981 2020 gewesen.

1708 2001 1791 2061 seine
1822 2001 2003 2061 Dichtungen
2038 2002 2121 2062 einen
2157 2004 2298 2064 geradezu
2334 2005 2492 2065 zärtlichen
2528 2005 2602 2065 Takt
2634 2006 2686 2066 und
2722 2005 2770 2065 die
2801 2005 2876 2065 Ehr¬

538 2007 572 2067 So
604 2006 643 2066 ist
661 2007 832 2067 Schnitzler
859 2006 911 2066 aus
934 2008 986 2068 dem
1026 2007 1128 2067 Leben
1155 2008 1330 2068 gegangen.
1370 2005 1431 2065 Wie
1463 2005 1524 2065 eine
1555 2008 1647 2068 Figur

1708 2045 1810 2105 furcht
1832 2043 1879 2103 vor
1901 2043 2056 2103 jedwedem
2095 2047 2383 2107 Menschengesicht
2405 2049 2448 2109 als
2470 2049 2589 2109 grosses
2616 2049 2766 2109 ethisches
2792 2049 2878 2109 Posi¬

485 2050 597 2110 Arthur
622 2049 822 2109 Schnitzlers.
864 2049 914 2109 Ins
939 2049 1018 2109 stille
1052 2049 1106 2109 und
1140 2049 1365 2109 betrachtsame
1394 2047 1494 2107 Leben
1528 2049 1569 2109 ist
1594 2051 1648 2111 der

1710 2090 1787 2150 tivum
1825 2091 1875 2151 zur
1899 2090 1986 2150 Schau
2019 2088 2138 2148 trugen.

491 2094 539 2154 Tod
571 2091 703 2151 getreten
734 2092 786 2152 und
818 2091 866 2151 hat
889 2091 932 2151 es,
950 2093 1025 2153 ohne
1052 2093 1148 2153 Knall
1167 2093 1224 2153 und
1251 2094 1330 2154 Fall,
1348 2092 1555 2152 ausgelöscht.
1591 2092 1647 2152 Das

484 2137 567 2197 Auge
590 2136 670 2196 hatte
697 2136 763 2196 noch
794 2136 833 2196 die
861 2137 976 2197 Farben
1007 2136 1055 2196 der
1083 2136 1206 2196 Wiener
1229 2138 1522 2198 Herbstlandschaft
1540 2136 1562 2196 in
1593 2138 1646 2198 sich

1758 2142 1926 2202 Schnitzler
1949 2141 2012 2201 war
2036 2142 2080 2202 nie
2108 2142 2149 2202 ein
2181 2145 2326 2205 Kämpfer
2354 2145 2422 2205 oder
2445 2148 2672 2208 Umkämpfter.
2704 2147 2776 2207 (Nur
2804 2146 2867 2206 ein¬

483 2180 736 2240 aufgenommen,
753 2178 803 2238 ehe
828 2180 853 2240 es
879 2181 982 2241 brach.
1016 2181 1078 2241 Das
1099 2181 1178 2241 Herz
1199 2181 1261 2241 war
1283 2181 1349 2241 noch
1374 2181 1498 2241 bewegt
1515 2181 1565 2241 von
1594 2181 1644 2241 den

1713 2188 1774 2248 mal
1792 2188 1884 2248 haben
1911 2185 2139 2245 Aufführungen
2171 2190 2267 2250 seines
2290 2190 2435 2250 „Reigen“
2466 2190 2505 2250 die
2528 2190 2620 2250 Zöpfe
2642 2190 2695 2250 der
2717 2190 2866 2250 Zensoren

481 2223 671 2283 Eindrücken
711 2222 764 2282 des
800 2222 994 2282 Vorabends,
1021 2223 1065 2283 als
1101 2223 1132 2283 es
1163 2225 1331 2285 stillstand.
1381 2225 1504 2285 Anders
1535 2224 1637 2284 durfte

1708 2230 1760 2290 zum
1809 2228 1941 2288 Wackeln
1977 2230 2148 2290 gebracht.)
2193 2231 2280 2291 Seine
2317 2232 2422 2292 innere
2457 2232 2753 2292 Ausgeglichenheit
2784 2233 2872 2293 schuf

483 2267 595 2327 anders
625 2267 732 2327 konnte
758 2267 924 2327 Schnitzler
949 2267 1032 2327 nicht
1053 2267 1190 2327 sterben.

1705 2273 1769 2333 eine
1795 2273 1997 2333 Atmosphäre
2023 2272 2074 2332 des
2101 2273 2238 2333 Privaten
2269 2276 2325 2336 und
2347 2273 2437 2333 sogar
2463 2274 2510 2334 des
2537 2276 2790 2336 Egozentrischen
2816 2277 2850 2337 um

539 2309 649 2369 Dieser
680 2310 804 2370 Dichter
831 2310 883 2370 hat
906 2309 958 2369 der
986 2310 1069 2370 einst
1092 2312 1122 2372 so
1149 2312 1339 2372 glücklichen
1375 2309 1463 2369 Stadt
1490 2309 1569 2369 Wien
1605 2310 1648 2370 die

1710 2316 1780 2376 ihn.
1812 2314 1851 2374 Er
1873 2316 1934 2376 war
1957 2316 2000 2376 ein
2027 2317 2203 2377 Einzelner,
2221 2318 2274 2378 der
2296 2318 2353 2378 sich
2380 2316 2432 2376 das
2455 2318 2569 2378 Gefühl
2592 2318 2644 2378 und
2671 2320 2723 2380 das
2746 2320 2873 2380 Gesicht

479 2351 523 2411 ihr
550 2354 785 2414 eigentümliche
817 2352 923 2412 Prosa,
941 2352 990 2412 die
1017 2351 1079 2411 fast
1101 2354 1234 2414 Gedicht
1257 2354 1305 2414 ist,
1324 2354 1496 2414 geschenkt
1519 2354 1572 2414 und
1603 2354 1652 2414 hat

1709 2357 1762 2417 der
1797 2359 1898 2419 Vielen
1934 2359 1986 2419 auf
2013 2359 2066 2419 dem
2115 2360 2181 2420 Weg
2221 2360 2304 2420 einer
2335 2363 2600 2423 philosophischen
2636 2363 2873 2423 Betrachtungs¬

484 2396 529 2456 ihr
559 2396 708 2456 Gestalten
742 2398 954 2458 entnommen,
976 2396 1071 2456 denen
1105 2398 1176 2458 alles
1205 2399 1384 2459 Prosaische
1410 2396 1472 2456 fern
1506 2398 1559 2458 ist.
1602 2399 1655 2459 Mit

1711 2403 1796 2463 weise
1822 2403 2036 2463 einverleibté.
2067 2403 2100 2463 So
2127 2405 2229 2465 wuchs
2251 2405 2276 2465 in
2303 2406 2350 2466 ihm
2389 2407 2496 2467 Lyrik,
2513 2405 2538 2465 so
2565 2406 2663 2466 wuchs
2685 2408 2706 2468 in
2736 2408 2783 2468 ihm
2818 2408 2864 2468 die

486 2440 537 2500 dem
572 2438 636 2498 fast
649 2440 841 2500 balladesken
867 2440 1012 2500 Schwung
1039 2442 1090 2502 des
1112 2441 1278 2501 „Reigen“,
1292 2439 1342 2499 mit
1364 2438 1415 2498 der
1433 2440 1642 2500 bitter-süssen

1715 2446 1808 2506 Macht
1826 2447 1878 2507 der
1896 2448 2100 2508 Einsamheit.
2135 2446 2170 2506 Er
2193 2447 2272 2507 lebte
2295 2449 2352 2509 und
2374 2448 2502 2508 dichtete
2530 2446 2582 2506 wie
2605 2448 2649 2508 die
2676 2450 2768 2510 Figur
2791 2451 2870 2511 einer

486 2483 614 2543 Melodie
649 2482 700 2542 der
730 2482 901 2542 „Liebelei“
940 2485 995 2545 und
1030 2485 1090 2545 mit
1120 2482 1171 2542 der
1202 2485 1346 2545 zwischen
1386 2482 1561 2542 Uebermut
1591 2485 1646 2545 und

1712 2489 1848 2549 Novelle,
1870 2491 1921 2551 und
1956 2491 1977 2551 in
2012 2490 2062 2550 der
2089 2491 2161 2551 Form
2204 2491 2259 2551 der
2281 2493 2405 2553 Novelle
2432 2491 2487 2551 hat
2509 2491 2538 2551 er
2564 2494 2636 2554 auch
2671 2494 2731 2554 sein
2761 2494 2868 2554 Bestes

488 2527 678 2587 Resignation
705 2527 943 2587 schwingenden
974 2527 1194 2587 Männlichkeit
1221 2529 1269 2589 des
1297 2527 1442 2587 „Anatol“
1473 2527 1508 2587 ist
1535 2527 1649 2587 Arthur

1709 2533 1845 2593 gegeben
1877 2531 1889 2591 —
1929 2533 1982 2593 vom
2022 2533 2247 2593 unsterblichen
2278 2536 2450 2596 „Leutnant
2472 2536 2573 2596 Gustl“
2604 2537 2649 2597 bis
2675 2539 2723 2599 zum
2768 2539 2873 2599 genie¬

484 2570 668 2630 Schnitzler,
686 2569 793 2629 vordem
832 2572 918 2632 Arzt,
935 2572 957 2632 in
987 2572 1030 2632 die
1056 2572 1137 2632 Mitte
1163 2570 1215 2630 der
1237 2570 1400 2630 deutschen
1431 2570 1482 2630 und
1512 2569 1645 2629 zugleich

1710 2578 1809 2638 haften
1845 2578 1999 2638 „Fräulein
2031 2580 2130 2640 Else“.
2172 2581 2234 2641 Und
2262 2581 2335 2641 auch
2367 2581 2425 2641 sein
2458 2581 2561 2641 letztes
2593 2581 2702 2641 Werk,
2720 2583 2792 2643 eben
2829 2583 2851 2643 im

483 2613 556 2673 auch
590 2612 641 2672 der
672 2613 889 2673 Weltliteratur
920 2614 1150 2674 vorgestossen.
1194 2614 1232 2674 Er
1262 2614 1322 2674 war
1348 2614 1416 2674 kein
1446 2614 1566 2674 Literat
1592 2614 1643 2674 und

1711 2620 1743 2680 S.
1762 2622 1883 2682 Fischer
1912 2623 2023 2683 Verlag
2056 2624 2256 2684 erschienen,
2275 2626 2312 2686 ist
2340 2626 2405 2686 eine
2438 2626 2582 2686 Novelle:
2606 2629 2731 2689 „Flucht
2760 2629 2783 2689 in
2821 2629 2867 2689 die

483 2657 552 2717 kein
582 2656 663 2716 Mann
694 2655 745 2715 des
771 2657 900 2717 Volkes.
939 2658 977 2718 Er
1004 2657 1063 2717 war
1090 2656 1132 2716 ein
1162 2656 1403 2716 empfindsamer
1429 2655 1605 2715 Einzelner,
1627 2656 1648 2716 in

1713 2664 1921 2724 Finsternis“!

486 2700 593 2760 dessen
619 2699 743 2759 innerem
777 2700 918 2760 Reichtum
957 2700 987 2760 an
1013 2700 1098 2760 Wort
1120 2700 1171 2760 und
1197 2700 1291 2760 Figur
1309 2698 1364 2758 sich
1394 2700 1445 2760 das
1467 2699 1565 2759 kleine
1591 2698 1646 2758 und

1760 2719 1820 2779 Der
1839 2717 1956 2777 Mensch
1980 2718 2149 2778 Schnitzler
2168 2720 2243 2780 glich
2271 2720 2355 2780 einem
2393 2722 2533 2782 Kavalier
2557 2723 2609 2783 aus
2633 2724 2716 2784 einem
2755 2724 2862 2784 andern

486 2742 606 2802 grosse,
632 2742 683 2802 das
709 2743 790 2803 arme
820 2743 876 2803 und
907 2743 1004 2803 reiche
1039 2742 1108 2802 Volk
1142 2742 1193 2802 von
1228 2742 1309 2802 Wien
1340 2742 1416 2802 ohne
1447 2742 1554 2802 Zwang
1588 2740 1656 2800 aus¬

1710 2763 1751 2823 als
1780 2762 1830 2822 dem
1877 2762 2072 2822 zwanzigsten
2111 2765 2334 2825 Jahrhundert.
2376 2765 2431 2825 Mit
2460 2765 2511 2825 der
2539 2766 2632 2826 neuen
2670 2767 2734 2827 Zeit
2763 2768 2860 2828 schien

484 2785 623 2845 deutete.
666 2785 707 2845 Er
736 2787 814 2847 hatte
847 2785 888 2845 ein
926 2787 986 2847 Ohr
1019 2785 1065 2845 für
1094 2785 1140 2845 die
1173 2784 1279 2844 Mund-
1308 2785 1363 2845 und
1396 2784 1437 2844 ein
1470 2784 1567 2844 Organ
1600 2785 1646 2845 für

1708 2808 1766 2868 sein
1795 2805 1987 2865 Lebensraum
2029 2805 2120 2865 enger
2150 2807 2204 2867 und
2229 2808 2275 2868 die
2300 2808 2371 2868 Luft
2392 2808 2475 2868 darin
2500 2809 2617 2869 dünner
2642 2811 2800 2871 geworden
2834 2812 2863 2872 zu

485 2829 532 2889 die
558 2829 746 2889 Herzensart
763 2829 815 2889 der
841 2829 977 2889 Wiener.
1012 2829 1072 2889 Das
1098 2829 1308 2889 Musikalische
1334 2829 1385 2889 der
1411 2829 1565 2889 Vorstädte
1595 2830 1646 2890 und

1709 2847 1790 2907 sein.
1825 2847 1906 2907 Aber
1932 2848 1983 2908 der
2005 2847 2065 2907 fast
2087 2849 2232 2909 zärtliche
2259 2852 2335 2912 Takt
2357 2852 2460 2912 seines
2482 2853 2658 2913 Gestaltens
2684 2855 2739 2915 und
2770 2855 2868 2915 seiner

483 2873 538 2933 der
569 2871 688 2931 inneren
719 2872 804 2932 Stadt
830 2872 932 2932 Wien,
954 2872 1005 2932 der
1027 2873 1198 2933 Leichtsinn
1233 2872 1284 2932 und
1314 2870 1365 2930 der
1392 2872 1566 2932 Hintersinn
1601 2873 1652 2933 der

1709 2892 1863 2952 Gestalten
1890 2891 1969 2951 blieb
1996 2893 2243 2953 unverbraucht,
2261 2892 2287 2952 so
2314 2893 2371 2953 wie
2398 2895 2455 2955 sich
2482 2895 2526 2955 die
2557 2899 2746 2959 Höflichkeit
2769 2899 2870 2959 seines

486 2915 731 2975 Oesterreicher,
751 2915 800 2975 ihr
828 2915 949 2975 kleines
973 2916 1118 2976 äusseres
1147 2916 1291 2976 Erleben,
1312 2915 1364 2975 das
1393 2915 1449 2975 sich
1482 2915 1658 2975 manchmal

1711 2937 1843 2997 Herzens
1866 2936 1910 2996 bis
1932 2938 1981 2998 zum
2021 2936 2123 2996 letzten
2150 2939 2295 2999 Atemzug
2323 2940 2406 3000 nicht
2429 2939 2614 2999 erschöpfte.
2646 2941 2739 3001 Seine
2761 2942 2867 3002 letzten

483 2957 516 3017 zu
545 2958 665 3018 grosser
695 2960 815 3020 innerer
845 2958 898 3018 Not
924 2960 1128 3020 verdunkelte
1157 2957 1169 3017 —
1216 2959 1265 3019 das
1295 2960 1390 3020 waren
1419 2960 1465 3020 die
1495 2960 1648 3020 Elemente

1709 2981 1912 3041 Lebensjahre
1948 2980 2040 3040 waren
2071 2981 2124 3041 von
2155 2984 2287 3044 Unglück
2323 2984 2345 3044 in
2376 2984 2429 3044 der
2456 2986 2579 3046 Familie
2610 2987 2800 3047 verdüstert,
2818 2989 2870 3049 der

487 3003 539 3063 der
566 3002 712 3062 Dichtung
739 3003 792 3063 des
814 3002 925 3062 jungen
952 3005 1137 3065 Schnitzler.

1712 3023 1765 3083 Tod
1801 3022 1897 3082 seiner
1928 3023 2056 3083 Tochter
2083 3025 2144 3085 mag
2180 3027 2246 3087 ihn,
2268 3028 2383 3088 ähnlich
2419 3028 2471 3088 wie
2503 3029 2555 3089 der
2582 3029 2639 3089 Tod
2675 3029 2723 3089 des
2755 3032 2869 3092 Sohnes

542 3044 603 3104 Der
630 3045 700 3105 reife
727 3048 793 3108 ging
820 3047 864 3107 die
891 3046 1049 3106 Probleme
1076 3046 1128 3106 des
1151 3048 1296 3108 geistigen
1323 3046 1477 3106 Menschen
1504 3047 1556 3107 an.
1579 3046 1653 3106 „Der

1708 3065 1809 3125 seinen
1845 3067 1964 3127 Freund
2000 3069 2253 3129 Hofmannsthal,
2275 3073 2328 3133 dem
2377 3071 2461 3131 Ende
2493 3071 2740 3131 nähergebracht
2772 3072 2864 3132 haben

484 3088 545 3148 Ruf
573 3088 624 3148 des
652 3091 774 3151 Lebens
793 3091 806 3151 ,
826 3089 905 3149 „Der
934 3090 1069 3150 einsame
1102 3088 1209 3148 Weg“,
1228 3090 1307 3150 „Das
1336 3088 1424 3148 weite
1457 3090 1555 3150 Land“
1589 3091 1649 3151 sind

1709 3112 1753 3172 als
1788 3110 1832 3170 die
1863 3112 1933 3172 Last
1960 3112 2013 3172 der
2044 3114 2154 3174 Jahre,
2180 3115 2224 3175 die
2255 3115 2370 3175 gerade
2401 3116 2431 3176 er
2463 3118 2519 3178 mit
2546 3119 2634 3179 einer
2665 3121 2872 3181 unnachahm¬

486 3133 639 3193 Stationen
669 3133 772 3193 dieser
797 3133 1025 3193 Entwicklung.
1067 3132 1150 3192 Leise
1184 3133 1366 3193 versickerte
1395 3133 1445 3193 der
1474 3133 1656 3193 Uebermut,

1714 3156 1806 3216 lichen
1838 3154 1944 3214 Würde
1971 3154 2028 3214 und
2056 3159 2166 3219 Grazie
2194 3160 2277 3220 trug.

483 3175 530 3235 die
560 3178 846 3238 Volkstümlichkeit
868 3175 919 3235 des
949 3178 1120 3238 dichtenden
1159 3177 1308 3237 Wieners,
1330 3178 1360 3238 an
1390 3178 1454 3238 ihre
1480 3177 1569 3237 Stelle
1600 3178 1659 3238 trat

1769 3208 1878 3268 Arthur
1901 3208 2069 3268 Schnitzler
2096 3209 2152 3269 war
2180 3211 2219 3271 ein
2251 3213 2374 3273 Dichter
2396 3212 2409 3272 —
2450 3216 2520 3276 auch
2547 3217 2568 3277 im
2608 3217 2723 3277 Leben,
2741 3217 2794 3277 und
2821 3217 2864 3277 ein

483 3220 530 3280 die
560 3220 671 3280 heitere
701 3222 825 3282 Skepsis
860 3220 932 3280 oder
971 3220 1017 3280 die
1061 3220 1129 3280 leise
1163 3220 1368 3280 Resignation.
1411 3223 1552 3283 Gelehrte
1582 3222 1655 3282 oder

1714 3255 1797 3315 edler
1820 3253 1935 3313 Mensch
1967 3252 1979 3312 —
2015 3254 2086 3314 auch
2117 3255 2139 3315 in
2166 3255 2268 3315 seiner
2291 3258 2459 3318 Dichtung.

482 3264 707 3324 Grossbürger,
732 3264 965 3324 Künstlerinnen
1002 3263 1074 3323 oder
1107 3264 1251 3324 mondäne
1288 3265 1397 3325 Frauen
1438 3264 1554 3324 wurden
1595 3267 1647 3327 nun

484 3309 526 3369 die
553 3309 659 3369 Träger
686 3309 732 3369 des
754 3309 1007 3369 Schnitzlerschen
1034 3308 1166 3368 Geistes.
1205 3309 1368 3369 Ungemein
1394 3309 1660 3369 aufschlussreich,

2102 3337 2262 3397 Trauer
2294 3339 2329 3399 in
2361 3342 2495 3402 Wien.

485 3354 557 3414 weil
583 3355 638 3415 aus
669 3354 904 3414 persöplichsten
939 3354 1195 3414 Erlebnisquellen
1235 3354 1380 3414 gespeist,
1406 3356 1444 3416 ist
1475 3355 1654 3415 Schnitzlers

561 3399 592 3459 an
629 3399 696 3459 „Der
724 3397 787 3457 Weg
814 3398 860 3458 ins
883 3396 1005 3456 Freie“.
1041 3398 1114 3458 Hier
1146 3399 1209 3459 wird
1237 3399 1259 3459 in
1287 3399 1414 3459 langen,
1432 3399 1459 3459 an
1487 3399 1658 3459 Zwischen¬

1771 3397 1825 3457 Die
1855 3397 1962 3457 Kunde
1998 3397 2047 3457 vom
2091 3400 2298 3460 Hinscheiden
2333 3403 2520 3463 Schnitzlers
2550 3405 2599 3465 hat
2629 3403 2653 3463 in
2693 3405 2791 3465 Wien,
2816 3405 2870 3465 wie

557 3441 561 3501 n
587 3442 703 3502 reichen
730 3443 919 3503 Gesprächen
950 3441 1001 3501 und
1032 3441 1053 3501 in
1084 3441 1135 3501 vie
1158 3444 1373 3504 Schattenriese
1404 3444 1572 3504 wirkenden
1602 3442 1658 3502 Ge¬

1716 3443 1806 3503 unser
1836 3443 2085 3503 Korrespondent
2107 3445 2270 3505 berichtet,
2291 3446 2411 3506 überall
2433 3447 2484 3507 den
2510 3447 2630 3507 tiefsten
2656 3450 2802 3510 Eindruck
2832 3448 2879 3508 er¬

560 3482 585 3542 en
616 3485 749 3545 zugleich
780 3485 831 3545 mit
853 3485 905 3545 dem
944 3485 1219 3545 österreichischen
1251 3485 1319 3545 auch
1350 3485 1401 3545 das
1427 3487 1560 3547 jüdische
1587 3485 1660 3545 Pro¬

1718 3485 1829 3545 weckt.
1868 3485 1919 3545 Die
1954 3485 2185 3545 Vorstellungen
2233 3486 2253 3546 in
2293 3487 2365 3547 allen
2404 3487 2524 3547 Wiener
2554 3491 2704 3551 Theatern
2743 3491 2871 3551 standen

582 3529 711 3589 sichtbar
737 3529 887 3589 gemacht.
953 3528 1008 3588 Das
1039 3530 1283 3590 österreichische
1310 3530 1361 3590 hat
1387 3530 1417 3590 er
1443 3530 1511 3590 auch
1546 3530 1658 3590 einmal

1714 3530 1830 3590 gestern
1864 3527 1955 3587 ibend
1984 3528 2071 3588 unter
2101 3529 2155 3589 dem
2197 3530 2326 3590 Zeichen
2359 3530 2459 3590 dieses
2484 3533 2638 3593 traurigen
2672 3534 2875 3594 Ereignisses.

693 3572 893 3632 historischen
926 3571 1056 3631 Tableau
1108 3573 1158 3633 für
1197 3574 1247 3634 das
1281 3573 1406 3633 Theater
1439 3575 1517 3635 „Der
1565 3577 1652 3637 junge

1719 3575 1779 3635 Aus
1801 3573 1864 3633 spoi
1878 3573 1959 3633 tanen
1985 3572 2238 3632 Kundgebungen
2264 3575 2315 3635 der
2337 3575 2448 3635 Trauer
2470 3576 2491 3636 in
2517 3575 2589 3635 allen
2615 3576 2740 3636 Kreisen
2766 3578 2872 3638 konnte

702 3617 755 3677 der
780 3617 829 3677 zur
854 3617 922 3677 Zeit
943 3617 1114 3677 Napoleons
1139 3619 1242 3679 spielt,
1262 3620 1295 3680 ex
1321 3620 1393 3680 anno
1423 3620 1566 3680 ergriffen
1596 3620 1649 3680 und

1718 3619 1782 3679 man
1817 3617 1957 3677 ersehen,
1984 3617 2074 3677 welch
2108 3619 2211 3679 grosse
2250 3618 2425 3678 Verehrung
2465 3622 2524 3682 man
2559 3623 2610 3683 dem
2658 3623 2782 3683 Dichter
2816 3623 2867 3683 und

681 3661 784 3721 uscher
838 3657 853 3717 »
880 3662 1083 3722 Szenenreihe
1115 3663 1272 3723 gestaltet.

1717 3662 1771 3722 dem
1808 3662 1961 3722 Menschen
1985 3662 2152 3722 Schnitzler
2175 3663 2478 3723 entgegengebracht
2497 3664 2592 3724 hatte.
