3392 4320
284 87 504 147 Letztwillige
533 85 799 145 Verfügungen
833 86 917 146 über
946 84 1002 144 das
1037 84 1409 144 Leichenbegängnis.

344 146 403 206 Die
449 145 575 205 irdische
621 145 722 205 Hülle
768 145 839 205 Dr.
875 145 980 205 Artur
1026 142 1299 202 Schnitzlers
1350 141 1430 201 wird

250 192 398 252 heute,
422 192 632 252 Freitag,
657 189 695 249 um
738 189 809 249 ½12
849 189 915 249 Uhr
944 187 1145 247 vormittags
1179 186 1236 246 vom
1284 186 1427 246 Trauer¬

253 237 343 297 hause
392 239 420 299 in
473 237 525 297 der
574 237 895 297 Sternwartestraße
939 235 1000 295 auf
1039 235 1091 295 den
1150 232 1432 292 Zentralfriedhof

258 284 302 344 (1.
317 282 405 342 Tor)
425 282 567 342 gebracht
592 279 650 339 und
680 280 734 340 auf
759 282 807 342 dem
847 278 1063 338 israelitischen
1093 277 1249 337 Friedhof
1274 276 1440 336 beigesetzt.

343 331 417 391 Vom
466 331 584 391 Sohne
624 332 731 392 Artur
766 331 958 391 Schnitzlers
998 330 1140 390 erhalten
1190 328 1244 388 wir
1284 327 1431 387 folgende

257 380 382 440 Zeilen:
418 380 635 440 „Verehrliche
672 377 874 437 Redaktiost!
905 376 959 436 Ich
995 374 1117 434 ersuche
1152 372 1192 432 um
1238 372 1435 432 freundliche

251 426 553 486 Veröffentlichung
590 425 644 485 der
675 425 897 485 beifolgenden
934 422 1140 482 letztwilligen
1186 419 1443 479 Verfügungen,

251 472 295 532 die
325 471 374 531 sich
404 473 433 533 im
479 473 641 533 Nachlasse
672 472 790 532 meines
820 470 938 530 Vaters
973 470 1190 530 vorgefunden
1230 469 1349 529 haben,
1374 467 1433 527 und

252 519 327 579 bitte
358 518 388 578 im
435 518 556 578 Namen
597 520 678 580 aller
709 518 998 578 Hinterbliebenen
1039 517 1084 577 die
1116 518 1257 578 gesamte
1289 515 1440 575 Oeffent¬

255 569 386 629 lichkeit,
408 568 487 628 diese
515 566 668 626 Wünsche
700 566 748 626 des
785 566 981 626 Verewigten
1019 563 1050 623 zu
1082 563 1203 623 achten.

1010 610 1149 670 Heinrich
1187 610 1391 670 Schnitzler.“

332 658 446 718 Wien,
468 661 516 721 29.
539 661 641 721 April
663 661 755 721 1912.

353 709 642 769 Bestimmungen,
673 712 720 772 die
757 711 797 771 ich
839 710 911 770 nach
953 707 1071 767 meinem
1124 706 1263 766 Ableben
1311 707 1341 767 zu
1388 702 1439 762 er¬

257 757 353 817 füllen
396 757 492 817 bitte:

354 804 589 864 Herzstich.

356 851 497 911 Keine
524 851 723 911 Kränze!

358 898 490 958 Keine
522 897 686 957 Parte!
714 895 798 955 Auch
831 894 857 954 in
894 894 947 954 der
980 894 1117 954 Zeitung
1155 888 1255 948 nicht!

358 945 621 1005 Begräbnis
653 944 800 1004 letzter
833 941 1006 1001 Klassel
1028 939 1096 999 Das
1128 938 1217 998 durch
1244 933 1428 993 Befolgung

265 992 357 1052 dieser
404 992 672 1052 Bestimmungen
729 989 920 1049 erübrigte.
946 986 1028 1046 Geld
1080 985 1121 1045 ist
1168 984 1431 1044 Spitalszwecken

258 1040 500 1100 zuzuwenden.

356 1089 498 1149 Keine
524 1088 693 1148 Reden!

356 1135 577 1195 Vermeidung
609 1136 733 1196 allen
775 1133 919 1193 rituellen
956 1130 1157 1190 Belwerkes.
1183 1124 1441 1184 (Insbesondere

268 1183 531 1243 Leichenwächter
557 1184 653 1244 usw.)

358 1231 497 1291 Keine
528 1233 708 1293 Trauer
745 1228 853 1288 tragen
900 1226 966 1286 nach
1008 1224 1126 1284 meinem
1179 1222 1281 1282 Tode,
1313 1216 1441 1276 absolut

1083 1268 1190 1328 Artur
1222 1265 1411 1325 Schnitzler.

266 1278 367 1338 keine.

367 1324 438 1384 (Die
461 1325 526 1385 hier
549 1324 697 1384 gesperrt
714 1324 891 1384 gedruckten
919 1318 1029 1378 Worte
1052 1319 1112 1379 sind
1140 1318 1167 1378 in
1196 1318 1245 1378 der
1267 1314 1443 1374 Original¬

269 1372 465 1432 handschrift
492 1372 750 1432 unterstrichen.)

280 1447 561 1507 Trauersitzung
601 1446 651 1506 des
690 1443 1023 1503 Schutzverbandes
1056 1441 1228 1501 deutscher
1267 1435 1420 1495 Schrift¬

844 1493 973 1553 steller.

361 1554 424 1614 Der
451 1554 615 1614 Vorstand
642 1554 689 1614 des
721 1553 1012 1613 Schutzverbandes
1045 1548 1197 1608 deutscher
1224 1545 1451 1605 Schriftsteller

265 1599 289 1659 in
320 1598 505 1658 Oesterreich
536 1598 606 1658 trat
627 1598 737 1658 gestern
773 1596 868 1656 unter
893 1595 1014 1655 Vorsitz
1029 1593 1079 1653 des
1110 1590 1315 1650 Präsidenten
1346 1588 1451 1648 Oskar

269 1640 413 1700 Maurus
445 1640 657 1700 Fontana
709 1641 745 1701 zu
787 1640 875 1700 einer
906 1637 1149 1697 Trauersitzung
1207 1631 1367 1691 anläßlich
1404 1631 1455 1691 des

266 1685 422 1745 Ablebens
473 1685 589 1745 Artur
645 1685 918 1745 Schnitzlers
969 1681 1171 1741 zusammen.
1237 1676 1449 1736 Fontana

266 1730 426 1790 würdigte
462 1725 512 1785 die
548 1730 940 1790 Gesamtpersönlichkeit,
971 1724 1097 1784 Echard
1138 1720 1364 1780 Buschbeck
1400 1717 1449 1777 den

266 1772 436 1832 führenden
477 1769 689 1829 Dramatiker
720 1770 931 1830 Oesterreichs
967 1765 1027 1825 und
1068 1763 1214 1823 Sonka
1255 1763 1305 1823 den
1346 1760 1456 1820 väter¬

264 1813 354 1873 lichen
384 1813 520 1873 Berater
546 1812 606 1872 und
632 1811 763 1871 Freund
789 1810 839 1870 des
865 1808 1172 1868 Schutzverbandes,
1193 1805 1243 1865 dem
1284 1804 1455 1864 Schnitzler

270 1857 326 1917 seit
352 1857 455 1917 seiner
486 1855 682 1915 Gründung
719 1855 914 1915 angehörte.
941 1853 1008 1913 Der
1039 1851 1204 1911 Vorstand
1241 1849 1395 1909 beschloß,
1421 1850 1452 1910 zu

267 1899 374 1959 Ehren
411 1898 467 1958 des
498 1897 647 1957 Dichters
679 1899 750 1959 eine
797 1898 935 1958 große
982 1896 1260 1956 Totenfeier
1317 1894 1347 1954 zu
1389 1891 1455 1951 ver¬

268 1945 438 2005 anstalten.
485 1942 609 2002 Weiter
640 1943 749 2003 wurde
801 1942 832 2002 im
879 1942 987 2002 Sinne
1019 1939 1127 1999 Artur
1159 1937 1350 1997 Schnitzlers
1408 1934 1459 1994 be¬

270 1990 428 2050 schlossen,
472 1987 524 2047 dem
573 1987 944 2047 Unterstützungsfonds
982 1985 1029 2045 des
1062 1985 1359 2045 Schutzverbandes
1397 1982 1460 2042 eine

276 2036 403 2096 größere
438 2034 583 2094 Summe
611 2031 850 2091 zuzuwenden.

521 2113 734 2173 Schnitzlers
769 2112 927 2172 Geltung
963 2111 989 2171 im
1038 2109 1230 2169 Ausland.

377 2172 463 2232 Nicht
493 2171 556 2231 nur
592 2170 614 2230 in
655 2169 899 2229 Deutschland,,
923 2169 974 2229 das
1010 2168 1055 2228 die
1085 2166 1218 2226 Wiener
1254 2164 1369 2224 Schule
1399 2162 1462 2222 mit

281 2220 391 2280 Artur
423 2220 665 2280 Schnitzler
698 2220 850 2280 geradezu
887 2217 1135 2277 identifizierte,
1162 2214 1230 2274 auch
1267 2214 1293 2274 im
1346 2212 1462 2272 fremd¬

283 2268 457 2328 sprachigen
494 2266 647 2326 Ausland
679 2266 765 2326 hatte
797 2265 853 2325 sein
889 2266 997 2326 Name
1023 2261 1305 2321 hervorragenden
1336 2261 1464 2321 Klang,

283 2315 406 2375 wurden
447 2314 503 2374 vor
540 2314 617 2374 allen
663 2315 678 2375 —
735 2315 802 2375 was
838 2315 915 2375 weit
946 2311 1105 2371 wichtiger
1142 2311 1192 2371 für
1229 2308 1275 2368 die
1306 2307 1450 2367 Geltung

281 2366 369 2426 eines
397 2364 646 2424 Schriftstellers
686 2360 724 2420 ist
752 2360 763 2420 —
824 2361 907 2421 seine
936 2360 1046 2420 Werke
1080 2358 1245 2418 üersetzt,
1274 2358 1467 2418 aufgeführt

281 2414 356 2474 oder
383 2414 463 2474 nifrig
492 2414 631 2474 gelesen.
654 2411 708 2471 Als
735 2410 903 2470 besondere
930 2408 1108 2468 Merkmale
1130 2406 1232 2466 seiner
1255 2405 1470 2465 Bekiebtheit,

285 2463 334 2523 als
373 2458 549 2518 sprechende
583 2458 731 2518 Beweise
765 2457 819 2517 für
858 2457 941 2517 seine
974 2454 1194 2514 Verbreitung
1239 2454 1310 2514 seien
1355 2452 1459 2512 einige

286 2511 408 2571 solche!
435 2509 688 2569 erarhistorische
715 2506 879 2566 Tatsachen
911 2505 937 2565 in
964 2503 1181 2563 Erinnerung
1208 2500 1371 2560 gebracht:

373 2562 420 2622 In
447 2560 616 2620 Japan,
632 2557 684 2617 das
712 2557 779 2617 eine
801 2556 1082 2616 Gesamtausgabe
1103 2551 1203 2611 seiner
1230 2550 1336 2610 Werke
1357 2548 1468 2608 besitzt,

283 2607 317 2667 ist
358 2607 534 2667 Schnitzler
580 2605 676 2665 neben
727 2605 893 2665 Wedekind
939 2601 994 2661 der
1035 2601 1080 2661 am
1141 2599 1327 2659 öftesten
1373 2595 1468 2655 auf¬

278 2658 493 2718 geführte
521 2653 833 2713 Dramatiker.
850 2654 893 2714 In
926 2649 1184 2709 New-York
1206 2646 1270 2706 liest
1292 2645 1383 2705 man,
1406 2644 1459 2704 wie

284 2704 340 2764 wir
382 2703 552 2763 seinerzeit
594 2702 744 2762 berüchtet
786 2700 909 2760 haben,
941 2698 1137 2758 Schnitzlers
1179 2694 1303 2754 Namen
1355 2692 1463 2752 ebenso

284 2754 392 2814 häufig
419 2755 478 2815 auf
506 2754 554 2814 dem
598 2751 851 2811 Theaterzettel,
874 2751 928 2811 sein
961 2748 1122 2808 „Anatol"
1150 2745 1230 2805 wird
1258 2741 1377 2801 gerade
1399 2740 1468 2800 jetzt

285 2802 341 2862 seit
367 2802 527 2862 Monaten
569 2802 677 2862 täglich
714 2799 863 2859 gespielt,
884 2796 1065 2856 allerdings
1096 2793 1111 2853 -
1164 2792 1225 2852 mit
1257 2790 1318 2850 echt
1344 2790 1468 2850 ameri¬

288 2851 436 2911 kanischer
459 2849 597 2909 Willkür
620 2849 630 2909 —
675 2848 785 2908 schwer
808 2846 996 2906 verändert,
1013 2845 1091 2905 denn
1119 2842 1245 2902 Anatol
1263 2841 1301 2901 ist
1319 2840 1346 2900 in
1374 2837 1467 2897 New¬

288 2901 372 2961 York
394 2897 650 2957 Gardeoffizier.

381 2945 460 3005 Auch
498 2945 714 3005 Rußland
753 2942 850 3002 kennt
882 2943 944 3003 und
982 2940 1055 3000 liest
1080 2937 1278 2997 Schnitzler,
1304 2934 1334 2994 es
1372 2933 1470 2993 besitzt

290 2995 458 3055 gleichfalls
485 2993 548 3053 eine
575 2993 971 3053 Gesamtausgabe
998 2990 1098 3050 seiner
1125 2987 1246 3047 Werke,
1268 2984 1320 3044 für
1347 2981 1389 3041 die
1416 2981 1462 3041 der

286 3043 413 3103 Dichter
433 3041 614 3101 allerdings
639 3041 688 3101 nie
713 3041 756 3101 ein
786 3038 943 3098 Honorar
968 3037 1041 3097 oder
1066 3035 1252 3095 Tantiemen
1282 3032 1458 3092 bekommen

292 3091 360 3151 hat.
382 3091 450 3151 Daß
487 3089 539 3149 sein
577 3088 671 3148 Werk
698 3088 761 3148 und
793 3088 850 3148 sein
889 3086 988 3146 Wesen
1026 3085 1288 3145 Frankreich
1321 3080 1383 3140 und
1416 3079 1468 3139 be¬

292 3141 420 3201 sonders
442 3139 581 3199 Paris
607 3137 783 3197 nahesteht,
804 3136 933 3196 braucht
954 3135 1031 3195 nicht
1052 3131 1114 3191 erst
1130 3133 1243 3193 betont
1265 3130 1295 3190 zu
1327 3127 1476 3187 werden;

289 3188 335 3248 die
356 3187 649 3247 Verwandtschaft,
665 3184 705 3244 die
727 3184 803 3244 über
824 3185 870 3245 die
892 3183 1082 3243 wienerische
1103 3180 1221 3240 Grazie
1242 3178 1303 3238 und
1330 3175 1468 3235 Sprach¬

292 3235 423 3295 melodik
445 3235 561 3295 hinaus
588 3235 783 3295 Schnitzlers
805 3231 1105 3291 schriftstellerischen
1138 3227 1227 3287 Geist
1249 3226 1296 3286 dem
1339 3223 1470 3283 franzö¬

288 3286 387 3346 sischen
426 3282 542 3342 Esprit
576 3282 709 3342 nähert,
737 3282 847 3342 wurde
881 3279 974 3339 hüben
1019 3278 1079 3338 und
1114 3275 1235 3335 drüben
1280 3273 1468 3333 wiederholt

293 3332 445 3392 erkannt.

380 3381 594 3441 Interessant
617 3378 667 3438 ist,
685 3378 740 3438 daß
769 3377 825 3437 vor
854 3376 932 3436 nicht
956 3374 1152 3434 allzulanger
1181 3372 1254 3432 Zeit
1277 3372 1333 3432 von
1362 3369 1463 3429 Louis

293 3429 411 3489 Gillet,
434 3431 607 3491 Professor
640 3426 683 3486 am
727 3425 877 3485 Institut
911 3425 943 3485 de
976 3423 1122 3483 France,
1149 3420 1220 3480 eine
1253 3417 1474 3477 ausführliche

292 3478 493 3538 Biographie
525 3475 720 3535 Schnitzlers
753 3473 922 3533 erschienen
959 3470 1011 3530 ist.
1033 3468 1112 3528 Auch
1144 3466 1249 3526 Paris
1288 3464 1361 3524 sieht
1393 3464 1472 3524 seine

293 3527 398 3587 Stücke
419 3525 515 3585 gern,
530 3524 555 3584 in
586 3524 636 3584 der
662 3522 818 3582 Comédie
839 3519 889 3579 des
915 3518 1061 3578 Champs
1088 3514 1218 3574 Elysées
1244 3512 1325 3572 wird
1351 3512 1471 3572 augen¬

292 3575 417 3635 blicklich
452 3573 537 3633 „Das
573 3572 668 3632 weite
699 3569 809 3629 Land"
845 3568 1055 3628 vorbereitet,
1081 3566 1140 3626 und
1181 3562 1206 3622 im
1257 3560 1462 3620 verslossenen

292 3625 384 3685 Juni
405 3625 461 3685 hat
482 3623 548 3683 eine
575 3621 682 3681 eigene
709 3619 847 3679 deutsche
868 3617 1002 3677 Truppe
1028 3614 1053 3674 im
1095 3612 1218 3672 Studio
1244 3609 1295 3669 des
1321 3609 1465 3669 Champs

293 3673 419 3733 Elysées
451 3670 546 3730 unter
579 3667 626 3727 der
653 3669 758 3729 Regie
785 3667 843 3727 von
875 3666 1049 3726 Georgette
1082 3662 1197 3722 Boner
1224 3662 1272 3722 die
1299 3659 1472 3719 „Komödie

294 3722 344 3782 der
366 3721 499 3781 Worte"
528 3718 739 3778 aufgeführt.

459 3797 536 3857 Das
573 3795 712 3855 Beileid
749 3793 802 3853 der
839 3790 1080 3850 französischen
1123 3784 1310 3844 Autoren.

387 3861 448 3921 Die
475 3858 608 3918 Sociéts
634 3856 686 3916 des
717 3855 866 3915 Auteurs
898 3852 923 3912 et
950 3848 1197 3908 Compositeurs
1234 3844 1471 3904 Dramatiques

292 3906 326 3966 de
352 3906 472 3966 France
503 3902 557 3962 hat
584 3900 699 3960 gestern
735 3897 835 3957 abend
860 3895 895 3955 an
931 3893 981 3953 den
1017 3891 1188 3951 Syndikus
1218 3886 1268 3946 der
1299 3885 1479 3945 Genossen¬

294 3949 383 4009 schaft
404 3945 630 4005 dramatischer
656 3942 882 4002 Schriftsteller
908 3938 968 3998 und
994 3936 1219 3996 Komponisten
1255 3932 1320 3992 Dr.
1336 3929 1471 3989 Philipp

296 3993 449 4053 Silber
481 3993 523 4053 ein
555 3991 782 4051 Radiogramm
825 3985 957 4045 gesandt
979 3981 1005 4041 in
1042 3981 1089 4041 dem
1132 3977 1184 4037 die
1206 3975 1412 4035 Gesellschaft
1439 3973 1465 4033 zu

293 4035 346 4095 dem
395 4035 593 4095 Hinscheiden
636 4033 689 4093 des
720 4034 840 4094 großen
877 4025 1135 4085 österreichischen
1184 4019 1333 4079 Dichters
1364 4017 1472 4077 Artur

296 4082 467 4142 Schnitzler
492 4081 540 4141 ihr
566 4079 786 4139 tiefgefühltes
817 4075 939 4135 Beileid
964 4071 1019 4131 zum
1062 4065 1227 4125 Ausdruck
1246 4064 1380 4124 bringt.

2221 726 2514 786 RVER

1808 744 2143 804 OBSE

1894 801 1919 861 I.
1933 801 2053 861 österr.
2066 795 2212 855 behördl.
2226 788 2522 848 konzessioniertes

1851 842 2085 902 Unternehmen
2117 836 2160 896 für
2187 828 2572 888 Zeitungs-Ausschnitte

1908 898 2054 958 WIEN,
2083 898 2129 958 I.,
2156 894 2445 954 WOLLZEILE
2492 886 2532 946 11

2003 949 2213 1009 TELEPHON
2251 940 2429 1000 R-23-0-43

1813 1097 2033 1157 Ausschnitt
2061 1091 2147 1151 aus:

1853 1193 2183 1253 Salzburger
2231 1186 2452 1246 Chronik

1828 1322 1932 1382 vom:
2031 1303 2257 1363 23.0t.
2274 1294 2387 1354 1931

1703 1433 1969 1493 *Lehlwillige
2005 1426 2265 1486 Verfügungen
2301 1422 2441 1482 Arthur
2470 1413 2702 1473 Schnißlers.
2731 1407 2814 1467 Ar¬

1629 1486 1711 1546 thur
1735 1486 1923 1546 Schnitzler
1948 1479 2006 1539 hat
2024 1477 2053 1537 in
2083 1476 2189 1536 seinem
2231 1473 2342 1533 letzten
2372 1467 2501 1527 Willen
2532 1461 2690 1521 folgende
2714 1455 2814 1515 Ver¬

1632 1536 1809 1596 fügungen
1839 1532 2034 1592 gekroffen:
2064 1525 2253 1585 Herzstich,
2271 1522 2366 1582 keine
2390 1517 2549 1577 Kränze,
2562 1512 2662 1572 keine
2686 1506 2821 1566 Parte,

1632 1585 1708 1645 auch
1738 1584 1767 1644 in
1804 1584 1862 1644 der
1892 1579 2040 1639 Zeitung
2070 1577 2176 1637 nicht,
2201 1568 2407 1628 Begräbnis
2437 1565 2543 1625 letzter
2574 1560 2709 1620 Klasse.
2734 1554 2809 1614 Das

1629 1634 1727 1694 durch
1762 1631 1964 1691 Befolgung
2000 1625 2109 1685 dieser
2133 1619 2428 1679 Bestimmungen
2458 1612 2631 1672 erübrigte
2661 1605 2753 1665 Geld
2782 1604 2816 1664 ist

1634 1682 1937 1742 Spitalszwecken
1970 1674 2224 1734 zuzuwenden.
2257 1669 2370 1729 Keine
2403 1663 2549 1723 Reden,
2571 1656 2814 1716 Vermeidung

1637 1733 1719 1793 allen
1764 1730 1930 1790 rituellen
1981 1724 2212 1784 Beiwerkes,
2246 1717 2346 1777 keine
2385 1715 2528 1775 Trauer
2568 1709 2689 1769 tragen
2734 1703 2811 1763 nach

1638 1784 1773 1844 meinem
1821 1781 1939 1841 Tode,
1964 1776 2105 1836 absolut
2135 1772 2253 1832 keine!

1820 2235 2532 2295 OBSERVER

1903 2288 1929 2348 l.
1943 2291 2063 2351 österr.
2076 2292 2223 2352 behördl.
2237 2294 2534 2354 konzessioniertes

1852 2331 2093 2391 Unternehmen
2121 2333 2170 2393 für
2194 2338 2580 2398 Zeitungs-Ausschnitte

1912 2390 2056 2450 WIEN,
2085 2394 2132 2454 I.,
2161 2399 2442 2459 WOLLZEILE
2485 2402 2532 2462 11

2003 2443 2219 2503 TELEPHON
2258 2447 2436 2507 R-23-0-43

1801 2585 2028 2645 Ausschnitt
2056 2587 2144 2647 aus:

2106 2642 2262 2702 Neueste
2282 2633 2439 2693 Zeitung.
2453 2623 2654 2683 Inncbruck.

2289 2735 2378 2795 23.
2399 2738 2529 2798 0KT.
2550 2741 2639 2801 1937

1808 2810 1910 2870 vom:

1858 2921 2033 2981 Arthur
2069 2911 2312 2971 Schnihlers
2347 2906 2615 2966 literarischer
2658 2897 2868 2957 Nachlaß.

1826 2997 1934 3057 Wien,
1952 2996 2004 3056 22.
2028 2992 2102 3052 Okt.
2120 2988 2241 3048 (Priv.)
2282 2982 2409 3042 Arthur
2438 2976 2680 3036 Schnitzler
2710 2972 2761 3032 hat
2785 2971 2853 3031 noch
2894 2966 2946 3026 bei

1784 3048 1942 3108 Lebzeiten
1974 3043 2021 3103 den
2053 3036 2290 3096 Dramaturgen
2322 3032 2374 3092 der
2396 3025 2732 3085 Reinhardt=Bühnen
2759 3020 2822 3080 Dr.
2838 3018 2943 3078 Franz

1781 3094 1907 3154 Horch
1934 3094 1986 3154 zum
2029 3086 2230 3146 literarischen
2262 3078 2584 3138 Nachlaßverwalter
2606 3071 2780 3131 eingesetzt.
2801 3067 2859 3127 Die
2880 3062 2948 3122 An¬

1787 3144 1971 3204 ordnungen
2004 3138 2056 3198 für
2082 3137 2140 3197 das
2167 3131 2483 3191 Leichenbegängnis
2516 3123 2637 3183 werden
2674 3120 2731 3180 erst
2758 3115 2848 3175 heute
2875 3115 2948 3175 nach

1789 3195 1930 3255 Ankunft
1960 3189 2006 3249 des
2042 3185 2171 3245 Sohnes
2207 3181 2253 3241 des
2289 3178 2542 3238 Verstorbenen,
2567 3175 2625 3235 Dr.
2649 3173 2737 3233 Hans
2767 3165 2948 3225 Schnitz¬

1785 3247 1871 3307 ler,
1888 3241 2067 3301 getroffen.

1796 3315 1855 3375 Bei
1882 3315 1931 3375 der
1958 3311 2203 3371 Oeffentlichkeit
2225 3302 2415 3362 unbekannt
2437 3298 2469 3358 ist
2491 3294 2676 3354 geblieben,
2698 3287 2752 3347 daß
2785 3282 2920 3342 Schnitz¬

1752 3369 1794 3429 ler
1821 3368 1841 3428 in
1874 3366 1926 3426 den
1958 3362 2059 3422 letzten
2091 3357 2212 3417 Jahren
2265 3350 2345 3410 nicht
2366 3347 2429 3407 nur
2472 3345 2535 3405 mit
2557 3341 2614 3401 schn
2652 3339 2705 3399 ten
2753 3333 2905 3393 seelischen

1755 3414 2028 3474 Kümmernissen,
2069 3404 2301 3464 insbesondere
2347 3396 2418 3456 nach
2449 3394 2504 3454 dem
2550 3389 2772 3449 Selbstmorde
2818 3381 2919 3441 seiner

1755 3466 1878 3526 Tochter
1910 3460 2019 3520 Lili,
2040 3456 2087 3516 die
2113 3454 2164 3514 den
2196 3450 2403 3510 italienischen
2436 3440 2643 3500 Hauptmann
2674 3435 2819 3495 Arnoldo
2851 3425 2928 3485 Ca¬

1752 3514 1916 3574 pellini
1937 3506 2116 3566 geheiratet
2143 3501 2245 3561 hatte,
2266 3497 2394 3557 sondern
2431 3491 2497 3551 auch
2528 3489 2584 3549 mit
2611 3481 2908 3541 materiellen

1758 3561 1940 3621 Sorgen
1974 3557 2001 3617 zu
2029 3552 2167 3612 kämpfen
2201 3548 2300 3608 hatte.
2318 3545 2361 3605 In
2395 3542 2445 3602 der
2467 3539 2566 3599 letzten
2600 3536 2672 3596 Zeit
2694 3532 2749 3592 hat
2772 3529 2816 3589 die
2838 3526 2926 3586 Zug¬

1756 3614 1840 3674 kraft
1861 3610 1913 3670 der
1941 3604 2199 3664 Schnitzler'schen
2231 3596 2341 3656 Stücke
2368 3592 2494 3652 vielfach
2521 3584 2731 3644 nachgelassen
2764 3579 2821 3639 und
2853 3575 2916 3635 auch

1763 3662 1810 3722 die
1837 3659 2020 3719 Tantiemen
2052 3653 2110 3713 aus
2137 3648 2278 3708 Amerika
2326 3643 2388 3703 sind
2415 3642 2441 3702 in
2473 3639 2520 3699 der
2547 3635 2646 3695 letzten
2673 3632 2746 3692 Zeit
2783 3628 2919 3688 ziemlich

1773 3712 1891 3772 spärlich
1927 3705 2098 3765 geflossen.
