3392 4320
567 662 615 722 der
646 660 793 720 Novellen
837 664 890 724 und
926 667 1063 727 Romane
1099 667 1237 727 geduldig
1273 670 1330 730 und

564 700 664 760 täglich
711 700 887 760 vermehren
929 702 954 762 im
1009 706 1143 766 Glauben
1190 706 1219 766 an
1266 709 1328 769 ihre

567 739 681 799 Dauer:
726 739 810 799 sonst
846 742 943 802 bliebe
983 742 1098 802 nichts.
1147 745 1240 805 Sogar
1285 746 1333 806 der

564 775 651 835 Ruhm
702 776 776 836 wäre
814 779 897 839 eitel,
923 780 993 840 aber
1031 779 1060 839 er
1098 783 1135 843 ist
1169 783 1210 843 ein
1252 783 1331 843 Vor-

565 815 678 875 zeichen
713 816 765 876 der
796 816 912 876 eigenen
952 819 1069 879 Dauer.

602 864 692 924 Frank
733 866 896 926 Wedekind
928 870 1037 930 nannte
1069 872 1119 932 den
1160 876 1327 936 „Leutnant

562 903 664 963 Gustl“
697 903 748 963 das
772 904 851 964 beste
884 906 967 966 Werk
1001 912 1196 972 Schnitzlers.
1220 915 1327 975 „Leut-

561 945 634 1005 nant
660 940 763 1000 Gustl“
794 942 828 1002 ist
854 947 896 1007 ein
923 949 1086 1009 Monolog,
1104 951 1194 1011 genau
1225 952 1246 1012 in
1281 955 1328 1015 der

556 981 642 1041 Mitte
673 981 821 1041 zwischen
856 984 990 1044 Novelle
1022 987 1078 1047 und
1113 990 1248 1050 Drama,
1274 992 1326 1052 und

561 1022 740 1082 gesprochen
778 1022 845 1082 wird
883 1023 912 1083 er
942 1026 1051 1086 lautlos
1080 1026 1105 1086 im
1151 1031 1331 1091 verschwie-

558 1062 645 1122 genen
677 1059 787 1119 Innern
820 1063 870 1123 des
893 1064 1031 1124 Helden.
1054 1066 1136 1126 Denn
1174 1067 1224 1127 der
1252 1069 1325 1129 Held

562 1097 637 1157 wäre
664 1099 734 1159 nach
762 1100 845 1160 dem,
867 1101 924 1161 was
952 1103 996 1163 ihm
1040 1106 1101 1166 hier
1128 1108 1248 1168 zufällig
1279 1106 1332 1166 zu-

561 1136 638 1196 stößt
685 1139 840 1199 eigentlich
886 1143 1097 1203 verpflichtet,
1125 1145 1179 1205 sich
1221 1147 1330 1207 umzu¬

559 1175 682 1235 bringen
710 1178 780 1238 oder
803 1178 851 1238 den
883 1181 989 1241 Dienst
1011 1182 1042 1242 zu
1069 1184 1250 1244 quittieren,
1273 1186 1326 1246 und

565 1213 617 1273 nur
658 1214 701 1274 ein
755 1216 863 1276 neuer,
900 1219 948 1279 der
997 1222 1324 1282 unvorhergesehenste

560 1252 664 1312 Zufall
688 1252 779 1312 rettet
806 1254 852 1314 ihn
889 1258 1026 1318 diesmal.
1049 1258 1168 1318 Daraut
1191 1261 1228 1321 ist
1256 1263 1337 1323 indes

560 1290 643 1350 nicht
669 1291 778 1351 immer
812 1293 845 1353 zu
880 1295 993 1355 bauen,
1023 1297 1077 1357 und
1116 1300 1229 1360 einmal
1259 1300 1326 1360 wird

561 1328 609 1388 das
636 1331 729 1391 Glück
764 1333 835 1393 doch
875 1333 949 1393 jedes
976 1339 1122 1399 heiteren,
1149 1338 1228 1398 lange
1263 1337 1325 1397 ver-

560 1368 697 1428 wöhnten
737 1372 887 1432 Leutnant
919 1374 1015 1434 Gustl
1038 1378 1192 1438 gründlich
1228 1378 1334 1438 müde.

559 1405 621 1465 Sein
652 1407 727 1467 noch
763 1411 869 1471 junger
896 1410 1025 1470 Dichter
1052 1413 1153 1473 wußte
1180 1413 1211 1473 es
1238 1415 1322 1475 schon

557 1446 674 1506 damals
703 1447 829 1507 voraus.
858 1446 921 1506 Wir
951 1449 1063 1509 werden
1101 1452 1160 1512 nur
1189 1455 1327 1515 fallweise

560 1484 697 1544 gerettet.
724 1485 777 1545 Die
804 1488 919 1548 Gefahr
946 1488 1052 1548 bleibt,
1076 1491 1115 1551 sie
1142 1493 1257 1553 nimmt
1284 1494 1332 1554 zu,

559 1521 630 1581 denn
665 1521 718 1581 wir
749 1527 864 1587 altern.
891 1527 948 1587 Das
975 1530 1077 1590 Altern
1112 1531 1152 1591 ist
1183 1533 1231 1593 das
1263 1532 1329 1592 Un-

558 1563 640 1623 glück
677 1565 781 1625 selbst;
809 1565 836 1625 so
873 1567 1010 1627 empfand
1047 1569 1092 1629 er.

601 1613 680 1673 Kaum
729 1616 831 1676 irgend
871 1617 963 1677 etwas
995 1619 1180 1679 erschüttert
1212 1619 1238 1679 in
1278 1620 1326 1680 der

561 1655 845 1715 Geistesgeschichte
876 1653 922 1713 der
954 1655 1060 1715 letzten
1096 1658 1177 1718 Zeit,
1203 1658 1255 1718 wie
1281 1658 1328 1718 das

558 1691 659 1751 Altern
696 1694 900 1754 Schnitzlers.
932 1692 1003 1752 Was
1034 1696 1252 1756 zeitgebunden
1293 1697 1328 1757 ist

562 1730 611 1790 vom
655 1730 771 1790 Glück,
793 1733 899 1793 verließ
931 1733 979 1793 ihn
1011 1733 1064 1793 mit
1091 1736 1144 1796 dem
1184 1736 1326 1796 glänzen-

560 1767 607 1827 den
642 1769 763 1829 Frieden
797 1771 853 1831 und
893 1772 944 1832 der
970 1772 1078 1832 Macht
1108 1775 1203 1835 seiner
1233 1777 1332 1837 Stadt.

563 1806 609 1866 Die
638 1808 796 1868 Überfälle
824 1810 875 1870 des
904 1812 1076 1872 Unglücks,
1100 1811 1146 1871 oft
1174 1812 1225 1872 von
1263 1815 1309 1875 ihm

554 1844 700 1904 erfunden
741 1847 793 1907 und
834 1847 1024 1907 dargestellt,
1051 1852 1126 1912 jetzt
1158 1852 1251 1912 trafen
1291 1852 1326 1912 sie

558 1884 688 1944 wörtlich
722 1885 783 1945 ein.
807 1888 928 1948 Endlich
966 1888 1041 1948 blieb
1074 1890 1102 1950 er
1130 1891 1205 1951 ganz
1239 1891 1322 1951 allein

560 1921 576 1981 in
610 1923 702 1983 seinem
749 1924 849 1984 Haus,
874 1929 1038 1989 vergangen
1072 1927 1130 1987 war
1160 1929 1206 1989 das
1231 1930 1327 1990 kleine

558 1962 736 2022 Getümmel
768 1965 823 2025 der
860 1966 965 2026 Liebe,
997 1967 1047 2027 der
1080 1969 1235 2029 Erfolges,
1268 1972 1322 2032 und

556 1999 635 2059 Stille
671 2002 777 2062 senkte
822 2003 902 2063 sich.
955 2005 1031 2065 Leer
1066 2005 1123 2065 und
1164 2008 1323 2068 unwürdig

555 2040 648 2100 schien
686 2040 732 2100 ihm
779 2040 825 2100 die
863 2041 952 2101 ganze
990 2043 1059 2103 neue
1102 2044 1330 2104 Wirklichkeit.

561 2074 621 2134 Was
652 2076 681 2136 er
712 2078 785 2138 noch
820 2081 954 2141 schrieb,
984 2082 1113 2142 verlegte
1149 2083 1178 2143 er
1209 2085 1316 2145 zurück

555 2115 578 2175 in
615 2115 689 2175 seine
718 2118 783 2178 gute
811 2119 895 2179 Zeit.
918 2121 979 2181 Das
1008 2121 1082 2181 jetzt
1105 2123 1319 2183 Geschehende

549 2156 641 2216 haßte
673 2154 717 2214 er,
740 2157 814 2217 denn
850 2157 881 2217 es
913 2157 970 2217 war
997 2158 1054 2218 nur
1081 2160 1240 2220 politisch,
1267 2163 1320 2223 nur

555 2191 609 2251 von
650 2193 705 2253 der
737 2193 845 2253 Macht
878 2197 1051 2257 bestimmt.
1079 2198 1238 2258 Nirgends
1270 2202 1320 2262 gab

554 2231 580 2291 es
608 2231 696 2291 mehr
727 2232 771 2292 die
798 2232 904 2292 früher
936 2237 1055 2297 übliche
1091 2238 1232 2298 Achtung
1268 2239 1321 2299 vor

556 2268 604 2328 dem
649 2270 795 2330 sittlichen
827 2273 950 2333 Erleben
986 2274 1039 2334 und
1075 2276 1167 2336 seiner
1195 2278 1327 2338 literari-

553 2306 639 2366 schen
672 2309 844 2369 Formung.
872 2307 909 2367 Er
941 2310 1014 2370 aber
1046 2311 1123 2371 hielt
1156 2314 1214 2374 dies
1247 2314 1319 2374 noch

541 2345 651 2405 immer
680 2345 703 2405 im
745 2348 860 2408 Nichts
888 2349 957 2409 aller
985 2351 1082 2411 Dinge
1110 2351 1161 2411 für
1189 2354 1235 2414 das
1263 2354 1327 2414 ein-

550 2383 627 2443 zige,
655 2384 705 2444 das
737 2387 841 2447 lohnt.
869 2390 905 2450 Er
938 2388 992 2448 hat
1024 2390 1252 2450 standgehalten
1293 2394 1316 2454 in

552 2424 595 2484 all
621 2424 716 2484 seiner
751 2426 884 2486 Trauer,
923 2426 953 2486 er
996 2427 1056 2487 war
1100 2429 1143 2489 ein
1190 2431 1324 2491 tapferer

552 2461 661 2521 Mann.
684 2461 724 2521 Er
752 2464 865 2524 konnte
898 2465 952 2525 sich
988 2465 1070 2525 wohl
1098 2468 1238 2528 plötzlich
1275 2470 1324 2530 auf

544 2500 602 2560 sein
633 2502 723 2562 Alter
746 2503 907 2563 besinnen.
930 2506 1015 2566 „Der
1042 2505 1100 2565 alte
1127 2509 1145 2569 X
1182 2508 1195 2568 —
1244 2508 1320 2568 mein

556 2538 648 2598 Gott,
667 2539 710 2599 ich
742 2539 839 2599 nenne
871 2542 915 2602 ihn
951 2544 999 2604 den
1035 2545 1110 2605 alten
1142 2545 1186 2605 X,
1213 2547 1266 2607 und
1297 2548 1328 2608 er

556 2575 593 2635 ist
621 2578 700 2638 zwei
729 2579 817 2639 Jahre
855 2581 958 2641 jünger
996 2583 1037 2643 als
1061 2583 1131 2643 ich!
1178 2587 1323 2647 Schreck¬

552 2614 645 2674 lich!“
678 2617 705 2677 In
748 2617 887 2677 Salzburg
925 2620 1004 2680 sagte
1042 2620 1074 2680 er
1107 2623 1200 2683 einst:
1229 2623 1321 2683 „Wer

556 2653 599 2713 tot
625 2655 672 2715 ist,
690 2655 741 2715 der
763 2655 802 2715 ist
824 2657 892 2717 sehr
914 2658 987 2718 tot.“
1014 2658 1099 2718 Dann
1130 2661 1199 2721 aber
1221 2664 1324 2724 kehrte

555 2691 606 2751 der
633 2694 744 2754 tapfere
774 2696 864 2756 Mann
894 2697 1001 2757 zurück
1036 2699 1065 2759 an
1100 2697 1177 2757 seine
1208 2702 1327 2762 Arbeit,

556 2732 672 2792 unseren
713 2735 867 2795 einzigen,
891 2736 1041 2796 schmalen
1082 2738 1138 2798 und
1179 2739 1324 2799 ungewis-

553 2770 596 2830 sen
632 2769 761 2829 Ausweg
797 2774 845 2834 aus
877 2774 930 2834 der
961 2778 1241 2838 Vergänglichkeit.

596 2826 636 2886 Am
686 2824 773 2884 Tisch
814 2824 905 2884 unter
937 2829 1110 2889 Bekannten
1152 2829 1247 2889 bekam
1298 2829 1324 2889 er

552 2864 668 2924 einmal
694 2864 775 2924 harte
806 2867 908 2927 Züge;
930 2866 959 2926 es
990 2866 1088 2926 wurde
1119 2867 1170 2927 von
1209 2866 1324 2926 Illusio-

554 2901 607 2961 nen
638 2903 846 2963 gesprochen:
869 2906 935 2966 „Ich
970 2903 1068 2963 kenne
1095 2906 1178 2966 keine
1210 2905 1324 2965 Illusio¬

548 2944 623 3004 nen.
653 2942 699 3002 Ich
741 2942 846 3002 mache
884 2943 943 3003 mir
977 2943 1094 3003 keine.“
1132 2945 1199 3005 Man
1242 2945 1321 3005 hätte

555 2979 695 3039 erwidern
736 2981 859 3041 wollen,
886 2981 939 3041 daß
975 2983 1027 3043 das
1054 2984 1151 3044 Leben
1187 2984 1244 3044 sich
1275 2984 1323 3044 ge-

553 3020 657 3080 radezu
690 3019 799 3079 messen
827 3022 896 3082 lasse
924 3020 952 3080 an
985 3020 1033 3080 den
1066 3023 1243 3083 Illusionen,
1264 3023 1316 3083 und

554 3056 605 3116 daß
649 3055 678 3115 es
713 3058 842 3118 aufhöre
881 3057 941 3117 mit
971 3058 1079 3118 ihnen.
1114 3058 1177 3118 Vor
1212 3061 1306 3121 diesem

555 3094 753 3154 verstummte
786 3099 871 3159 man.
895 3097 931 3157 Er
965 3097 1025 3157 war
1050 3098 1106 3158 mit
1140 3100 1192 3160 dem
1241 3099 1321 3159 Tode

559 3136 691 3196 vertraut
745 3135 836 3195 schon
897 3134 954 3194 seit
1008 3136 1136 3196 seiner,
1159 3139 1318 3199 heitersten

554 3175 686 3235 Jugend,
709 3175 802 3235 schon
837 3175 864 3235 in
900 3175 948 3235 dem
997 3175 1107 3235 Stück,
1134 3176 1183 3236 das
1214 3175 1245 3235 er
1276 3177 1324 3237 be¬

555 3214 675 3274 sonders
706 3213 861 3273 geschätzt
896 3213 964 3273 hat:
991 3216 1154 3276 „Liebelei.
1202 3215 1327 3275 Zuletzt

557 3250 636 3310 hatte
663 3251 712 3311 der
743 3252 800 3312 Tod
832 3252 933 3312 keinen
969 3252 1163 3312 Wortführer
1186 3252 1239 3312 wic
1266 3255 1327 3315 ihn.

556 3288 589 3348 Er
614 3289 668 3349 hat
693 3288 840 3348 Abschied
869 3291 1049 3351 genommen
1079 3291 1137 3351 mit
1163 3291 1242 3351 jener
1271 3291 1325 3351 un-

554 3328 726 3388 heimlichen
770 3327 826 3387 und
865 3329 1094 3389 bezwingenden
1133 3331 1262 3391 „Flucht
1297 3333 1318 3393 in

552 3369 596 3429 die
632 3366 832 3426 Finsternis",
869 3369 948 3429 einer
989 3369 1162 3429 Dichtung,
1194 3371 1238 3431 die
1279 3370 1319 3430 ein

554 3405 713 3465 klinisches
741 3405 798 3465 Bild
825 3405 878 3465 ist,
896 3407 975 3467 einer
1003 3411 1331 3471 Beobachtungsreihe,

557 3444 595 3504 die
626 3447 759 3507 ansteigt
786 3446 828 3506 bis
859 3444 915 3504 zur
945 3446 1053 3506 großen
1092 3447 1212 3507 Vision.
1235 3449 1320 3509 Dann

553 3482 626 3542 starb
669 3484 699 3544 er
734 3483 746 3543 —
807 3484 858 3544 fiel
893 3483 923 3543 an
967 3483 1065 3543 seinem
1118 3485 1315 3545 Schreibtisch

549 3521 596 3581 hin
629 3522 676 3582 als
705 3519 803 3579 einer,
832 3524 884 3584 der
917 3521 973 3581 sein
1017 3521 1101 3581 Werk
1139 3526 1224 3586 getan
1262 3527 1313 3587 hat

553 3559 594 3619 bis
624 3559 678 3619 zum
729 3560 808 3620 Ende
842 3560 866 3620 im
917 3562 1038 3622 Dienste
1076 3563 1180 3623 zweier
1214 3566 1322 3626 großer

558 3599 694 3659 Mächte:
718 3601 807 3661 Liebe
841 3601 897 3661 und
931 3602 1015 3662 Tod.

596 3644 659 3704 Wir
686 3650 977 3710 Übriggebliebenen
1014 3649 1109 3709 wissen
1142 3652 1196 3712 von
1232 3649 1323 3709 unge¬

551 3688 664 3748 zählten
694 3686 845 3746 Freuden,
867 3688 1102 3748 schmerzlichen
1137 3688 1208 3748 oder
1234 3690 1326 3750 leich-

557 3725 619 3785 ten,
640 3726 723 3786 tiefen
757 3726 827 3786 oder
857 3727 965 3787 süßen,
986 3727 1053 3787 aber
1078 3729 1132 3789 alle
1162 3727 1236 3787 einst
1262 3727 1315 3787 von

553 3764 600 3824 ihm
644 3765 831 3825 angestiftet,
851 3766 933 3826 wenn
969 3764 1020 3824 wir
1044 3766 1091 3826 ihn
1122 3767 1216 3827 lasen,
1236 3768 1318 3828 wenn

554 3802 607 3862 wir
647 3803 691 3863 ihn
736 3802 918 3862 aufgeführt
958 3804 1064 3864 sahen.
1096 3805 1158 3865 Das
1198 3808 1331 3868 Lachen,

552 3841 607 3901 von
642 3842 689 3902 ihm
733 3843 756 3903 in
788 3843 866 3903 einem
914 3842 1110 3902 Theatersaal
1130 3844 1243 3904 erregt,
1267 3844 1326 3904 war

554 3882 742 3942 übermütig,
763 3882 833 3942 aber
864 3879 892 3939 es
918 3879 976 3939 war
1005 3882 1072 3942 auch
1106 3882 1248 3942 zärtlich,
1273 3882 1323 3942 wie

557 3921 602 3981 das
628 3921 740 3981 Lachen
774 3921 857 3981 nicht
882 3921 928 3981 oft
953 3920 1003 3980 ist.
1024 3918 1057 3978 Er
1087 3921 1165 3981 hatte
1195 3921 1328 3981 Anmut,

1389 670 1442 730 und
1486 670 1517 730 er
1553 674 1632 734 hatte
1668 675 1773 735 Kraft.
1804 674 1857 734 Die
1893 676 2060 736 Schicksale
2096 679 2148 739 der

1387 709 1544 769 Menschen
1584 713 1702 773 standen
1742 712 1796 772 auf
1832 712 1887 772 und
1931 715 2092 775 sprachen,
2120 716 2143 776 so

1392 748 1432 808 oft
1456 748 1484 808 er
1513 750 1541 810 es
1562 750 1675 810 wollte.
1696 751 1732 811 Er
1757 751 1915 811 beschwor
1940 753 2041 813 unsere
2074 754 2150 814 Teil-

1388 786 1494 846 nahme
1521 786 1547 846 an
1582 789 1684 849 ihnen,
1707 789 1756 849 der
1783 790 1855 850 Atem
1901 789 1946 849 des
1973 792 2151 852 Menschen-

1386 824 1465 884 tums
1497 826 1622 886 strömte
1657 828 1798 888 zwischen
1837 826 1893 886 uns
1921 828 1978 888 und
2012 830 2092 890 ihm.
2119 829 2153 889 Er

1391 862 1446 922 war
1482 864 1520 924 ein
1560 864 1670 924 großer
1706 867 1874 927 Lebender,
1906 865 2000 925 bevor
2036 865 2066 925 er
2102 870 2141 930 ein

1386 900 1493 960 großer
1520 903 1614 963 Toter
1641 903 1757 963 wurde.
1783 903 1843 963 Wir
1870 903 1981 963 danken
2016 905 2097 965 ihm.

1424 940 1467 1000 Ich
1502 942 1571 1002 habe
1601 942 1817 1002 darzubringen
1847 942 1894 1002 den
1929 942 2010 1002 Dank
2042 945 2149 1005 ganzer

1388 980 1613 1040 Geschlechter,
1645 983 1688 1043 die
1724 983 1782 1043 sein
1827 980 1915 1040 Werk
1959 984 2069 1044 lieben,
2105 983 2149 1043 die

1400 1228 1785 1288 Direktor
1844 1233 2186 1293 Thespis

1388 1298 1460 1358 VON

1391 1366 1523 1426 FRED
1578 1372 1781 1432 HELLER

1424 1482 1451 1542 Im
1503 1485 1577 1545 Café
1606 1485 1713 1545 stellte
1751 1487 1816 1547 sich
1863 1487 1928 1547 mir
1966 1486 2012 1546 ein
2059 1487 2147 1547 Herr

1387 1520 1463 1580 vor:
1487 1524 1800 1584 „Theaterdirektor
1833 1525 2009 1585 Thespis“.

1426 1562 1594 1622 „Welches
1622 1566 1767 1626 Theater
1797 1566 1890 1626 leiten
1928 1563 2002 1623 Sie?

1423 1602 1591 1662 „Welches
1635 1602 1683 1662 Sie
1728 1604 1865 1664 wollen;
1905 1605 1984 1665 oder
2024 1605 2152 1665 besser,

1391 1641 1527 1701 welches
1554 1641 1580 1701 io
1638 1643 1717 1703 will.
1740 1643 1793 1703 Ich
1824 1646 1877 1706 bin
1913 1643 1939 1703 in
1974 1643 2151 1703 Verhand¬

1384 1680 1515 1740 lungen.
1539 1682 1584 1742 Ich
1616 1682 1735 1742 pachte
1762 1684 1812 1744 ein
1840 1685 2004 1745 Theater.
2023 1685 2132 1745 Jedes.

1426 1721 1500 1781 „Bei
1529 1721 1632 1781 diesen
1665 1721 1801 1781 Zeiten?

1418 1760 1587 1820 „Gerade.
1628 1763 1708 1823 Mein
1762 1763 1909 1823 Theater
1959 1760 2040 1820 wird
2094 1763 2151 1823 das

1379 1799 1570 1859 sanierteste
1602 1802 1744 1862 Theater
1776 1801 1833 1861 der
1865 1799 1953 1859 Welt
1981 1802 2065 1862 sein.
2092 1802 2136 1862 Ich

1389 1837 1490 1897 werde
1531 1838 1672 1898 nämlich
1704 1839 1850 1899 Theater
1886 1841 2031 1901 spielen,
2063 1843 2147 1903 ohne

1387 1876 1543 1936 Komödie
1571 1879 1607 1939 zu
1635 1879 1792 1939 spielen."

1420 1918 1505 1978 „Das
1540 1918 1604 1978 war
1639 1918 1716 1978 noch
1759 1920 1909 1980 niemand
1948 1921 2133 1981 imstande.

1423 1959 1490 2019 „Ich
1522 1957 1568 2017 ja.
1582 1957 1631 2017 Ich
1664 1958 1782 2018 gehöre
1810 1959 1841 2019 zu
1874 1958 1928 2018 den
1956 1960 2129 2020 Menschen

1385 1996 1430 2056 die
1458 1996 1539 2056 alles
1562 1997 1720 2057 imstande
1753 1999 1844 2059 sind.
1858 1999 1898 2059 Es
1926 1997 1966 2057 ist
1989 1999 2143 2059 übrigens

1384 2037 1438 2097 gar
1461 2036 1552 2096 keine
1580 2037 1698 2097 Kunst,
1717 2036 1757 2096 ein
1790 2037 1931 2097 Theater
1954 2037 1985 2097 zu
2014 2037 2150 2097 führen,

1383 2073 1472 2133 wenn
1517 2075 1587 2135 man
1627 2075 1689 2135 sich
1734 2076 1827 2136 nicht
1863 2076 1920 2136 auf
1956 2078 2005 2138 die
2045 2079 2151 2139 Kunst

1383 2115 1551 2175 ausredet.
1574 2115 1680 2175 Kunst
1707 2116 1763 2176 ist,
1791 2115 1879 2175 wenn
1915 2117 1972 2177 das
1999 2116 2145 2176 Theater

1382 2155 1472 2215 geht.
1509 2154 1572 2214 Das
1614 2154 1759 2214 Theater
1805 2156 1877 2216 muß
1923 2155 2050 2215 gehen,
2087 2157 2141 2217 das

1382 2193 1472 2253 nicht
1495 2193 1554 2253 auf
1573 2193 1626 2253 das
1654 2196 1812 2256 Publikum
1858 2193 2062 2253 angewiesen
2094 2196 2148 2256 ist.

1379 2232 1442 2292 Das
1484 2234 1648 2294 Publikum
1708 2233 1766 2293 hat
1808 2233 1881 2293 kein
1931 2234 2027 2294 Geld.
2064 2234 2136 2294 Man

1383 2270 1458 2330 kann
1495 2272 1565 2332 aber
1593 2273 1668 2333 eher
1691 2273 1775 2333 ohne
1802 2273 1963 2333 Publikum
2003 2274 2145 2334 Theater

1377 2310 1522 2370 spielen.
1546 2311 1594 2371 als
1625 2312 1709 2372 ohne
1740 2311 1837 2371 Geld.
1860 2310 1926 2370 Auf
1953 2311 2059 2371 diesem
2108 2312 2147 2372 Ei

1380 2346 1433 2406 des
1460 2349 1641 2409 Kolumbus
1664 2351 1788 2411 beruht
1810 2351 1894 2411 mein
1926 2352 2147 2412 Sanierungs¬

1386 2390 1557 2450 programm
1617 2390 1741 2450 meines
1780 2388 1956 2448 Theaters,
1991 2392 2050 2452 das
2089 2393 2135 2453 ich

1387 2428 1470 2488 jeden
1508 2428 1569 2488 Tag
1597 2428 1700 2488 haben
1733 2428 1840 2488 kann.
1874 2428 1962 2488 Denn
2005 2430 2065 2490 das
2103 2431 2144 2491 ist

1380 2467 1457 2527 auch
1505 2466 1534 2526 so
1578 2467 1651 2527 eine
1695 2469 1867 2529 überholte
1901 2470 2052 2530 Ansicht,
2078 2469 2138 2529 daß

1386 2504 1450 2564 man
1485 2505 1557 2565 erst
1583 2506 1626 2566 ein
1661 2507 1802 2567 Theater
1833 2506 1935 2566 haben
1970 2508 2064 2568 muß,
2090 2509 2124 2569 um

1383 2545 1673 2605 Theaterdirektor
1705 2546 1741 2606 zu
1768 2547 1859 2607 sein.
1887 2548 2027 2608 Wieviel
2055 2548 2145 2608 Büh-

1382 2584 1436 2644 nen
1473 2586 1586 2646 wollen
1618 2587 1667 2647 Sie
1695 2589 1826 2649 morgen
1863 2589 1899 2649 um
1945 2588 2044 2648 zwölf
2072 2589 2139 2649 Uhr

1382 2623 1543 2683 mittags?

1413 2661 1571 2721 „Danke!

1418 2703 1539 2763 „Sagen
1577 2703 1627 2763 Sie
1660 2704 1716 2764 das
1749 2706 1855 2766 nicht.
1879 2706 1972 2766 Dank
2009 2706 2134 2766 meinen

1385 2741 1567 2801 Prinzipien
1596 2744 1647 2804 für
1671 2742 1717 2802 die
1745 2745 1900 2805 Führung
1928 2745 2017 2805 eines
2041 2743 2148 2803 Thea¬

1385 2781 1444 2841 ters
1475 2780 1552 2840 wird
1586 2781 1616 2841 es
1647 2781 1672 2841 in
1707 2784 1913 2844 absehbarer
1943 2783 2011 2843 Zeit
2033 2787 2144 2847 nichts

1373 2819 1563 2879 Schöneres
1604 2823 1705 2883 geben
1755 2821 1798 2881 als
1843 2824 2144 2884 Theaterdirektor

1376 2858 1409 2918 zu
1455 2860 1547 2920 sein.
1581 2861 1652 2921 Man
1702 2860 1781 2920 wird
1837 2861 1928 2921 einen
1975 2863 2146 2923 Numerus

1379 2900 1508 2960 clausus
1564 2900 1616 2960 für
1677 2900 1732 2960 den
1798 2901 1905 2961 Beruf
1962 2903 2139 2963 einführen

1383 2939 1529 2999 müssen,
1550 2939 1600 2999 Sie
1634 2939 1759 2999 werden
1793 2942 1913 3002 sehen.

1418 2979 1479 3039 „An
1519 2979 1585 3039 was
1617 2978 1669 3038 für
1700 2978 1744 3038 ein
1784 2980 1885 3040 Genre
1917 2981 2045 3041 denken
2080 2981 2151 3041 Sie,

1383 3019 1414 3079 an
1450 3019 1648 3079 Schauspiel
1671 3020 1745 3080 oder
1777 3019 1812 3079 an
1843 3020 2024 3080 Operette?

1419 3055 1500 3115 „Das
1525 3057 1567 3117 ist
1587 3061 1668 3121 ganz
1688 3059 1813 3119 gleich.
1833 3058 1905 3118 Wer
1934 3061 2025 3121 mehr
2050 3060 2131 3120 gibt.

1421 3094 1576 3154 „Wieso?

1424 3137 1503 3197 „Mir
1531 3138 1675 3198 scheint,
1699 3136 1750 3196 Sie
1788 3136 1900 3196 wollen
1938 3138 2016 3198 mich
2059 3139 2133 3199 noch

1385 3174 1500 3234 immer
1526 3176 1620 3236 nicht
1647 3178 1835 3238 verstehen.
1861 3177 1929 3237 Also
1960 3178 2058 3238 hören
2093 3178 2140 3238 Sie

1379 3215 1434 3275 zu:
1452 3214 1557 3274 Teilen
1590 3216 1640 3276 Sie
1663 3216 1796 3276 morgen
1829 3217 1856 3277 in
1884 3217 1979 3277 Ihrer
2003 3217 2140 3277 Zeitung

1380 3253 1455 3313 mit,
1491 3255 1552 3315 daß
1597 3255 1662 3315 sich
1707 3253 1746 3313 um
1805 3255 1892 3315 zwei
1933 3255 1989 3315 der
2030 3255 2144 3315 meist¬

1385 3294 1561 3354 genannten
1601 3293 1883 3353 zugesperrtesten
1915 3294 2055 3354 Theater
2091 3293 2144 3353 Di¬

1375 3333 1488 3393 rektor
1516 3333 1657 3393 Thespis
1680 3331 1835 3391 bewirbt.
1858 3333 1922 3393 Wie
1950 3335 1999 3395 Sie
2027 3336 2150 3396 hören,

1379 3372 1547 3432 schreiben
1580 3372 1648 3432 Sie,
1671 3372 1740 3432 will
1763 3374 1922 3434 Direktor
1951 3375 2087 3435 Thespis
2115 3373 2142 3433 in

1383 3409 1436 3469 dem
1494 3410 1582 3470 einen
1627 3411 1768 3471 Theater
1809 3412 1857 3472 die
1897 3411 2070 3471 Operette,
2102 3411 2128 3471 im

1382 3449 1502 3509 andern
1532 3451 1588 3511 das
1619 3452 1812 3512 Prosastück
1847 3453 1993 3513 pflegen.
2015 3453 2147 3513 Schrei¬

1382 3488 1436 3548 ben
1468 3489 1518 3549 Sie
1545 3488 1595 3548 ja:
1614 3489 1763 3549 pflegen!
1787 3490 1891 3550 Wieso
1923 3492 1981 3552 und
2014 3492 2122 3552 warum

1386 3527 1439 3587 und
1473 3529 1598 3589 woher,
1615 3528 1674 3588 das
1699 3530 1887 3590 überlassen
1913 3530 1962 3590 Sie
1988 3530 2050 3590 nur
2076 3532 2150 3592 mir.

1382 3569 1426 3629 Ich
1466 3566 1572 3626 werde
1604 3569 1940 3629 Schauspielerinnen
1972 3571 2033 3631 und
2065 3571 2144 3631 Sän¬

1383 3608 1537 3668 gerinnen
1579 3608 1801 3668 engagieren.
1838 3608 1924 3668 Laut
1961 3611 2147 3671 Kollektiv-

1383 3647 1511 3707 vertrag
1547 3648 1733 3708 natürlich.
1760 3649 1843 3709 Aber
1879 3648 1923 3708 ich
1964 3649 2140 3709 engagiere

1383 3685 1438 3745 nur
1478 3685 1606 3745 solche,
1638 3687 1689 3747 die
1728 3687 1788 3747 mir
1823 3688 1895 3748 ihre
1935 3687 2042 3747 Gage,
2073 3687 2141 3747 eine

1981 3727 2037 3787 für
2089 3725 2136 3785 ein

1385 3726 1706 3786 Prominentengage
1760 3727 1924 3787 natürlich

1383 3761 1460 3821 Jahr
1486 3764 1511 3824 im
1555 3765 1675 3825 voraus
1701 3766 1846 3826 erlegen.
1864 3763 1876 3823 —
1925 3766 2001 3826 Bitte
2032 3766 2147 3826 schön,

1382 3804 1422 3864 ich
1464 3803 1537 3863 will
1560 3805 1656 3865 nicht
1679 3805 1889 3865 behaupten,
1912 3805 1971 3865 daß
2004 3805 2049 3865 ich
2091 3805 2145 3865 das

1382 3841 1461 3901 beste
1499 3842 1669 3902 Ensemble
1703 3847 2029 3907 zusammenkriege,
2059 3846 2133 3906 doch

1377 3879 1549 3939 sicherlich
1603 3882 1660 3942 das
1705 3883 1837 3943 größte.
1877 3885 2147 3945 Kapellmeister.

1386 3920 1592 3980 Regisseure,
1627 3924 1875 3984 Dramaturgen
1927 3924 2038 3984 zahlen
2091 3923 2137 3983 die

1705 4039 1789 4099 30

2204 672 2256 732 sein
2293 676 2460 736 Andenken
2493 676 2606 736 lieben.
2631 676 2679 736 Lem
2721 677 2834 737 danken
2867 677 2956 737 durch

2205 713 2275 773 mich
2319 714 2394 774 seine
2437 715 2606 775 Genossen,
2646 715 2681 775 de
2736 718 2968 778 Schriftsteller,

2210 752 2258 812 und
2295 751 2360 811 ihre
2397 751 2575 811 Vertretung
2617 753 2641 813 in
2678 751 2731 811 der
2759 755 2954 815 Preußischen

2207 788 2369 848 Akademie
2399 789 2449 849 der
2479 791 2608 851 Künste,
2633 789 2712 849 deren
2751 791 2821 851 Ehre
2851 792 2959 852 größer

2204 827 2301 887 wurde
2334 828 2419 888 durch
2457 828 2493 888 ein
2526 831 2643 891 solches
2668 831 2819 891 Mitglied.
2843 832 2965 892 Zuletzt

2204 867 2361 927 empfange
2406 867 2522 927 Arthur
2559 870 2729 930 Schnitzler
2770 867 2822 927 den
2871 870 2955 930 Dank

2207 904 2283 964 eines
2308 906 2470 966 Freundes.
2490 907 2571 967 Auch
2604 906 2644 966 ich
2677 906 2830 966 begleitete
2860 909 2904 969 ihn
2937 907 2956 967 in

2203 944 2313 1004 einigen
2384 947 2552 1007 Stunden,
2584 948 2713 1008 seines,
2745 948 2956 1008 wunderbaren

2211 983 2337 1043 Lebens.

2265 1234 2583 1294 pachtet

2313 1372 2543 1432 jedes
2615 1372 2954 1432 Iheater

2208 1488 2332 1548 Hälfte,
2352 1488 2429 1548 aber
2453 1488 2525 1548 bar.
2545 1488 2669 1548 Tenöre
2694 1486 2770 1546 gebe
2795 1488 2823 1548 es
2848 1487 2967 1547 keine?

2207 1525 2255 1585 Ja,
2278 1527 2446 1587 vielleicht
2469 1527 2597 1587 solche,
2615 1527 2663 1587 die
2695 1530 2779 1590 Gage
2810 1527 2969 1587 nehmen;

2207 1566 2282 1626 aber
2309 1565 2437 1625 solche,
2456 1568 2504 1628 die
2544 1565 2632 1625 Gage
2669 1567 2788 1627 geben,
2819 1568 2894 1628 ach,
2926 1566 2960 1626 da

2205 1605 2315 1665 sollten
2346 1605 2394 1665 Sie
2421 1605 2487 1665 mal
2505 1605 2628 1665 sehen!
2646 1607 2787 1667 Glauben
2818 1605 2862 1665 Sie
2893 1605 2968 1665 mir,

2207 1643 2248 1703 ich
2286 1643 2461 1703 bekomme
2495 1643 2524 1703 so
2562 1643 2629 1703 viel
2654 1644 2729 1704 Geld
2763 1644 2972 1704 zusammen,

2206 1683 2259 1743 daß
2295 1682 2388 1742 jeder
2420 1685 2567 1745 weniger
2603 1685 2794 1745 anständige
2830 1685 2959 1745 Mensch

2204 1721 2281 1781 auch
2333 1723 2427 1783 nicht
2470 1724 2560 1784 mehr
2604 1724 2633 1784 im
2694 1724 2801 1784 Traum
2857 1724 2960 1784 daran

2207 1763 2327 1823 denken
2367 1763 2495 1823 würde,
2522 1763 2603 1823 jetzt
2629 1763 2711 1823 noch
2750 1762 2827 1822 auch
2867 1762 2969 1822 wirk-

2210 1802 2263 1862 lich
2299 1802 2342 1862 ein
2378 1802 2519 1862 Theater
2550 1802 2581 1862 zu
2612 1802 2854 1862 übernehmen.
2881 1802 2960 1862 Aber

2207 1840 2264 1900 mit
2309 1839 2366 1899 der
2415 1843 2672 1903 Anständigkeit
2717 1843 2845 1903 kommt
2890 1840 2960 1900 man

2212 1877 2274 1937 vicl
2301 1879 2434 1939 weiter.

2242 1921 2367 1981 „Wenn
2424 1919 2475 1979 ich
2532 1918 2620 1978 zwei
2672 1918 2817 1978 Theater
2869 1918 2976 1978 habe,

2210 1960 2347 2020 brauche
2388 1958 2436 2018 ich
2485 1959 2564 2019 doch
2614 1960 2693 2020 auch
2742 1960 2879 2020 Stücke!
2920 1957 2963 2017 Da

2209 1999 2293 2059 zeigt
2312 1998 2377 2058 sich
2410 1999 2493 2059 nun,
2512 1998 2549 2058 ob
2582 1997 2628 2057 ein
2662 1999 2815 2059 Direktor
2844 1999 2969 2059 Fähig¬

2208 2037 2303 2097 keiten
2340 2037 2395 2097 für
2427 2037 2477 2097 die
2509 2035 2646 2095 Leitung
2683 2037 2774 2097 eines
2807 2037 2966 2097 Theaters

2206 2079 2336 2139 besitzt.
2365 2076 2407 2136 Es
2450 2078 2519 2138 gibt
2557 2077 2776 2137 Direktoren,
2810 2076 2861 2136 die
2904 2076 2964 2136 nur

2205 2115 2299 2175 soche
2334 2113 2449 2173 Werke
2475 2115 2680 2175 annehmen,
2702 2115 2757 2175 von
2788 2115 2890 2175 denen
2920 2113 2963 2173 sie

2206 2155 2262 2215 sich
2295 2154 2384 2214 einen
2417 2157 2525 2217 Erfolg
2554 2156 2605 2216 bei
2624 2154 2741 2214 Presse
2770 2154 2830 2214 und
2860 2154 2971 2214 Publi¬

2207 2193 2260 2253 kum
2309 2193 2525 2253 erwarteten.
2547 2193 2604 2253 Die
2636 2193 2759 2253 cinzige
2790 2193 2865 2253 Art,
2887 2193 2962 2253 über

2209 2231 2320 2291 Stücke
2350 2233 2380 2293 zu
2415 2233 2646 2293 entscheiden,
2664 2234 2749 2294 kann
2780 2231 2840 2291 nur
2866 2231 2960 2291 darin

2206 2270 2374 2330 bestehen,
2392 2273 2485 2333 nicht
2508 2272 2556 2332 die
2588 2271 2725 2331 Stücke,
2739 2272 2881 2332 sondern
2917 2271 2965 2331 die

2203 2310 2341 2370 Autoren
2386 2309 2648 2369 auszuwählen.
2685 2309 2717 2369 Je
2762 2308 2872 2368 besser
2918 2308 2962 2368 ein

2203 2348 2300 2408 Autor
2358 2348 2411 2408 für
2473 2350 2522 2410 die
2584 2348 2792 2408 Aufführung
2855 2348 2960 2408 seines

2200 2387 2333 2447 Stückes
2364 2390 2515 2450 bezahlt,
2538 2388 2577 2448 um
2627 2388 2658 2448 so
2698 2389 2791 2449 mehr
2827 2388 2898 2448 hält
2930 2387 2960 2447 er

2204 2424 2255 2484 von
2290 2427 2401 2487 seinem
2449 2428 2543 2488 Stück
2591 2427 2650 2487 und
2698 2426 2737 2486 um
2793 2426 2822 2486 so
2866 2427 2960 2487 mehr

2201 2467 2285 2527 halte
2317 2466 2365 2526 ich
2405 2466 2462 2526 von
2494 2467 2591 2527 ihnen
2627 2467 2764 2527 beiden.
2791 2467 2857 2527 Und
2893 2466 2968 2526 des¬

2201 2506 2270 2566 halb
2303 2506 2392 2566 ziehe
2425 2506 2495 2566 ich,
2519 2506 2598 2566 offen
2632 2506 2762 2566 gesagt,
2782 2506 2959 2566 Operetten

2203 2543 2275 2603 vor,
2314 2545 2391 2605 weil
2435 2545 2473 2605 an
2520 2545 2615 2605 einem
2675 2547 2804 2607 solchen
2864 2545 2954 2605 Werk

2203 2584 2317 2644 immer
2357 2583 2427 2643 eine
2467 2587 2568 2647 ganze
2600 2584 2701 2644 Reihe
2746 2585 2798 2645 von
2834 2587 2953 2647 Leuten

2204 2624 2345 2684 beteiligt
2372 2625 2429 2685 ist,
2452 2626 2540 2686 wenn
2580 2624 2655 2684 auch
2695 2623 2964 2683 bedauerlicher¬

2206 2661 2294 2721 weise
2334 2662 2391 2722 der
2427 2662 2630 2722 Komponist
2666 2664 2718 2724 für
2754 2663 2821 2723 sich
2865 2664 2957 2724 allein

2201 2703 2368 2763 einstehen
2416 2703 2471 2763 und
2519 2703 2673 2763 bezahlen
2721 2703 2815 2763 muß,
2850 2702 2884 2762 da
2931 2700 2961 2760 es

2202 2742 2278 2802 noch
2310 2743 2428 2803 immer
2460 2741 2555 2801 nicht
2582 2745 2682 2805 üblich
2718 2742 2772 2802 ist,
2796 2744 2872 2804 auch
2909 2742 2958 2802 die

2208 2783 2458 2843 musikalischen
2526 2782 2731 2842 Mitarbeiter
2796 2781 2859 2841 alle
2923 2784 2959 2844 zu

2204 2819 2349 2879 nennen.
2371 2821 2457 2881 Doch
2492 2820 2568 2880 auch
2604 2821 2663 2881 das
2694 2820 2775 2880 wird
2805 2820 2869 2880 sich
2904 2821 2964 2881 än¬

2204 2858 2297 2918 dern,
2319 2860 2408 2920 wenn
2444 2860 2492 2920 die
2523 2859 2647 2919 Anteile
2678 2861 2713 2921 an
2749 2861 2802 2921 den
2838 2861 2957 2921 Kosten

2206 2897 2338 2957 gerecht
2374 2900 2546 2960 aufgeteilt
2587 2899 2741 2959 werden.
2773 2900 2839 2960 Auf
2875 2900 2959 2960 diese

2208 2932 2305 2992 Weise
2343 2936 2422 2996 wird
2465 2939 2595 2999 endlich
2642 2939 2721 2999 volle
2754 2939 2964 2999 Ehrlichkeit

2202 2978 2278 3038 auch
2310 2977 2369 3037 auf
2397 2977 2451 3037 den
2487 2978 2641 3038 Gebieten
2678 2980 2827 3040 geistigen
2869 2978 2963 3038 Dieb¬

2201 3017 2304 3077 stahls
2330 3017 2530 3077 herrschen.
2552 3018 2614 3078 Das
2652 3017 2693 3077 ist
2727 3017 2756 3077 so
2798 3017 2865 3077 eine
2907 3017 2960 3077 der

2204 3054 2285 3114 edlen
2332 3056 2450 3116 Folgen
2492 3058 2619 3118 meiner
2661 3058 2830 3118 Methode.
2853 3058 2958 3118 Sehen

2205 3095 2250 3155 Sie
2279 3096 2338 3156 das
2362 3094 2439 3154 ein?

2240 3136 2362 3196 „Ja...
2381 3136 2462 3196 aber
2490 3136 2539 3196 Sie
2571 3135 2698 3195 werden
2735 3136 2762 3196 ja
2789 3136 2866 3196 doch
2903 3136 2957 3196 das

2203 3175 2362 3235 Publikum
2411 3178 2606 3238 brauchen,
2637 3178 2717 3238 denn
2757 3176 2814 3236 vor
2850 3176 2956 3236 leeren

2202 3215 2371 3275 Bänken.

2238 3253 2359 3313 „Was?
2378 3252 2429 3312 Ich
2462 3252 2569 3312 werde
2593 3254 2644 3314 die
2673 3255 2803 3315 vollsten
2832 3255 2958 3315 Häuser

2204 3291 2328 3351 haben!
2350 3291 2425 3351 Wer
2452 3294 2532 3354 denn
2563 3294 2656 3354 sollte
2683 3294 2802 3354 Karten
2834 3294 2971 3354 kaufen,

2211 3333 2292 3393 wenn
2324 3330 2419 3390 nicht
2442 3332 2491 3392 die
2524 3334 2628 3394 Stars,
2651 3333 2700 3393 die
2728 3333 2777 3393 für
2805 3333 2854 3393 ihr
2882 3333 2963 3393 Auf¬

2207 3372 2322 3432 treten,
2348 3372 2403 3432 und
2434 3372 2485 3432 die
2515 3373 2652 3433 Autoren
2686 3374 2746 3434 und
2781 3372 2960 3432 Komponi¬

2205 3411 2286 3471 sten,
2305 3413 2354 3473 die
2378 3411 2432 3471 für
2455 3413 2523 3473 ihre
2551 3414 2760 3474 Aufführung
2789 3414 2966 3474 bezahlen!

2207 3450 2250 3510 Sie
2289 3452 2392 3512 selbst
2423 3453 2526 3513 haben
2561 3453 2621 3513 das
2656 3453 2768 3513 größte
2803 3453 2962 3513 Interesse

2204 3488 2323 3548 daran,
2355 3491 2411 3551 daß
2456 3493 2500 3553 sie
2536 3492 2632 3552 Leute
2664 3494 2792 3554 finden,
2814 3494 2862 3554 die
2894 3491 2955 3551 sich

2201 3530 2257 3590 das
2285 3530 2427 3590 ansehen
2460 3531 2520 3591 und
2549 3533 2719 3593 anhören,
2744 3532 2808 3592 was
2833 3531 2857 3591 in
2894 3531 2946 3591 dem

2207 3569 2344 3629 Theater
2376 3570 2508 3630 geboten
2540 3571 2641 3631 wird.
2663 3572 2703 3632 Es
2735 3569 2809 3629 wird
2845 3572 2964 3632 immer

2204 3609 2345 3669 gefragt:
2373 3608 2430 3668 Wo
2461 3611 2522 3671 sind
2558 3611 2607 3671 die
2639 3608 2877 3668 Interessenten
2909 3611 2961 3671 für

2204 3648 2249 3708 die
2300 3650 2466 3710 Theater,
2504 3650 2566 3710 und
2625 3650 2695 3710 man
2751 3650 2858 3710 meint
2901 3650 2963 3710 das

2204 3688 2395 3748 Publikum.
2435 3688 2568 3748 Falsch.
2609 3688 2670 3748 Die
2719 3688 2959 3748 Interessenten

2200 3725 2266 3785 sind
2311 3727 2476 3787 natürlich
2521 3729 2600 3789 alle,
2637 3727 2685 3787 die
2730 3729 2775 3789 ein
2820 3727 2966 3787 Theater

2201 3766 2382 3826 brauchen.
2443 3769 2589 3829 Darum,
2646 3766 2741 3826 keine
2802 3769 2965 3829 Theater¬

2204 3807 2390 3867 gemeinde,
2435 3805 2532 3865 keine
2586 3808 2966 3868 Arbeitsgemeinschaft

2203 3844 2328 3904 sichert
2354 3845 2395 3905 ein
2429 3847 2592 3907 Theater,
2609 3847 2751 3907 sondern
2794 3847 2856 3907 nur
2895 3847 2961 3907 eine

2207 3885 2654 3945 Interessengemeinschaft!
2677 3885 2741 3945 Auf
2767 3888 2875 3948 dieser
2905 3883 2969 3943 Ba¬

2202 3924 2242 3984 sis
2266 3924 2389 3984 pachte
2417 3926 2463 3986 ich
2500 3924 2591 3984 jedes
2615 3924 2780 3984 Theater.
