3248 4384
185 296 209 356 2

159 1235 187 1295 sie
216 1235 300 1295 Kon¬

166 1274 293 1334 beralen

161 1310 216 1370 itze
245 1313 300 1373 für

157 1353 296 1413 Ponalds

156 1393 189 1453 sen
244 1394 291 1454 des

181 1482 254 1542 noch
285 1486 333 1546 bei

155 1523 331 1583 George

238 1559 327 1619 Ab¬

152 1600 318 1660 servativen

1440 291 1569 351 box
1639 294 1823 354 43/9

345 297 917 357 Schnitzler's
987 297 1209 357 Death

1452 1224 1496 1284 bei
1519 1225 1572 1285 ihm
1618 1226 1654 1286 u.
1670 1226 1708 1286 a.
1731 1229 1798 1289 auch
1829 1230 1911 1290 einen
1949 1235 2228 1295 elettrischen

1439 1262 1597 1322 olben,
1622 1265 1679 1325 mit
1704 1265 1756 1325 dem
1800 1269 1944 1329 offenbar
1973 1274 2021 1334 die
2046 1276 2228 1336 elektrischen

525 1268 747 1328 Ausschnitt
771 1274 861 1334 aus:

1442 1303 1446 1363 e
1472 1300 1512 1360 an
1554 1300 1599 1360 die
1635 1306 1885 1366 Sprengkapseln
1937 1312 1992 1372 zur
2034 1315 2227 1375 Herstellung

1442 1342 1512 1402 scher
1538 1342 1736 1402 Zündungen
1773 1348 1930 1408 angelötet
1961 1351 2082 1411 waren.

701 1361 938 1421 RAABURAZK
975 1361 1295 1421 FESENELATI

1440 1390 1466 1450 ie
1493 1390 1635 1450 gestrigen
1667 1396 2026 1456 Haussuchungen
2058 1402 2084 1462 in
2116 1402 2221 1462 Berlin

1436 1429 1459 1489 en
1493 1429 1567 1489 keine
1591 1432 1826 1492 Abgeordneten
1860 1436 1958 1496 mehr,
1977 1438 2099 1498 sondern
2132 1442 2230 1502 einige

1437 1468 1546 1528 ionäre
1576 1468 1623 1528 der
1652 1471 1771 1531 KPD.,
1796 1474 1843 1534 bei
1867 1475 1958 1535 denen
1997 1478 2068 1538 aber
2097 1480 2164 1540 auch
2198 1480 2221 1540 in

525 1494 632 1554 vom:

773 1516 791 1576 2
821 1512 868 1572 8.
889 1509 1013 1569 OKT.
1033 1503 1129 1563 1937

1440 1506 1599 1566 auptsache
1631 1509 1687 1569 nur
1719 1515 2019 1575 Adressenmaterial
2045 1518 2230 1578 mitgenom¬

1442 1545 1554 1605 vurde.

761 1611 1264 1671 ABENDAUSGABE

1416 1626 1514 1686 (Siehe
1537 1629 1606 1689 auch
1636 1629 1677 1689 die
1706 1633 1891 1693 Meldungen
1927 1635 1979 1695 auf
2003 1638 2089 1698 Seite
2113 1641 2153 1701 3.)

349 1702 434 1762 1P.

1423 1724 1494 1784 statt
1538 1724 1590 1784 der
1619 1726 1696 1786 alten
1749 1728 1811 1788 und
1840 1732 1945 1792 längst
1989 1736 2213 1796 durchgelebten

1368 1760 1498 1820 cherheit
1531 1762 1582 1822 des
1620 1768 1877 1828 Bühnenerfolgs
1915 1770 1981 1830 noch
2019 1773 2140 1833 einmal
2173 1775 2219 1835 die

1357 1799 1469 1859 rrliche
1502 1802 1562 1862 und
1600 1805 1787 1865 aufregende
1824 1811 2029 1871 Unsicherheit
2063 1814 2123 1874 und
2156 1816 2221 1876 Un¬

1345 1842 1495 1902 ewißheit
1522 1844 1569 1904 des
1607 1846 1809 1906 Anbeginns.

407 2018 660 2078 Rede
716 2026 816 2086 zum
903 2032 1315 2092 Gedächtnis
1368 2041 1624 2101 Arthur
1677 2047 2121 2107 Schnitzlers.

1055 2119 1138 2179 Von
1171 2122 1313 2182 Ernst
1339 2125 1532 2185 Lothar.

450 2175 503 2235 Ein
540 2180 647 2240 großer
672 2181 792 2241 Dichter
816 2184 852 2244 ist
877 2184 1044 2244 gestorben.
1063 2189 1122 2249 Des
1153 2190 1261 2250 wollen

1322 2194 1402 2254 hatte
1426 2196 1454 2256 er
1483 2197 1592 2257 Angst.
1610 2199 1742 2259 Wieviel
1767 2201 1864 2261 Angst
1888 2204 1911 2264 in
1946 2205 1991 2265 den
2027 2206 2113 2266 ersten
2148 2208 2205 2268 und

374 2217 431 2277 wir
460 2220 621 2280 gedenken.

1317 2232 1372 2292 den
1401 2235 1493 2295 letzten
1531 2238 1680 2298 Masken.
1700 2241 1839 2301 Deshalb
1868 2243 1923 2303 sind
1957 2244 2003 2304 die
2027 2245 2204 2305 maskierten

447 2266 506 2326 Ein
539 2268 653 2328 großer
686 2272 897 2332 Oesterreicher
930 2277 968 2337 ist
996 2277 1169 2337 gestorben.
1197 2280 1261 2340 Das

1316 2272 1402 2332 Züge
1431 2274 1479 2334 der
1508 2275 1657 2335 Gesichter
1686 2280 1709 2340 so
1744 2280 1791 2340 ins
1825 2280 1930 2340 Fleisch
1965 2286 2113 2346 gegraben
2147 2286 2204 2346 und

362 2304 475 2364 wollen
509 2307 570 2367 wir
599 2309 675 2369 nicht
704 2313 874 2373 vergessen.

1316 2313 1526 2373 schmerzhaft.
1551 2316 1617 2376 Wir
1651 2316 1756 2376 spielen
1796 2319 1867 2379 alle,
1896 2322 1958 2382 wer
1987 2322 2016 2382 es
2054 2325 2150 2385 weiß,
2179 2327 2212 2387 ist

1316 2352 1400 2412 klug.
1424 2352 1535 2412 Warum
1583 2353 1652 2413 aber
1681 2358 1788 2418 spielen
1825 2358 1905 2418 wir?
1933 2361 2007 2421 Auch
2041 2364 2096 2424 das
2129 2364 2208 2424 hatte

446 2352 500 2412 Ein
533 2357 646 2417 großer
674 2358 794 2418 Mensch
822 2361 859 2421 ist
882 2364 1049 2424 gestorben.

1316 2389 1347 2449 er
1366 2387 1402 2447 am
1439 2390 1542 2450 bloßen
1570 2392 1638 2452 Leib
1666 2393 1715 2453 der
1743 2396 1997 2456 Menschennatur
2020 2402 2214 2462 abgehorcht,

440 2399 531 2459 Liebe
557 2402 653 2462 seinem
695 2405 883 2465 Andenken!

1316 2426 1432 2486 Arthur
1461 2432 1642 2492 Schnitzler,
1661 2432 1712 2492 der
1740 2433 1833 2493 Arzt,
1852 2435 1903 2495 ehe
1931 2436 1959 2496 er
1987 2439 2084 2499 seines
2118 2441 2210 2501 Drei¬

437 2447 525 2507 Aber
570 2451 629 2511 daß
679 2451 708 2511 er
758 2459 993 2519 heimgegangen
1048 2461 1097 2521 ist,
1137 2462 1259 2522 Arthur

1307 2464 1412 2524 klangs
1441 2468 1566 2528 zweiten
1600 2470 1662 2530 Ton
1692 2471 1865 2531 vibrieren,
1890 2475 2039 2535 brausen,
2059 2477 2212 2537 jauchzen,

365 2488 546 2548 Schnitzler,
571 2490 600 2550 so
630 2491 679 2551 jäh
714 2492 851 2552 zwischen
891 2498 1024 2558 Morgen
1064 2500 1122 2560 und
1157 2501 1264 2561 Nacht,

1316 2504 1432 2564 klagen,
1452 2507 1610 2567 schweigen
1643 2510 1722 2570 ließ:
1741 2512 1778 2572 um
1821 2513 1872 2573 der
1896 2517 2068 2577 Sehnsucht
2096 2518 2189 2578 willen

367 2526 424 2586 das
462 2527 495 2587 ist
525 2528 606 2588 nicht
635 2531 836 2591 irgendeines
875 2537 1009 2597 Dichters
1048 2540 1134 2600 Tod,
1163 2541 1253 2601 dessen

1314 2541 1371 2601 Die
1400 2546 1573 2606 Menschen,
1593 2549 1626 2609 sie
1650 2551 1765 2611 nennen
1795 2552 1823 2612 es
1853 2552 1953 2612 Liebe.
1973 2555 2039 2615 Und
2064 2558 2112 2618 die
2131 2557 2208 2617 Ver¬

364 2564 432 2624 man
469 2566 523 2626 mit
550 2567 727 2627 geordneten
769 2570 891 2630 Worten
923 2576 1068 2636 gedenkt:
1091 2579 1177 2639 nein,
1200 2579 1254 2639 das

1309 2582 1463 2642 leumder,
1482 2585 1518 2645 sie
1546 2588 1663 2648 nennen
1696 2589 1745 2649 es:
1769 2590 1891 2650 Erotik.
1910 2592 1955 2652 Er
1978 2595 2064 2655 aber,
2088 2596 2205 2656 radikal

365 2599 399 2659 ist
424 2602 487 2662 eine
517 2608 772 2668 Erschütterung,
792 2611 840 2671 die
866 2612 914 2672 ins
949 2616 1027 2676 Herz
1052 2618 1159 2678 greift,
1180 2620 1262 2680 tiefst

1313 2620 1339 2680 im
1384 2623 1560 2683 Erkennen,
1587 2626 1728 2686 behutsam
1777 2626 1803 2686 im
1853 2632 1998 2692 Nennen,
2025 2635 2139 2695 nannte
2171 2635 2201 2695 es

364 2641 485 2701 hinein,
509 2644 555 2704 die
583 2647 699 2707 traurig
737 2650 844 2710 macht,
863 2650 979 2710 innerst
1003 2656 1142 2716 traurig.
1166 2657 1249 2717 Denn

1314 2661 1492 2721 Sehnsucht.
1516 2662 1582 2722 Und
1611 2665 1728 2725 schaute
1752 2667 1789 2727 sie
1813 2669 1869 2729 an,
1893 2671 1935 2731 die
1964 2674 2208 2734 Maskenträger

360 2680 485 2740 Arthur
518 2686 681 2746 Schnitzler
715 2689 756 2749 ist
785 2689 869 2749 jedem
920 2692 1093 2752 gestorben,
1121 2695 1172 2755 der
1205 2698 1242 2758 am

1310 2695 1357 2755 die
1386 2701 1549 2761 Patienten
1588 2704 1717 2764 Gottes,
1742 2707 1818 2767 legte
1847 2710 1938 2770 ihnen
1977 2710 2029 2770 das
2069 2713 2135 2773 Ohr
2164 2713 2197 2773 an

356 2718 459 2778 Geiste
504 2722 592 2782 hing,
632 2725 744 2785 jedem,
779 2728 833 2788 der
877 2730 911 2790 an
946 2734 1123 2794 Oesterreich
1168 2736 1260 2796 hing,

1307 2737 1353 2797 die
1400 2740 1493 2800 nackte
1535 2741 1633 2801 Brust
1657 2743 1712 2803 und
1741 2746 1839 2806 sagte:
1881 2749 1997 2809 Krank.
2017 2751 2119 2811 Krank
2161 2752 2193 2812 an

357 2758 469 2818 jedem,
488 2761 539 2821 der
563 2762 595 2822 an
634 2764 844 2824 Menschlichem
886 2770 1040 2830 teilhatte.
1060 2773 1101 2833 Er
1130 2774 1195 2834 war
1219 2776 1251 2836 es

1309 2778 1495 2838 Sehnsucht.
1514 2782 1578 2842 Und
1612 2782 1686 2842 dann
1723 2785 1797 2845 nahm
1840 2785 1867 2845 er
1896 2785 1932 2845 sie
1961 2787 1993 2847 an
2026 2790 2077 2850 der
2101 2791 2203 2851 Hand,

360 2797 406 2857 ja,
426 2800 472 2860 der
500 2800 556 2860 uns
584 2803 635 2863 den
663 2806 788 2866 Boden,
808 2809 933 2869 worauf
957 2810 1012 2870 wir
1036 2811 1152 2871 stehen,
1166 2812 1245 2872 seher

1309 2814 1358 2874 die
1388 2817 1539 2877 Menschen
1574 2820 1628 2880 der
1658 2823 1829 2883 Heerstraße
1864 2825 1923 2885 und
1953 2826 2001 2886 die
2031 2829 2193 2889 abseitigen

357 2835 469 2895 lehrte,
497 2839 627 2899 Grund,
656 2844 888 2904 Hintergrund,
912 2850 1084 2910 Abgrund.
1113 2850 1154 2910 Er
1187 2850 1252 2910 war

1309 2855 1486 2915 Menschen,
1510 2859 1593 2919 sanft
1622 2859 1729 2919 führte
1758 2859 1790 2919 er
1823 2862 1860 2922 sie
1888 2862 1916 2922 in
1954 2865 2037 2925 einem
2089 2868 2191 2928 weiten

355 2874 388 2934 es
425 2877 472 2937 ja,
500 2877 551 2937 der
589 2879 644 2939 uns
682 2880 737 2940 das
775 2886 962 2946 Geheimnis
1000 2889 1125 2949 unserer
1158 2889 1256 2949 selbst,

1305 2892 1408 2952 Lande
1434 2895 1517 2955 einen
1552 2895 1655 2955 weiten
1691 2898 1784 2958 Weg:
1804 2901 1833 2961 zu
1863 2901 1913 2961 sich
1938 2901 2041 2961 selbst.
2061 2905 2144 2965 Seht
2170 2907 2204 2967 sie

355 2916 482 2976 unserer
510 2918 683 2978 Harmonie
720 2920 778 2980 und
815 2924 937 2984 unseres
979 2927 1183 2987 Zwiespalts,
1211 2929 1256 2989 er¬

1303 2934 1536 2994 vorbeiziehen,
1555 2937 1606 2997 von
1639 2938 1732 2998 seiner
1757 2940 1845 3000 Hand
1874 2943 2033 3003 geschaffen
2066 2946 2121 3006 und
2155 2946 2201 3006 ge¬

358 2955 446 3015 schloß
484 2955 539 3015 und
572 2958 703 3018 deutete.
731 2961 829 3021 Durch
862 2962 908 3022 ihn
946 2967 1044 3027 wissen
1082 2967 1137 3027 wir
1171 2968 1254 3028 mehr

1305 2970 1405 3030 führt,
1430 2975 1477 3035 die
1512 2976 1689 3036 Spielleute
1718 2977 1771 3037 der
1800 2981 1987 3041 Sehnsucht,
2011 2985 2054 3045 die
2088 2985 2193 3045 holden

354 2989 411 3049 vom
459 2997 636 3057 Menschen,
656 2997 742 3057 mehr
772 2999 824 3059 von
858 3003 1059 3063 Oesterreich,
1079 3009 1165 3069 mehr
1194 3009 1246 3069 von

1307 3010 1469 3070 Mädchen,
1508 3012 1555 3072 die
1599 3015 1651 3075 für
1695 3018 1757 3078 eine
1786 3019 1881 3079 Nacht
1921 3021 1977 3081 alle
2007 3023 2088 3083 Tage
2131 3023 2203 3083 ver¬

348 3031 431 3091 uns.
450 3029 495 3089 Er
519 3032 560 3092 ist
579 3034 638 3094 uns
671 3037 744 3097 allen
777 3038 946 3098 gestorben.

1309 3047 1457 3107 schenken;
1482 3050 1529 3110 die
1559 3051 1669 3111 jungen
1708 3056 1861 3116 Männer,
1886 3056 1928 3116 die
1958 3056 2006 3116 die
2035 3058 2107 3118 Lust
2131 3059 2193 3119 säen

430 3070 530 3130 Seine
564 3074 713 3134 Dichtung
752 3078 819 3138 war
853 3078 895 3138 ein
940 3082 1122 3142 Dreiklang.
1151 3086 1261 3146 Spiel,

1300 3086 1360 3146 und
1412 3086 1467 3146 das
1514 3089 1589 3149 Leid
1636 3092 1766 3152 ernten;
1809 3093 1855 3153 die
1902 3098 2192 3158 unverbesserlichen

347 3109 440 3169 Liebe
487 3110 547 3170 und
585 3113 650 3173 Tod
679 3115 786 3175 hießen
843 3117 889 3177 die
936 3120 1006 3180 drei
1049 3123 1240 3183 diesseitigen

1306 3127 1483 3187 Duellanten
1521 3130 1543 3190 im
1586 3132 1800 3192 mörderischen
1833 3135 2024 3195 Zweikampf
2052 3140 2108 3200 mit
2131 3140 2177 3200 dem

348 3148 489 3208 Klänge,
512 3149 557 3209 die
585 3150 616 3210 er
644 3152 670 3212 zu
707 3154 789 3214 einem
830 3158 1007 3218 jenseitigen
1044 3161 1152 3221 Akkord
1185 3161 1252 3221 ver¬

1302 3164 1390 3224 Trieb
1428 3167 1483 3227 und
1516 3170 1571 3230 mit
1600 3170 1646 3230 dem
1693 3173 1819 3233 Schein.
1838 3174 1880 3234 Im
1927 3178 2038 3238 Reigen
2071 3179 2136 3239 seht
2160 3177 2192 3237 si¬

356 3184 451 3244 band.
471 3188 556 3248 „Wir
581 3188 686 3248 spielen
720 3192 772 3252 alle
796 3194 805 3254 —
854 3194 911 3254 wer
935 3194 964 3254 es
993 3197 1088 3257 weiß,
1103 3200 1141 3260 ist
1156 3200 1256 3260 klug“.

1304 3203 1411 3263 gehen,
1435 3207 1495 3267 seht
1519 3209 1556 3269 sie
1579 3210 1704 3270 tanzen,
1728 3212 1882 3272 schreiten,
1906 3216 2106 3276 hingegeben,
2129 3217 2194 3277 hin¬

349 3224 433 3284 Früh
457 3230 537 3290 hatte
566 3230 593 3290 er
613 3230 645 3290 es
670 3234 796 3294 erkannt
821 3235 877 3295 und
901 3239 1150 3299 diagnostiziert,
1165 3242 1259 3302 Arzt,

1300 3244 1499 3304 genommen,
1527 3248 1572 3308 bis
1608 3248 1658 3308 des
1695 3250 1881 3310 Dreiklangs
1913 3253 2022 3313 dritter
2059 3257 2122 3317 Ton
2159 3257 2194 3317 sie

345 3262 401 3322 der
431 3264 461 3324 er
492 3265 578 3325 war:
604 3268 651 3328 die
677 3270 763 3330 ersten
802 3272 862 3332 und
893 3272 940 3332 die
970 3276 1065 3336 letzten
1104 3280 1254 3340 Masken.

1304 3280 1449 3340 stillstehen
1481 3285 1585 3345 heißt:
1609 3286 1663 3346 das
1690 3288 1844 3348 Sterben.
1881 3290 1967 3350 Aber
2013 3293 2090 3353 nicht
2136 3294 2194 3354 un¬

353 3300 416 3360 Daß
444 3304 543 3364 jeder,
562 3307 611 3367 der
634 3307 725 3367 unter
753 3310 811 3370 uns
839 3314 1020 3374 umherging
1052 3316 1115 3376 eine
1139 3319 1233 3379 Spiel

1302 3319 1446 3379 erwartet
1465 3322 1549 3382 trifft
1568 3322 1605 3382 sie
1624 3325 1718 3385 dieses
1746 3325 1862 3385 Gebot,
1877 3328 2049 3388 unbewußt
2073 3330 2189 3390 wissent

354 3340 453 3400 maske
479 3343 564 3403 trua,
591 3348 655 3408 eine
681 3349 810 3409 heitere,
832 3352 895 3412 eine
922 3355 1162 3415 tragikomische,
1184 3358 1248 3418 eine

1302 3359 1362 3419 sind
1390 3360 1427 3420 sie
1456 3360 1507 3420 dem
1554 3361 1698 3421 dunklen,
1722 3364 1825 3424 fernen
1858 3367 1979 3427 Klange
2008 3369 2199 3429 nachgegan¬

355 3383 509 3443 tragische.
532 3385 602 3445 Was
629 3385 694 3445 tar
717 3388 770 3448 das
797 3391 849 3451 für
872 3391 934 3451 eine
961 3394 1088 3454 Masle?
1115 3394 1155 3454 Es
1182 3397 1247 3457 war

1295 3400 1369 3460 gen,
1393 3401 1457 3461 seht
1486 3403 1523 3463 sie
1551 3403 1672 3463 ziehen,
1695 3403 1741 3463 die
1770 3409 1951 3469 gezeichnete
1984 3410 2096 3470 Schar.
2119 3412 2184 3472 Da¬

349 3421 396 3481 die
431 3423 542 3483 Maske
573 3424 624 3484 des
659 3427 947 3487 Scheinenwollens
986 3433 1045 3493 und
1080 3436 1247 3496 Scheinen¬

1297 3437 1362 3497 war
1385 3439 1433 3499 es,
1451 3439 1512 3499 was
1544 3442 1623 3502 ihrem
1667 3445 1852 3505 Maskenzug
1879 3449 2016 3509 dauernd
2043 3451 2179 3511 Schatten

348 3459 506 3519 müssens.
548 3463 647 3523 Einer
675 3463 724 3523 zog
761 3466 843 3526 einen
880 3468 993 3528 bunten
1030 3470 1106 3530 Rock
1130 3473 1188 3533 an,
1212 3474 1243 3534 da

1298 3477 1392 3537 warf,
1415 3477 1483 3537 was
1515 3480 1601 3540 ihren
1637 3483 1827 3543 Lusthunger
1855 3486 2004 3546 gieriger,
2027 3489 2095 3549 ihre
2127 3489 2190 3549 Un¬

350 3498 417 3558 galt
441 3498 485 3558 er.
509 3501 603 3561 Einer
631 3504 685 3564 gab
717 3503 789 3563 vor,
808 3507 889 3567 Herz
917 3510 943 3570 zu
981 3510 1093 3570 haben,
1112 3513 1143 3573 da
1180 3513 1243 3573 war

1295 3515 1403 3575 geduld
1449 3517 1557 3577 weiser
1585 3520 1711 3580 machte:
1753 3523 1806 3583 daß
1857 3525 1893 3585 sie
1938 3525 1988 3585 den
2038 3528 2178 3588 Schatten

348 3537 377 3597 er
408 3540 568 3600 grausam.
588 3543 683 3603 Einer
714 3546 914 3606 behauptele,
934 3549 964 3609 er
994 3550 1034 3610 sei
1060 3552 1174 3612 mutig,
1200 3555 1234 3615 da
1260 3559 1275 3619 !
1295 3557 1415 3617 spürten
1451 3558 1505 3618 und
1536 3561 1611 3621 seine
1636 3562 1941 3622 Unentrinnbarkeit.
1962 3566 2042 3626 Seht
2067 3569 2112 3629 ihm
2153 3566 2177 3626 in

2294 1245 2420 1305 werden
2457 1247 2537 1307 nicht
2565 1250 2636 1310 noch
2656 1251 2727 1311 eine
2755 1254 2853 1314 Stufe
2881 1259 3062 1319 radikaler,
3081 1262 3124 1322 we

2289 1288 2328 1348 sie
2357 1288 2407 1348 der
2442 1291 2703 1351 Radikalismus
2732 1298 2913 1358 enttäuscht
2942 1303 3015 1363 hat,
3033 1306 3128 1366 sonde

2295 1333 2328 1393 sie
2351 1333 2447 1393 geben
2476 1335 2526 1395 sich
2549 1336 2646 1396 selbst
2669 1339 2725 1399 mit
2748 1341 2838 1401 einer
2862 1345 3043 1405 politischen
3072 1349 3116 1409 Re

2285 1375 2353 1435 tion
2383 1378 2569 1438 zufrieden,
2587 1383 2674 1443 wenn
2703 1385 2737 1445 sie
2761 1385 2853 1445 ihnen
2883 1390 2987 1450 etwas
3017 1394 3132 1454 bedeut

2284 1419 2369 1479 kann

2378 1465 2478 1525 Diese
2502 1468 2657 1528 Reaktion
2689 1471 2726 1531 ist
2751 1474 2813 1534 nun
2845 1477 2875 1537 in
2907 1482 3131 1542 ungeheuerli

2285 1507 2344 1567 stem
2393 1506 2495 1566 Spiel
2528 1515 2749 1575 eingetreten.
2788 1520 2884 1580 Nicht
2917 1522 2971 1582 der
3004 1527 3117 1587 gering

2284 1549 2429 1609 Zweifel
2473 1554 2548 1614 kann
2603 1557 2705 1617 daran
2760 1563 2943 1623 herrschen,
2982 1569 3046 1629 daß
3084 1569 3105 1629 d

2275 1599 2858 1659 Konservativendiesen
2881 1613 3130 1673 Umschwun

2278 1641 2398 1701 ganz
2429 1644 2621 1704 bewußt
2646 1655 3026 1715 herbeigeführt
3051 1661 3129 1721 habe

2318 1775 2425 1835 Aus
2463 1779 2552 1839 dem
2608 1785 2852 1845 heutigen
2899 1793 3115 1853 Inhalt:

2274 1831 2480 1891 Schiedsspruch
2502 1838 2544 1898 für
2571 1839 2608 1899 die
2629 1842 2804 1902 Hamburger
2826 1844 2926 1904 Werst¬

2304 1874 2429 1934 arbeiter

2647 1886 2665 1946 .
2691 1886 2702 1946 .
2728 1888 2746 1948 .
2772 1891 2789 1951 .
2815 1892 2833 1952 .
2858 1892 2877 1952 .

2949 1892 3089 1952 Hauttol.
3106 1895 3138 1955 G.

2275 1917 2413 1977 Erdrutsch
2435 1921 2462 1981 in
2485 1924 2612 1984 England
2651 1929 2667 1989 .
2695 1930 2706 1990 .
2734 1931 2750 1991 .
2778 1933 2794 1993 .
2822 1933 2838 1993 .
2866 1933 2877 1993 .
2905 1933 2921 1993 .

2270 1959 2379 2019 Moissis
2410 1966 2623 2026 Neubeginn„

2271 2005 2346 2065 Rede
2370 2005 2414 2065 zum
2446 2009 2605 2069 Gedächtnis
2629 2011 2727 2071 Arthur
2750 2015 2909 2075 Schnitzlers

3009 2030 3164 2090 .

2267 2047 2479 2107 Diplomatische
2500 2053 2624 2113 Klärung
2651 2059 2692 2119 der
2718 2059 2920 2119 Reparations¬

2303 2092 2383 2152 frage

2279 2129 2325 2189 Die
2344 2132 2428 2192 letzten
2458 2137 2616 2197 Ergebnisse
2627 2137 2673 2197 der
2693 2139 2767 2199 Wahl
2778 2137 2795 2197 .

2267 2172 2398 2232 Theater,
2424 2175 2511 2235 Musik
2537 2178 2586 2238 und
2618 2181 2705 2241 Kunst

3079 2193 3143 2253 2,

2266 2211 2355 2271 „Rote
2380 2214 2504 2274 Polizei"
2534 2214 2559 2274 in
2589 2220 2708 2280 Bremen

2270 2256 2377 2316 Flieger
2401 2259 2419 2319 im
2457 2259 2541 2319 Feuer
2565 2263 2574 2323 .
2603 2265 2616 2325 .
2650 2268 2663 2328 .
2687 2269 2705 2329 .

2273 2298 2351 2358 Spiel
2378 2301 2500 2361 zwischen
2528 2307 2659 2367 Gräbern
2686 2312 2703 2372 „
2731 2322 2782 2382 ..

2939 2316 2970 2376 1.
2987 2316 3065 2376 Beil.

2266 2341 2464 2401 Tagesbericht

2940 2358 2972 2418 1.
3005 2361 3020 2421 „

2268 2387 2483 2447 Bäckergewerbe
2511 2389 2562 2449 und
2589 2395 2837 2455 Winterhilfswerk

2265 2429 2394 2489 Altonaer
2422 2434 2593 2494 Nachrichten

2266 2471 2486 2531 Nachbargebiete
2510 2480 2523 2540 .
2552 2480 2566 2540 .
2594 2481 2608 2541 .
2641 2484 2655 2544 .

2266 2516 2355 2576 Neues
2379 2518 2433 2578 aus
2464 2518 2528 2578 aller
2553 2522 2624 2582 Welt
2643 2527 2660 2587 ,

2937 2537 2974 2597 1.

2266 2556 2324 2616 Aus
2344 2561 2389 2621 dem
2429 2573 2866 2633 Leserkreise,.

2926 2576 2968 2636 1.
2999 2578 3019 2638 „

2261 2602 2423 2662 Briefkasten

2504 2611 2522 2671 .
2547 2611 2565 2671 .
2591 2614 2608 2674 .
2634 2619 2652 2679 .
2677 2617 2695 2677 .
2720 2617 2739 2677 .
2764 2619 2819 2679 ...
2851 2619 2862 2679 .
2889 2620 2906 2680 .
2938 2620 2968 2680 1.

2263 2646 2579 2706 Familien=Nachrichten
2635 2653 2651 2713 „
2679 2655 2689 2715 .
2718 2656 2734 2716 .
2763 2658 2779 2718 .
2807 2659 2817 2719 .
2851 2659 2862 2719 .
2891 2659 2907 2719 .
2935 2659 2968 2719 1.
2990 2663 3017 2723 „

3080 2665 3100 2725 „

2256 2689 2412 2749 Wetterber

2882 2704 2902 2764 .
2925 2704 2959 2764 1.
2997 2707 3010 2767 „
3083 2707 3097 2767 „
3133 2707 3146 2767 2

2263 2734 2429 2794 Hamburger
2452 2737 2633 2797 Wirtschafts=
2648 2742 2683 2802 u.
2699 2742 2901 2802 Börsenblatt.
2931 2747 2959 2807 2.
2997 2752 3010 2812 „
3076 2749 3141 2809 9,10

2255 2776 2308 2836 Die
2338 2779 2497 2839 erleichterte
2521 2785 2816 2845 Kapitalherabsetzung
2846 2791 2858 2851 .
2888 2794 2899 2854 .
2930 2795 2976 2855 2..
3001 2797 3012 2857 „
3071 2792 3112 2852 G.
3130 2791 3147 2851 9

2256 2820 2325 2880 See=
2357 2821 2407 2881 und
2439 2826 2690 2886 Binnenschiffahrt
2711 2829 2729 2889 .
2755 2835 2773 2895 .
2799 2838 2817 2898 .
2843 2838 2854 2898 .
2881 2838 2899 2898 a
2925 2836 2962 2896 2.
2994 2839 3006 2899 „
3064 2838 3145 2898 10,11

2259 2865 2351 2925 Sport
2372 2867 2418 2927 und
2445 2868 2531 2928 Spiel
2545 2872 2557 2932 .
2584 2874 2597 2934 .
2624 2874 2643 2934 .
2671 2877 2683 2937 .
2711 2877 2730 2937 .
2757 2877 2769 2937 .
2797 2877 2809 2937 .
2837 2879 2856 2939 .
2883 2877 2895 2937 .
2923 2877 2955 2937 3.
2996 2881 3008 2941 „
3069 2880 3108 2940 C.
3115 2880 3141 2940 13

2613 2999 2787 3059 Anzeigen.

2253 3044 2539 3104 Familien-Anzeigen
2587 3051 2599 3111 .
2626 3053 2646 3113 .
2674 3054 2686 3114 .
2714 3056 2726 3116 .
2754 3056 2773 3116 .
2801 3056 2813 3116 .
2841 3058 2853 3118 .
2881 3056 2901 3116 „
2928 3057 3067 3117 Hauptbl.
3088 3059 3147 3119 S.4

2254 3086 2382 3146 Amtliche
2405 3090 2538 3150 Anzeigen
2589 3095 2605 3155 .
2634 3101 2644 3161 .
2673 3101 2689 3161 .
2718 3104 2734 3164 .

2249 3131 2570 3191 Rundfunk=Programm

2639 3149 2901 3209 ...
2932 3143 2960 3203 1.
2981 3143 3058 3203 Bell.
3078 3145 3145 3205 6

2253 3173 2413 3233 Tiermarkt,
2434 3176 2559 3236 Diverses
2580 3180 2594 3240 .
2625 3181 2639 3241 .
2665 3182 2680 3242 .
2711 3182 2726 3242 .
2751 3182 2766 3242 .
2797 3185 2811 3245 .
2837 3187 2851 3247 .
2877 3188 2892 3248 „
2927 3188 2952 3248 1.
2998 3189 3007 3249 „
3078 3192 3088 3252 „
3124 3189 3138 3249 7

2253 3218 2418 3278 Kapitalien,
2444 3221 2604 3281 Teilhaber,
2630 3224 2765 3284 Vertreter
2796 3229 2810 3289 .
2836 3230 2850 3290 .
2876 3232 2891 3292 .
2922 3230 2951 3290 1.
2992 3235 3006 3295 „
3077 3233 3087 3293 „
3128 3230 3137 3290 7

2247 3261 2525 3321 Heirats=Anzeigen,
2545 3267 2693 3327 Verloren,
2713 3270 2895 3330 Gefunden,
2925 3273 2953 3333 1.
2997 3276 3006 3336 „
3079 3277 3088 3337 „
3126 3273 3140 3333 8

2244 3304 2572 3364 Grundstücks=Anzeigen
2623 3314 2638 3374 „
2669 3316 2683 3376 .
2709 3316 2723 3376 .
2755 3317 2764 3377 .
2795 3318 2810 3378 .
2840 3319 2850 3379 .
2881 3318 2896 3378 .
2927 3317 2951 3377 1.
2997 3320 3007 3380 „
3078 3321 3088 3381 „

2250 3347 2487 3407 Versteigerungen

2625 3361 2636 3421 .
2665 3361 2676 3421 .
2706 3358 2717 3418 .
2746 3358 2763 3418 .
2793 3359 2804 3419 .
2833 3361 2844 3421 .
2874 3361 2890 3421 .
2920 3361 2948 3421 2.
2990 3361 3000 3421 „
3071 3364 3082 3424 „
3105 3362 3134 3422 11

2244 3394 2562 3454 Unterrichts=Anzeigen

2827 3406 2839 3466 .
2870 3406 2882 3466 .
2914 3406 2945 3466 2.
2983 3408 3001 3468 „
3070 3409 3082 3469 „
3107 3409 3131 3469 12

2248 3436 2379 3496 Theater,
2400 3439 2652 3499 Unterhaltungen,
2678 3445 2810 3505 Konzerte
2836 3449 2850 3509 .
2876 3448 2891 3508 .
2922 3448 2952 3508 2.
2993 3450 3002 3510 „
3079 3452 3088 3512 „
3114 3453 3139 3513 12

2245 3477 2304 3537 An.
2335 3479 2384 3539 und
2414 3484 2588 3544 Verkäufe.

2862 3492 2896 3552 1.
2908 3492 2936 3552 u.
2948 3492 2970 3552 3.
2982 3493 2993 3553 „
3017 3492 3044 3552 7,
3056 3492 3096 3552 15,
3108 3492 3130 3552 16

2244 3522 2448 3582 Arbeitsmarkt

3052 3538 3095 3598 S.
3102 3540 3133 3600 14

2253 3568 2451 3628 Vermietungen
2908 3579 2947 3639 .
3037 3582 3106 3642 1e1
