3392 4384
159 387 293 447 12.

356 385 832 445 Schnitzler
898 383 925 443 s
1001 378 1224 438 Death

364 656 1079 716 OBSERVER

450 709 471 769 I.
485 712 607 772 österr.
616 712 767 772 behördl.
781 712 1085 772 konzessioniertes

401 751 638 811 Unternehmen
669 751 716 811 für
743 752 1127 812 Zeitungs-Ausschnitte

449 808 602 868 V.IEN,
629 814 676 874 I.,
704 814 984 874 WOLLZEILE
1032 814 1078 874 11

555 864 769 924 TELEPHON
807 864 978 924 R-23-0-43

354 1005 574 1065 Ausschnitt
602 1005 687 1065 aus:

695 1193 742 1253 Ro

356 1229 463 1289 vom:

770 1297 788 1357 9
819 1300 865 1360 4.
896 1313 1031 1373 OKT.
1042 1324 1148 1384 1937

367 1465 646 1525 Schnitzlers
679 1471 828 1531 letzter
860 1478 979 1538 Wille

721 1542 811 1602 .
826 1550 949 1610 Nlen.
963 1556 1015 1616 M.
1028 1560 1152 1620 Oklaber

411 1594 470 1654 Die
501 1599 621 1659 Blätter
653 1610 778 1670 bringen
814 1614 864 1674 den
920 1623 1075 1683 Wortlaut
1127 1629 1181 1689 des

371 1644 484 1704 letzten
524 1652 651 1712 Willens
702 1659 814 1719 Arthur
864 1668 1071 1728 Schnitzlers.
1115 1678 1179 1738 Der

367 1692 494 1752 Dichter
524 1695 573 1755 bat
598 1699 656 1759 sich
686 1706 754 1766 jede
785 1717 1177 1777 Begräbnisfeierlichkeit,

370 1742 517 1802 jegliches
547 1748 690 1808 religiöse
724 1757 891 1817 Begräbnis
920 1763 977 1823 und
1025 1772 1168 1832 jegliches

371 1792 632 1852 Trauerschwarz
660 1802 828 1862 verbeten.
866 1809 930 1869 Das
978 1817 1076 1877 Geld,
1114 1823 1169 1883 das

364 1838 459 1898 hiefür
489 1844 675 1904 verbraucht
701 1854 821 1914 würde,
837 1859 896 1919 soll
917 1861 947 1921 an
978 1865 1022 1925 die
1053 1868 1138 1928 Arme

364 1886 434 1946 vert
454 1888 491 1948 ilt
525 1894 662 1954 werden.

324 2500 1039 2560 OBSERVER

403 2552 430 2612 l.
445 2552 566 2612 österr.
576 2553 726 2613 behördl.
741 2552 1035 2612 konzessioniertes

358 2593 592 2653 Unternehmen
625 2593 672 2653 für
695 2593 1083 2653 Zeitungs-Ausschnitte

415 2650 561 2710 WIEN,
590 2654 631 2714 I.,
660 2656 947 2716 WOLLZEILE
990 2657 1031 2717 11

513 2707 725 2767 TELEPHON
758 2707 937 2767 R-23-0-43

311 2847 531 2907 Ausschnitt
560 2847 647 2907 aus:

328 2952 718 3012 Klagenfurter
769 2961 983 3021 Zeitung

309 3074 420 3134 vom:
541 3073 900 3133 24.Okt.1931

307 3242 512 3302 Schnitzlers
554 3243 766 3303 letztwillige
808 3242 1033 3302 Verfügung.
1081 3242 1160 3302 Aus

272 3292 352 3352 Vien
399 3292 485 3352 Wird
532 3292 723 3352 gemeldet:
776 3292 838 3352 Die
880 3292 1012 3352 irdische
1053 3289 1162 3349 Hülle

269 3346 325 3406 Dr.
354 3346 461 3406 Artur
496 3343 699 3403 Schnitzlers
740 3340 824 3400 wird
859 3343 978 3403 heute,
1007 3343 1164 3403 Freitag,

269 3392 312 3452 den
368 3397 428 3457 23.
462 3395 500 3455 d.
528 3395 605 3455 M.,
634 3394 677 3454 um
739 3394 821 3454 halb
872 3393 910 3453 12
966 3391 1037 3451 Uhr
1087 3391 1164 3451 vor¬

266 3444 402 3504 nittags
444 3445 473 3505 im
533 3444 835 3504 Zentralfriedhof
871 3442 1061 3502 beigesetzt.
1109 3439 1156 3499 In

266 3494 458 3554 Schnitzlers
504 3492 658 3552 Nachlaß
704 3492 829 3552 wurde
869 3492 1027 3552 folgende
1080 3489 1170 3549 letzt¬

269 3543 388 3603 villige
417 3543 628 3603 Verfügung
668 3543 862 3603 gefunden:
908 3540 1170 3600 „Bestimmun¬

261 3597 336 3657 gen,
359 3595 407 3655 die
429 3594 472 3654 ich
500 3594 569 3654 nach
602 3594 732 3654 meinem
776 3591 921 3651 Ableben
954 3592 986 3652 zu
1019 3591 1154 3651 erfüllen

260 3642 358 3702 bitte:
411 3645 673 3705 Herzstich.
732 3642 888 3702 Keine
947 3642 1162 3702 Kränze!

266 3693 412 3753 Keine
459 3692 645 3752 Parte!
680 3692 770 3752 Auch
822 3692 855 3752 in
907 3692 963 3752 der
1004 3692 1155 3752 Zeitung

271 3745 377 3805 nicht
419 3744 621 3804 Begräbnis
651 3743 812 3803 letzter
854 3742 1043 3802 Klassel
1085 3740 1164 3800 das

262 3820 363 3880 durch
430 3832 634 3892 Befolgung
707 3844 815 3904 dieser
876 3854 1164 3914 Bestimmungen

270 3872 440 3932 erübrigte
474 3882 556 3942 Geld
596 3887 634 3947 ist
662 3895 949 3955 Spitalszwecken
989 3905 1176 3965 zuzuwen¬

265 3918 349 3978 den.
378 3928 536 3988 Keine
571 3937 762 3997 Reden!
797 3949 1040 4009 Vermeidung
1081 3955 1165 4015 allen

261 3971 410 4031 rituellen
452 3982 671 4042 Beiwerkes.
695 3994 985 4054 (Insbesondere
1014 4006 1169 4066 Leichen¬

263 4020 404 4080 wächter
451 4027 557 4087 usw.)
604 4039 768 4099 Keine
816 4049 1021 4109 Trauer
1069 4057 1168 4117 tra¬

262 4072 345 4132 gen
382 4076 454 4136 nach
491 4082 623 4142 meinem
673 4090 793 4150 Tode,
818 4098 956 4158 absolut
981 4105 1089 4165 keine!

258 4116 364 4176 Artur
389 4128 607 4188 Schnitzler.“

1456 372 1577 432 box
1654 372 1881 432 43/26

1987 841 2697 901 OBSERVER

2073 894 2098 954 I.
2112 897 2232 957 österr.
2241 900 2391 960 behördl.
2405 900 2702 960 konzessioniertes

2030 936 2261 996 Unternehmen
2291 939 2338 999 für
2364 942 2746 1002 Zeitungs-Ausschnitte

2083 999 2228 1059 WIEN,
2256 1002 2303 1062 I.,
2330 1002 2610 1062 WOLLZEILE
2657 1005 2703 1065 11

2174 1052 2392 1112 TELEPHON
2425 1053 2601 1113 R-23-0-43

1914 1175 2118 1235 AUSSCHMTT
2133 1181 2217 1241 VOM:

2311 1231 2333 1291 2
2357 1229 2371 1289 4
2403 1226 2495 1286 0KT.
2520 1221 2604 1281 1931

2180 1370 2493 1430 Münchener
2526 1387 2750 1447 Neueste

2148 1458 2494 1518 stadirichten,
2520 1477 2758 1537 Iünchen

1919 1586 2010 1646 m
2054 1587 2188 1647 Nachlaß
2227 1590 2356 1650 Arthur
2389 1597 2599 1657 Schnitzlers,
2621 1599 2674 1659 des
2707 1600 2809 1660 soeben

1930 1623 2144 1683 verstorbenen
2177 1629 2307 1689 Wiener
2340 1635 2503 1695 Dichters,
2522 1638 2661 1698 befindet
2690 1638 2736 1698 sich
2769 1640 2810 1700 ein

1926 1662 2116 1722 Schausyieh
2153 1665 2285 1725 betitelt
2322 1671 2427 1731 „Zug
2465 1671 2538 1731 der
2576 1676 2823 1736 Schatten“.

1925 1698 2077 1758 Dadevan
2107 1702 2161 1762 hat
2186 1707 2358 1767 Schnitzler
2388 1707 2411 1767 in
2441 1709 2495 1769 der
2521 1713 2618 1773 letzten
2653 1713 2727 1773 Zeit
2747 1713 2815 1773 auch

1924 1736 1955 1796 an
1978 1736 2068 1796 Einen
2109 1739 2231 1799 Roman
2259 1743 2449 1803 gearbeitet,
2467 1746 2517 1806 der
2540 1749 2721 1809 vermutlich
2744 1751 2816 1811 aber

1924 1775 1984 1835 nur
2013 1775 2040 1835 in
2069 1778 2283 1838 Fragmenten
2316 1782 2474 1842 vorliegen
2507 1787 2628 1847 dürfte.
2647 1789 2810 1849 Hingegen

1925 1813 2013 1873 birgt
2038 1814 2087 1874 des
2117 1817 2259 1877 Dichters
2289 1820 2426 1880 Nachlaß
2461 1826 2628 1886 zahlreiche
2658 1829 2820 1889 Aufzeich¬

1927 1851 2071 1911 nungen,
2094 1853 2136 1913 die
2164 1854 2210 1914 sich
2243 1858 2276 1918 zu
2309 1859 2397 1919 einer
2425 1862 2709 1922 Autobiographie
2737 1865 2816 1925 wer¬

1922 1887 1974 1947 den
2004 1892 2282 1952 zusammenfügen
2311 1896 2450 1956 können,
2465 1900 2637 1960 Schnitzler
2662 1904 2715 1964 hat
2739 1904 2815 1964 schon

1923 1923 1975 1983 vor
2000 1928 2119 1988 Jahren
2148 1932 2215 1992 Dr.
2229 1931 2334 1991 Franz
2359 1933 2473 1993 Horch,
2493 1936 2540 1996 den
2570 1939 2809 1999 Dramaturgen

1921 1961 1970 2021 der
2000 1966 2156 2026 Berliner
2181 1970 2520 2030 Reinhardtbühnen,
2541 1975 2569 2035 zu
2604 1978 2702 2038 seinem
2747 1976 2820 2036 lite¬

1920 2002 2069 2062 rarischen
2117 2008 2444 2068 Nachlaßverwalter
2488 2014 2665 2074 bestimmt.
2704 2017 2819 2077 Burg¬

1925 2041 2211 2101 theater=Direktor
2241 2047 2345 2107 Anton
2379 2050 2551 2110 Wildgans
2580 2053 2632 2113 hat
2657 2053 2814 2113 angeoro¬

1917 2078 1988 2138 net,
2008 2078 2061 2138 daß
2090 2083 2147 2143 auf
2171 2083 2224 2143 dem
2267 2089 2637 2149 Burgtheatergebäude
2666 2092 2689 2152 in
2724 2092 2809 2152 Wien

1918 2119 2075 2179 anläßlich
2105 2119 2154 2179 des
2184 2122 2287 2182 Todes
2317 2122 2375 2182 von
2410 2125 2537 2185 Arthur
2568 2129 2739 2189 Schnitzler
2769 2131 2818 2191 die

1920 2154 2145 2214 Trauerfahne
2166 2160 2273 2220 gehißt
2298 2160 2391 2220 wird,
2411 2163 2474 2223 eine
2494 2166 2651 2226 Ehrung,
2666 2169 2710 2229 die
2735 2169 2818 2229 sonst

1916 2190 1980 2250 nur
2004 2193 2224 2253 verstorbenen
2257 2199 2687 2259 Burgtheatermitgliedern
2720 2208 2817 2268 zuteil

1917 2229 2012 2289 wird.
2032 2232 2219 2292 Schnitzlers
2249 2238 2435 2298 Begräbnis
2460 2239 2532 2299 fand
2556 2244 2671 2304 gestern
2700 2244 2810 2304 mittag

1915 2268 1944 2328 im
1979 2271 2259 2331 Zentralfriedhof
2279 2274 2368 2334 statt.
2383 2277 2427 2337 Er
2447 2277 2501 2337 hat
2521 2280 2545 2340 in
2575 2280 2673 2340 seinem
2713 2283 2816 2343 Testa¬

1918 2306 2004 2366 ment
2028 2307 2066 2367 ein
2100 2310 2287 2370 Begräbnis
2311 2314 2411 2374 letzter
2436 2316 2536 2376 Klasse
2561 2319 2728 2379 verlangt.
2743 2322 2809 2382 Das

1915 2346 2050 2406 dadurch
2083 2349 2223 2409 ersparte
2256 2349 2335 2409 Geld
2373 2353 2410 2413 ist
2439 2355 2681 2415 Spitalzwecken
2719 2361 2816 2421 zuzu¬

1923 2381 2048 2441 führen.
2074 2384 2134 2444 Die
2165 2387 2391 2447 Angehörigen
2427 2393 2538 2453 dürfen
2574 2393 2654 2453 keine
2685 2396 2810 2456 Trauer

1919 2420 2047 2480 tragen.
2063 2423 2130 2483 Das
2162 2425 2296 2485 einzige,
2317 2427 2378 2487 was
2405 2429 2456 2489 der
2483 2432 2611 2492 Dichter
2637 2435 2818 2495 verlangte,

1919 2459 1980 2519 war
2007 2461 2057 2521 der
2084 2464 2228 2524 Herzstich
2254 2465 2347 2525 durch
2373 2468 2471 2528 seinen
2502 2471 2682 2531 Hausarzt.

1956 2534 2026 2594 Auf
2053 2536 2098 2596 dem
2152 2540 2438 2600 Zentralfriedhof
2471 2543 2497 2603 in
2537 2546 2661 2606 Wien
2701 2546 2810 2606 wurde

1921 2573 2046 2633 Arthur
2082 2579 2258 2639 Schnitzler
2294 2581 2410 2641 gestern
2456 2584 2566 2644 mittag
2607 2587 2662 2647 zur
2703 2588 2798 2648 letzten

1923 2611 2011 2671 Ruhe
2036 2614 2178 2674 geleitet.
2208 2617 2267 2677 Die
2297 2618 2494 2678 israelitische
2524 2626 2814 2686 Kultusgemeinde

1927 2648 2005 2708 hatte
2035 2652 2079 2712 dem
2119 2653 2350 2713 Verstorbenen
2380 2657 2424 2717 ein
2454 2662 2645 2722 Ehrengrab
2670 2665 2818 2725 gestiftet.

1925 2686 1967 2746 An
2001 2686 2053 2746 der
2078 2695 2490 2755 Beisetzungsfeierlichkeit
2514 2698 2648 2758 nahmen
2682 2702 2724 2762 die
2754 2704 2815 2764 Fa¬

1931 2728 2222 2788 milienmitglieder
2254 2733 2316 2793 und
2349 2734 2427 2794 viele
2460 2740 2600 2800 Freunde
2633 2743 2695 2803 und
2727 2745 2821 2805 Bey¬

1932 2766 2016 2826 ehrer
2038 2770 2087 2830 des
2117 2770 2259 2830 Dichters
2281 2773 2351 2833 teil.

1981 2835 2198 2895 Ausschnitt
2224 2835 2310 2895 aus:

1981 2943 2131 3003 Freie
2175 2945 2394 3005 Stimmen
2445 2940 2763 3000 Klagenfurt

1987 3062 2089 3122 vom:
2212 3056 2565 3116 24.Okt.1931

2002 3211 2204 3271 Schnitzlers
2244 3215 2447 3275 letztwillige
2487 3216 2716 3276 Verfügung.
2756 3215 2834 3275 Aus

1956 3255 2048 3315 Wien
2095 3258 2175 3318 wird
2222 3259 2411 3319 gemeldel:
2458 3262 2521 3322 Die
2562 3264 2689 3324 irdische
2730 3262 2833 3322 Hülle

1954 3305 2021 3365 Dr.
2044 3310 2152 3370 Arfur
2186 3310 2390 3370 Schnitzlers
2425 3310 2509 3370 wird
2544 3313 2662 3373 heute,
2686 3313 2844 3373 Freitag.

1957 3355 2006 3415 den
2062 3358 2122 3418 23.
2150 3358 2188 3418 d.
2216 3359 2293 3419 M.,
2321 3358 2359 3418 um
2426 3358 2503 3418 halb
2554 3361 2592 3421 12
2642 3361 2713 3421 Uhr
2758 3361 2840 3421 vor¬

1954 3407 2092 3467 mittags
2133 3406 2161 3466 im
2221 3409 2515 3469 Zentralfriedhof
2551 3412 2736 3472 beigesetzt.
2783 3412 2828 3472 In

1957 3457 2149 3517 Schnitzlers
2189 3457 2335 3517 Nachlaß
2387 3457 2505 3517 wurde
2545 3460 2703 3520 folgende
2749 3457 2839 3517 letzt¬

1957 3501 2075 3561 willige
2109 3504 2313 3564 Verfügung
2347 3507 2538 3567 gefunden:
2585 3507 2838 3567 „Bestimmun¬

1951 3553 2031 3613 gen,
2054 3555 2097 3615 die
2124 3555 2162 3615 ich
2189 3555 2259 3615 nach
2287 3555 2417 3615 meinem
2461 3555 2607 3615 Ableben
2640 3558 2666 3618 zu
2700 3557 2829 3617 erfüllen

1948 3600 2048 3660 bitte:
2102 3606 2356 3666 Herzstich.
2417 3606 2570 3666 Keine
2624 3607 2836 3667 Kränze!

1947 3649 2102 3709 Keine
2149 3653 2322 3713 Parte!
2363 3654 2450 3714 Auch
2502 3655 2531 3715 in
2583 3657 2640 3717 der
2681 3657 2831 3717 Zeitung

1951 3697 2046 3757 nicht!
2087 3701 2289 3761 Begräbnis
2318 3703 2487 3763 letzter
2522 3703 2708 3763 Klasse!
2748 3702 2826 3762 Das

1945 3749 2035 3809 durch
2099 3752 2303 3812 Befolgung
2377 3750 2479 3810 dieser
2542 3752 2826 3812 Bestimmungen

1948 3797 2113 3857 erübrigte
2148 3797 2230 3857 Geld
2264 3800 2303 3860 ist
2332 3800 2614 3860 Spitalszwecken
2654 3800 2837 3860 zuzuwen¬

1947 3845 2022 3905 den.
2050 3848 2207 3908 Keine
2240 3849 2429 3909 Reden!
2468 3851 2706 3911 Vermeidung
2745 3851 2820 3911 allen

1942 3896 2090 3956 rituellen
2130 3899 2345 3959 Beiwerkes.
2373 3899 2649 3959 (Insbesondere
2683 3899 2832 3959 Leichen¬

1947 3943 2084 4003 wächter
2127 3943 2232 4003 usw.)
2281 3948 2440 4008 Keine
2493 3947 2689 4007 Trauer
2743 3946 2838 4006 tra¬

1942 3996 2021 4056 gen
2058 3994 2127 4054 nach
2165 3997 2298 4057 meinem
2347 3997 2463 4057 Tode,
2485 3998 2623 4058 absolut
2650 3997 2756 4057 keine!
2783 3991 2798 4051 —

1945 4042 2052 4102 Artur
2076 4042 2280 4102 Schnitzler.
