3344 4352
576 139 694 199 vom:

1277 200 1376 260 1337

1029 211 1180 271 .UK

1906 390 2148 450 Tod.

605 403 714 463 Zu
815 398 1124 458 Artur
1191 395 1798 455 Schnitzlers

922 495 1011 555 Aus
1042 496 1115 556 den
1152 497 1302 557 letzten
1345 494 1478 554 Tagen
1521 494 1593 554 des
1618 492 1841 552 Dichters.

990 570 1121 630 Unser
1146 571 1502 631 Korrespondent
1528 567 1722 627 drahtet:

1412 653 1520 713 zitierte
1544 652 1694 712 Schnitzler
1723 649 1774 709 vor
1803 648 1850 708 das
1879 646 2095 706 Ehrengericht.
2119 643 2274 703 Schnitzler

906 653 941 713 K.
963 656 1081 716 Wien,
1097 655 1143 715 22.
1164 655 1303 715 Oktober.

1419 697 1463 757 ließ
1499 696 1543 756 den
1579 694 1681 754 Herren
1717 694 1815 754 sagen,
1837 691 1863 751 er
1895 690 1975 750 denke
2002 689 2077 749 nicht
2104 688 2210 748 daran,
2238 685 2277 745 die

551 706 588 766 Am
626 708 742 768 vorigen
770 703 900 763 Sonntag
924 703 998 763 hatte
1018 704 1054 764 ich
1078 703 1138 763 noch
1162 705 1204 765 die
1232 703 1353 763 Freude,

1419 739 1540 799 Tendenz
1568 736 1612 796 der
1640 736 1752 796 Novelle
1838 733 2026 793 verkeidigen,
2054 733 2103 793 und
2135 732 2216 792 müsse
2248 728 2283 788 die

492 752 581 812 Artur
600 751 816 811 Schnitzler
845 748 867 808 zu
896 749 1046 809 begegnen.
1080 748 1150 808 Nach
1174 748 1221 808 den
1250 748 1343 808 Ferien

1415 783 1597 843 künstlerische
1626 780 1677 840 und
1706 777 1879 837 literische
1903 774 2030 834 Freiheit
2054 774 2128 834 eines
2157 774 2278 834 Schrift¬

495 797 534 857 sah
561 795 596 855 ich
619 795 663 855 ihn
694 793 738 853 zum
774 789 929 849 erstenmal
952 789 1066 849 wieder,
1089 789 1137 849 und
1165 789 1199 849 ich
1227 790 1284 850 war
1311 789 1355 849 er¬

1418 825 1520 885 stellers
1547 825 1591 885 für
1614 825 1658 885 sich
1685 822 1707 882 in
1730 822 1872 882 Anspruch
1899 820 2032 880 nehmen.
2068 817 2108 877 So
2135 816 2228 876 wurde
2255 816 2282 876 er

489 837 634 897 schüttert.
676 834 744 894 Sein
781 834 890 894 Antlitz
927 831 986 891 war
1027 832 1205 892 verwittert,
1237 832 1351 892 schwere

1415 870 1458 930 der
1483 867 1849 927 Offizierscharge
1873 863 1940 923 für
1970 862 2172 922 verlustig
2211 857 2278 917 er¬

494 882 606 942 Furchen
644 879 690 939 des
724 876 822 936 Leides
856 877 945 937 hatten
983 877 1048 937 ihre
1077 877 1194 937 Spuren
1232 876 1259 936 in
1298 875 1349 935 sein

1421 912 1544 972 klärt.
1579 909 1867 969 Sorderbarerweise
1894 906 1990 966 wurde
2013 906 2092 966 dieses
2123 903 2215 963 Urleil
2238 901 2286 961 ge¬

489 924 591 984 liebes,
630 921 822 981 freundliches
860 920 972 980 Gesicht
1011 921 1180 981 gezeichnet.
1222 920 1349 980 Dennoch

1421 956 1561 1016 nehmigt.
1598 953 1747 1013 Schnitzler
1776 953 1826 1013 hat
1850 952 1891 1012 sich
1915 950 2040 1010 darüber
2064 949 2194 1009 getröstet
2213 945 2283 1005 ...

492 968 567 1028 schien
591 967 618 1027 er
643 965 699 1025 mir
718 963 836 1023 heiterer
860 964 902 1024 als
926 963 945 1023 in
973 962 1105 1022 früherer
1129 962 1204 1022 Zeit.
1224 962 1350 1022 Lächelnd

492 1010 592 1070 meinte
611 1010 656 1070 er:
675 1008 738 1068 „Ich
766 1007 807 1067 bin
835 1009 907 1069 schon
935 1008 994 1068 jetzt
1013 1007 1095 1067 müde
1113 1007 1223 1067 infolge
1246 1005 1351 1065 meines

1428 1037 1780 1097 SCHNITZLER
1825 1031 1940 1091 UND
1984 1029 2084 1089 DER
2135 1028 2286 1088 FILM.

489 1052 534 1112 70.
552 1052 767 1112 Geburtstags,
786 1052 835 1112 von
863 1049 908 1109 dem
950 1049 1009 1109 man
1037 1049 1092 1109 viel
1115 1049 1206 1109 zuviel
1229 1049 1343 1109 spricht.

1472 1094 1656 1154 Interessant
1680 1093 1727 1153 ist,
1756 1090 1807 1150 daß
1855 1088 1901 1148 der
1935 1088 2048 1148 Dichter
2082 1085 2123 1145 sich
2157 1085 2279 1145 anfangs

491 1097 530 1157 Er
560 1097 624 1157 war
654 1097 678 1157 ja
713 1094 787 1154 jeder
817 1094 1059 1154 Aeußerlichkeit,
1079 1094 1152 1154 jeder
1187 1094 1359 1154 Festlichkeit

1421 1139 1484 1199 dem
1521 1138 1611 1198 Film
1643 1133 1879 1193 gegenüber
1902 1132 2133 1192 ablehnend
2156 1127 2287 1187 verhielt.

494 1139 611 1199 abhold.
653 1138 693 1198 Er
726 1138 789 1198 war
822 1139 862 1199 ein
899 1136 1099 1196 Kosmopolit,
1127 1137 1153 1197 er
1186 1136 1272 1196 liebte
1304 1135 1354 1195 alle

1426 1182 1480 1242 Vor
1512 1180 1644 1240 Jahren,
1668 1178 1732 1238 bald
1764 1174 1827 1234 nach
1861 1174 1906 1234 dem
1952 1174 2070 1234 Kriege,
2098 1171 2217 1231 bestellte
2245 1168 2285 1228 die

493 1182 649 1242 Menschen,
663 1182 778 1242 gehörte
801 1182 889 1242 keiner
912 1180 1014 1240 Partei
1028 1180 1081 1240 an,
1095 1180 1143 1240 und
1170 1178 1259 1238 darum
1300 1177 1357 1237 war

1426 1222 1787 1282 Sascha=Filmgesellschaft
1811 1219 1872 1279 mich
1900 1218 1923 1278 zu
1947 1216 2027 1276 ihrem
2065 1213 2280 1273 Dramaturgen

490 1227 521 1287 er
549 1226 612 1286 auch
649 1225 736 1285 keiner
768 1225 1041 1285 schriftstellerischen
1083 1222 1278 1282 Korporation
1315 1220 1356 1280 als

492 1269 619 1329 Mitglied
653 1270 842 1330 beigetreten.
886 1267 937 1327 Die
966 1266 1084 1326 Wiener
1113 1266 1298 1326 Concordia,
1322 1264 1359 1324 die

494 1314 690 1374 Vereinigung
733 1312 779 1372 der
817 1311 1018 1371 Schriftsteller
1065 1309 1116 1369 und
1155 1309 1351 1369 Journalisten

494 1356 694 1416 Oesterreichs,
714 1356 786 1416 hatte
814 1356 855 1416 ihn
887 1354 933 1414 zum
970 1353 1194 1413 Ehrenmitglied
1227 1353 1363 1413 ernannt,

492 1399 610 1459 obwohl
637 1400 669 1460 er
697 1398 742 1458 ihr
770 1398 815 1458 nie
843 1398 988 1458 angehört
1011 1398 1097 1458 hatte.

554 1443 612 1503 Wie
631 1442 672 1502 ein
700 1440 855 1500 Lauffeuer
878 1440 1047 1500 verbreitete
1071 1440 1116 1500 sich
1139 1439 1244 1499 gestern
1276 1437 1358 1497 abend

496 1488 539 1548 die
580 1485 716 1545 traurige
760 1485 866 1545 Kunde
906 1482 958 1542 von
1003 1482 1051 1542 dem
1113 1482 1197 1542 jähen
1237 1482 1355 1542 Ableben

492 1532 684 1592 Schnitzlers.
720 1528 859 1588 Ueberall
882 1525 944 1585 war
967 1525 1012 1585 die
1035 1524 1213 1584 Teilnahme
1236 1524 1289 1584 tief
1312 1524 1365 1584 und

497 1574 650 1634 aufrichtig
707 1572 767 1632 Der
791 1571 907 1631 Dichter
931 1569 977 1629 litt
1001 1568 1024 1628 in
1052 1568 1099 1628 der
1123 1568 1211 1628 letzten
1244 1568 1309 1628 Zeit
1328 1565 1360 1625 an

496 1616 899 1676 Beklemmungszuständen,
921 1613 974 1673 und
1005 1610 1115 1670 gewisse
1143 1610 1354 1670 Aeußerungen

499 1661 659 1721 verrieten,
678 1661 726 1721 daß
753 1659 793 1719 ihn
825 1656 985 1716 Ahnungen
1012 1655 1150 1715 quälten,
1164 1655 1208 1715 die
1231 1655 1275 1715 sich
1306 1652 1368 1712 aber

499 1705 574 1765 nicht
597 1704 650 1764 auf
677 1704 721 1764 den
757 1703 832 1763 Tod,
855 1700 974 1760 sondern
1006 1698 1072 1758 eher
1099 1697 1152 1757 auf
1175 1699 1228 1759 das
1259 1697 1374 1757 Heran¬

499 1748 587 1808 nahen
627 1747 706 1807 einer
747 1744 808 1804 noch
849 1742 1043 1802 unbekannten
1088 1741 1198 1801 Gefahr
1234 1740 1370 1800 bezogen.

497 1792 643 1852 Während
684 1789 716 1849 er
763 1789 808 1849 sich
859 1787 881 1847 in
927 1786 977 1846 den
1024 1785 1119 1845 letzten
1147 1786 1261 1846 Jahren
1312 1783 1362 1843 von

503 1834 552 1894 der
606 1834 794 1894 Gesellschaft
853 1830 907 1890 und
967 1829 1015 1889 der
1075 1828 1154 1888 Welt
1213 1831 1267 1891 fast
1297 1828 1370 1888 ganz

507 1880 725 1940 zurückgezogen
791 1877 888 1937 haite,
940 1876 1019 1936 schien
1066 1873 1098 1933 er
1136 1873 1242 1933 gerade
1308 1873 1368 1933 jetzt

504 1924 596 1984 etwas
623 1923 703 1983 mehr
730 1921 943 1981 Lebensfreude
974 1920 996 1980 zu
1027 1918 1209 1978 empfinden.
1241 1915 1280 1975 Er
1303 1918 1369 1978 ging

501 1965 606 2025 wieder
633 1965 708 2025 öfter
731 1962 774 2022 ins
802 1963 943 2023 Theater,
961 1962 1084 2022 besuchte
1112 1959 1173 2019 noch
1200 1959 1363 2019 vorgestern

1679 1995 1827 2055 Heinrich
1867 1993 2059 2053 Schnitzler,

504 2008 590 2068 abend
617 2007 663 2067 die
686 2007 872 2067 Vorstellung
904 2007 977 2067 „Der
1005 2004 1313 2064 Gerichtevollzieher“
1341 2001 1363 2061 in

1470 2049 1516 2109 des
1544 2045 1675 2105 Dichters
1713 2045 1820 2105 Sohn,
1849 2043 1989 2103 Mitglied
2032 2038 2083 2098 des
2121 2037 2261 2097 Berliner

507 2052 552 2112 der
589 2052 743 2112 Komödie,
771 2052 802 2112 um
853 2049 948 2109 Cékar
980 2047 1193 2107 Karlweis
1230 2046 1285 2106 und
1321 2045 1375 2105 Si¬

1631 2083 1784 2143 staatlichen
1818 2082 2110 2142 Schauspielhauses.

506 2097 573 2157 bylle
597 2094 756 2154 Binder
779 2094 806 2154 zu
839 2094 934 2154 sehen,
953 2093 998 2153 für
1021 2092 1062 2152 die
1085 2091 1116 2151 er
1140 2090 1185 2150 sich
1213 2088 1367 2148 besonders

505 2138 717 2198 interessierte.
757 2138 845 2198 Dann
877 2137 912 2197 aß
939 2136 969 2196 er
996 2136 1053 2196 noch
1089 2136 1111 2196 in
1147 2133 1226 2193 einem
1271 2133 1376 2193 Stadt¬

1439 2183 1491 2243 und
1525 2180 1727 2240 künstlerischen
1756 2177 1876 2237 Beirat.
1915 2179 1967 2239 Ich
2001 2174 2077 2234 nahm
2121 2174 2207 2234 dieses
2237 2168 2308 2228 Amt

503 2183 680 2243 restaurant
708 2183 736 2243 zu
769 2180 885 2240 Abend.

1455 2229 1497 2289 far
1524 2225 1604 2285 unter
1631 2223 1677 2283 der
1703 2222 1874 2282 Bedingung
1900 2222 1956 2282 an,
1973 2216 2204 2276 hervorragende
2230 2212 2302 2272 Lite¬

511 2258 612 2318 DER
664 2258 765 2318 TOD
817 2255 882 2315 AM
933 2251 1370 2311 SCHREIBTISCH.

1439 2270 1540 2330 raten,
1554 2268 1593 2328 die
1611 2267 1646 2327 ich
1669 2266 1712 2326 für
1735 2265 1779 2325 den
1806 2264 1867 2324 Film
1903 2262 2048 2322 gewinnen
2075 2261 2185 2321 wollte,
2199 2258 2304 2318 heran¬

1446 2317 1529 2377 ziehen
1562 2313 1590 2373 zu
1623 2312 1739 2372 dürfen.
1777 2309 1837 2369 Der
1866 2307 1931 2367 erste
1960 2304 2024 2364 Weg
2053 2304 2151 2364 führte
2179 2303 2239 2363 mich
2272 2303 2295 2363 zu

563 2315 716 2375 Mitten
751 2313 790 2373 in
830 2310 889 2370 der
919 2310 1072 2370 Arbeit
1097 2310 1171 2370 hat
1201 2308 1270 2368 ihn
1305 2306 1373 2366 der

1443 2354 1602 2414 Schnitzter,
1626 2353 1715 2413 dessen
1748 2352 1828 2412 „Der
1857 2349 1945 2409 junge
1975 2345 2158 2405 Medardus“
2191 2344 2223 2404 ich
2257 2342 2303 2402 für

498 2359 576 2419 Tod
618 2357 769 2417 ereilt.
816 2353 967 2413 Während
1009 2353 1054 2413 er,
1087 2350 1124 2410 am
1179 2350 1367 2410 Schreibtisch

1435 2400 1474 2460 die
1502 2395 1688 2455 Verfilmung
1719 2395 1861 2455 erwerben
1897 2392 1990 2452 wollte
2044 2390 2186 2450 Zunächst
2213 2386 2288 2446 bekam

509 2401 620 2461 sitzend,
640 2401 728 2461 seiner
752 2398 921 2458 Sekretärin
950 2395 1090 2455 diktierte,
1114 2395 1184 2455 glitt
1208 2395 1236 2455 er
1259 2393 1376 2453 plötzlich

1443 2445 1474 2505 ich
1502 2441 1543 2501 ein
1575 2440 1680 2500 rundes
1712 2440 1835 2500 „Nein",
1858 2436 2017 2496 allmählich
2045 2432 2113 2492 aber
2141 2431 2241 2491 konnte
2269 2430 2301 2490 ich

508 2447 558 2507 vom
601 2446 694 2506 Sessel
718 2445 741 2505 iu
769 2443 886 2503 Boden.
909 2441 993 2501 Tiefe
1017 2440 1273 2500 #wußtlosigkeit
1297 2437 1376 2497 hatte

1435 2487 1476 2547 ihn
1527 2485 1582 2545 mit
1624 2486 1730 2546 großer
1777 2480 2086 2540 Ueberredungskunst
2128 2476 2174 2536 für
2221 2473 2312 2533 meine

514 2493 553 2553 ihn
588 2491 731 2551 befallen,
756 2490 810 2550 und
845 2488 968 2548 obwohl
993 2488 1062 2548 duei
1087 2485 1195 2545 Aerzte
1230 2482 1284 2542 und
1319 2479 1368 2539 sein

1443 2530 1541 2590 Absicht
1593 2526 1757 2586 gewinnen.
1828 2525 1879 2585 Ich
1931 2522 2025 2582 sagte:
2086 2520 2166 2580 „Ja,
2218 2515 2297 2575 wenn

1438 2574 1474 2634 die
1502 2573 1608 2633 großen
1641 2568 1779 2628 Literaten
1817 2568 1862 2628 sich
1899 2563 1973 2623 nicht
1996 2562 2019 2622 in
2056 2562 2102 2622 den
2135 2559 2236 2619 Dienst
2264 2558 2310 2618 des

1446 2617 1532 2677 Films
1559 2615 1651 2675 stellen
1683 2613 1797 2673 wollen,
1816 2609 1888 2669 dann
1920 2607 1984 2667 kann
2012 2605 2043 2665 er
2071 2604 2116 2664 nie
2145 2605 2194 2665 auf
2218 2601 2308 2661 künst¬

1443 2660 1553 2720 lerische
1583 2658 1654 2718 Höhe
1683 2656 1851 2716 gelangen.“
1895 2652 1967 2712 Dies
1996 2649 2106 2709 wirkte:
2155 2649 2308 2709 Schnitzler

1447 2708 1492 2768 gab
1524 2703 1596 2763 seine
1620 2701 1801 2761 prinzipielle
1829 2697 1955 2757 Zusage,
1974 2694 2123 2754 verlangte
2147 2691 2228 2751 aber,
2251 2691 2301 2751 daß

1442 2747 1472 2807 er
1494 2746 1528 2806 an
1559 2745 1601 2805 der
1628 2741 1800 2801 Herstellung
1831 2740 1878 2800 des
1909 2738 2103 2798 Szenariums
2130 2732 2310 2792 bestimmend

1450 2789 1600 2849 mitwirke.
1646 2789 1846 2849 Unvergeßlich
1901 2780 2005 2840 bleiben
2065 2779 2105 2839 die
2138 2777 2247 2837 Abende
2284 2775 2306 2835 in

1453 2837 1536 2897 seiner
1559 2834 1634 2894 Villa
1661 2831 1713 2891 mit
1731 2831 1775 2891 dem
1811 2827 1970 2887 damaligen
1997 2823 2244 2883 Generaldirektor
2267 2822 2310 2882 der

888 2838 975 2898 .

1449 2879 1599 2939 „Sascha",
1618 2876 1663 2936 dem
1701 2875 1755 2935 jetzt
1778 2872 1801 2932 in
1829 2871 1929 2931 Berlin
1958 2868 2081 2928 lebenden
2113 2867 2241 2927 Direktor
2265 2864 2310 2924 der

1456 2922 1614 2982 „Allianz",
1633 2918 1745 2978 Arnold
1769 2915 2067 2975 Preßburger,
2091 2910 2208 2970 anderen
2241 2908 2315 2968 Mit¬

1444 2965 1582 3025 arbeitern
1617 2961 1673 3021 und
1708 2959 1781 3019 mir.
1825 2959 1864 3019 Es
1899 2957 1989 3017 waren
2029 2955 2106 3015 wohl
2137 2953 2180 3013 die
2211 2951 2310 3011 unter¬

1447 3010 1611 3070 haltendsten
1649 3004 1891 3064 Regiesitzungen,
1937 2999 1978 3059 die
2011 2998 2074 3058 man
2134 2998 2175 3058 sich
2217 2995 2308 3055 denken

1456 3052 1559 3112 konnte.
1605 3049 1759 3109 Schnitler
1796 3046 1851 3106 hat
1883 3046 1950 3106 auch
1988 3041 2028 3101 die
2065 3040 2205 3100 einzelnen
2242 3039 2314 3099 Auf¬

1455 3097 1569 3157 nahmen
1609 3091 1776 3151 übermacht.
1825 3091 1882 3151 und
1913 3090 1939 3150 so
1971 3085 2067 3145 wurde
2120 3085 2199 3145 „Der
2231 3085 2314 3145 junge

1452 3138 1626 3198 Medardus“
1663 3135 1699 3195 ein
1737 3135 1874 3195 Ereignis
1925 3132 1952 3192 in
1994 3131 2040 3191 der
2082 3129 2311 3189 österreichischen

1454 3183 1680 3243 Filmindustrie.
1719 3179 1781 3239 Der
1825 3178 1892 3238 Film
1950 3176 1983 3236 ist
2027 3171 2098 3231 dann
2147 3171 2228 3231 durch
2272 3170 2315 3230 die

1451 3229 1530 3289 ganze
1574 3225 1653 3285 Welt
1710 3221 1874 3281 gegangen,
1931 3219 1987 3279 und
2049 3217 2203 3277 Schnitzler
2265 3213 2316 3273 hat

742 3263 815 3323 Dr.
841 3261 944 3321 Artur
969 3257 1161 3317 Schnitzler.

1593 3269 1615 3329 in
1680 3267 1729 3327 der
1794 3264 1885 3324 letzten
1954 3263 2031 3323 Zeit,
2091 3260 2209 3320 nachdem
2288 3258 2319 3318 er

1456 3315 1597 3375 nunmehr
1625 3310 1697 3370 seine
1725 3309 1793 3369 volle
1820 3308 1993 3368 Sympathie
2021 3305 2066 3365 für
2094 3303 2139 3363 den
2172 3303 2235 3363 Film
2276 3298 2321 3358 ge¬

1456 3356 1570 3416 wonnen
1606 3355 1694 3415 hatte,
1712 3353 1805 3413 damit
1827 3353 1937 3413 befaßt,
1959 3350 2004 3410 den
2039 3347 2167 3407 „Jungen
2199 3342 2322 3402 Medar¬

523 3361 655 3421 Bruder,
679 3360 725 3420 der
759 3357 806 3417 ihn
840 3354 995 3414 besonders
1029 3353 1127 3413 liebte,
1152 3352 1203 3412 der
1237 3349 1378 3409 berühmt

1452 3401 1520 3461 dus"
1544 3398 1584 3458 für
1608 3398 1653 3458 den
1677 3397 1791 3457 Tonfilm
1828 3395 2030 3455 einzurichten.
2053 3392 2153 3452 Dieses
2173 3388 2314 3448 Bestreben

525 3405 596 3465 Arzt
626 3404 774 3464 Professor
803 3402 865 3462 Dr.
885 3398 990 3458 Julius
1024 3398 1273 3458 Schnitzler,
1298 3392 1388 3452 sofort

1457 3449 1508 3509 hat
1528 3443 1574 3503 der
1599 3443 1650 3503 Tod
1679 3440 1873 3500 durchkreuzt.

527 3454 578 3514 zur
609 3450 702 3510 Stelle
733 3446 848 3506 waren,
875 3443 968 3503 waren
999 3442 1054 3502 alle
1080 3440 1290 3500 Bemühungen
1329 3433 1376 3493 ver

529 3494 646 3554 geblich:
670 3492 742 3552 Nach
770 3488 1015 3548 siebenstündiger
1043 3485 1302 3545 Bewutztlosigkeit
1330 3478 1393 3538 ver¬

528 3538 607 3598 schied
664 3535 865 3595 Oesterreichs
922 3532 1057 3592 größter,
1114 3526 1390 3586 repräsentativster

1464 3535 1741 3595 TRAGÖDIE
1795 3532 1899 3592 DER
1952 3529 2252 3589 TOCHTER.

530 3581 664 3641 Dichter.

1513 3601 1560 3661 All
1584 3601 1649 3661 seine
1673 3598 1824 3658 Heiterkeit
1843 3595 1932 3655 büß;
1947 3594 2097 3654 Schnitzler
2121 3592 2173 3652 vor
2197 3589 2319 3649 menigen

594 3625 830 3685 Schnitzler,
856 3622 900 3682 der
930 3619 1013 3679 selbst
1039 3618 1107 3678 Arzt
1138 3616 1216 3676 war,
1241 3613 1290 3673 hat
1315 3613 1398 3673 auch.

1462 3650 1563 3710 Jahren
1599 3646 1679 3706 durch
1710 3644 1745 3704 ein
1777 3640 1981 3700 Liebesdrama
2012 3637 2101 3697 seiner
2128 3637 2243 3697 Tochter
2270 3633 2327 3693 ein.

528 3670 577 3730 als
610 3670 673 3730 man
710 3669 750 3729 ihn
787 3666 891 3726 bereits
937 3661 983 3721 als
1029 3658 1237 3718 Bühnenautor
1279 3656 1397 3716 schätzte,

1461 3689 1646 3749 Gelegentlich
1677 3687 1747 3747 eines
1779 3685 1964 3745 Aufenthalts
1996 3681 2022 3741 am
2062 3679 2128 3739 Lido
2155 3679 2230 3739 hatte
2257 3676 2322 3736 seine

534 3715 615 3775 seinen
666 3712 817 3772 ärztlichen
854 3708 949 3768 Beruf
982 3703 1041 3763 noch
1087 3703 1247 3763 ausgeübl.
1294 3700 1380 3760 Inter

1461 3734 1506 3794 von
1543 3732 1589 3792 ihm
1630 3731 1698 3791 über
1726 3729 1794 3789 alles
1827 3726 1941 3786 geliebte
1973 3723 2087 3783 Tochter
2115 3720 2160 3780 ihr
2188 3720 2261 3780 Herz
2289 3719 2320 3779 an

533 3758 621 3818 essant
648 3757 683 3817 ist
710 3753 754 3813 es,
785 3753 838 3813 daß
878 3752 904 3812 er
944 3748 1015 3808 schon
1051 3747 1094 3807 als
1126 3746 1227 3806 junger
1258 3744 1333 3804 Arzt
1360 3739 1386 3799 an

1463 3778 1533 3838 einen
1569 3774 1751 3834 italienischen
1783 3771 1907 3831 Offizier
1934 3768 2080 3828 verloren,
2098 3765 2147 3825 den
2174 3765 2209 3825 sie
2232 3762 2329 3822 durch¬

536 3801 574 3861 dem
622 3798 768 3858 bekannten
808 3792 1010 3852 Literatentisch
1040 3789 1066 3849 im
1109 3789 1178 3849 Café
1213 3786 1389 3846 Griensteidl

1460 3822 1508 3882 aus
1531 3819 1655 3879 heiraten
1678 3816 1784 3876 wollte.
1811 3813 1962 3873 Schnitzler
1980 3810 2144 3870 widersetzte
2162 3810 2202 3870 sich
2229 3807 2308 3867 diesem

551 3843 585 3903 an
616 3846 654 3906 dem
693 3840 834 3900 Hermann
860 3837 967 3897 Vahr
989 3832 1164 3892 präsidierte,
1182 3829 1319 3889 Literaten
1345 3825 1396 3885 und

1460 3863 1606 3923 Ehebund,
1627 3860 1678 3920 von
1712 3858 1753 3918 dem
1796 3858 1825 3918 er
1854 3857 1938 3917 nichts
1968 3855 2060 3915 Gutes
2090 3852 2253 3912 erwartete,
2275 3849 2329 3909 mit

544 3890 739 3950 Schauspieler
766 3882 930 3942 ordinierte
979 3879 1032 3939 und
1068 3877 1152 3937 ihnen
1188 3876 1308 3936 Rezepte
1339 3869 1405 3929 ver¬

1467 3909 1535 3969 aller
1558 3904 1812 3964 Entschiedenheit,
1831 3902 1875 3962 gab
1908 3900 1971 3960 aber
1994 3897 2139 3957 schließlich
2167 3897 2225 3957 doch
2253 3894 2330 3954 nach.

543 3932 656 3992 schrieb.
698 3928 760 3988 Der
793 3926 865 3986 alten
902 3923 1002 3983 Armee
1034 3920 1143 3980 gehörte
1175 3919 1206 3979 er
1238 3917 1284 3977 als
1316 3915 1401 3975 Regi¬

1467 3950 1525 4010 Das
1552 3950 1729 4010 Liebesglück
1757 3944 1818 4004 war
1845 3943 1898 4003 nur
1926 3941 1974 4001 von
2006 3940 2103 4000 kurzer
2131 3938 2246 3998 Dauer:
2277 3938 2330 3998 Die

544 3977 702 4037 mentsarzt
722 3971 772 4031 an,
792 3968 885 4028 verlor
909 3965 988 4025 jedoch
1017 3963 1124 4023 seine
1144 3962 1330 4022 Charge,
1350 3956 1400 4016 und

1471 3995 1549 4055 junge
1579 3992 1653 4052 Frau
1688 3989 1795 4049 erschoß
1830 3988 1874 4048 sich
1909 3984 1933 4044 in
1968 3983 2110 4043 Venedig,
2135 3983 2247 4043 nachdem
2292 3979 2326 4039 sie

542 4022 591 4082 das
621 4022 689 4082 ging
719 4017 743 4077 so
773 4014 822 4074 zu.
843 4012 886 4072 Er
911 4010 984 4070 hatte
1014 4007 1083 4067 seine
1113 4005 1285 4065 künstlerisch
1315 4001 1402 4061 wert¬

1466 4039 1550 4099 durch
1581 4036 1651 4096 ihren
1687 4032 1788 4092 Gatten
1824 4032 1909 4092 bitter
1935 4029 2085 4089 enttäuscht
2111 4025 2222 4085 worden
2257 4025 2332 4085 war.

540 4064 628 4124 volle,
648 4060 776 4120 fesselnde
801 4055 913 4115 Novelle
938 4052 1159 4112 „Leutnan?
1184 4049 1316 4109 Gustl"
1336 4044 1404 4104 ver¬

1470 4082 1565 4142 Diesen
1599 4079 1733 4139 Schmerz
1757 4076 1809 4136 hat
1838 4076 1991 4136 Schnitzler
2021 4073 2064 4133 nie
2093 4070 2226 4130 verwunk

544 4106 713 4166 öffentlicht,
735 4100 811 4160 durch
843 4100 883 4160 die
905 4100 950 4160 sich
977 4097 1022 4157 der
1049 4093 1270 4153 Offiziersstand
1296 4088 1404 4148 verletzt

1476 4126 1566 4186 seitdem
1606 4128 1651 4188 zog
1675 4123 1702 4183 er
1726 4123 1770 4183 sich
1794 4120 1896 4180 immer
1919 4120 1993 4180 mehr
2010 4117 2134 4177 zurück.

545 4150 652 4210 fuhlte.
691 4144 745 4204 Ein
778 4143 1038 4203 Oifizierehrenrat
1066 4141 1125 4201 trat
1158 4135 1310 4195 zusammen
1348 4131 1402 4191 und
