3392 4352
205 335 327 395 12.

379 339 964 399 Schnitzler's
1035 345 1277 405 Death

1498 348 1620 408 box
1697 353 1881 413 42/6

864 1042 1588 1102 OBSERVER

957 1106 982 1166 I.
1000 1106 1116 1166 österr.
1134 1106 1285 1166 behördl.
1303 1103 1587 1163 konzessioniertes

922 1147 1149 1207 Unternehmen
1181 1145 1230 1205 für
1253 1142 1619 1202 Zeitungs-Ausschnitte

970 1202 1120 1262 WIEN,
1140 1206 1185 1266 I.,
1212 1204 1494 1264 WOLLZEILE
1534 1204 1579 1264 11

1064 1256 1276 1316 TELEPHON
1313 1255 1484 1315 R-23-0-43

858 1401 1085 1461 Ausschnitt
1113 1397 1178 1457 aus

1150 1544 1222 1604 Das
1238 1539 1346 1599 Klelne
1362 1536 1456 1596 Blatt,
1471 1530 1550 1590 Wien

867 1625 982 1685 vom:

1107 1703 1179 1763 22
1235 1689 1371 1749 0KT.
1390 1688 1498 1748 1937

1662 1894 1705 1954 an
1737 1897 1780 1957 der
1803 1897 1921 1957 Wiener
1943 1897 2123 1957 Universität
2146 1897 2198 1957 und
2221 1897 2361 1957 arbeitete
2383 1900 2427 1960 bis
2449 1900 2502 1960 zum

846 1930 1042 1990 Artur
1098 1930 1421 1990 Schnitzler
1476 1928 1600 1988 tot.

1672 1941 1769 2001 Jahre
1797 1939 1880 1999 1893,
1899 1941 1961 2001 eine
1988 1941 2121 2001 Zeitlang
2152 1938 2196 1998 als
2224 1938 2468 1998 Sekundararzt,
2486 1940 2521 2000 an

1668 1983 1881 2043 verschiedenen
1912 1983 2063 2043 Kliniken.
2086 1983 2174 2043 Dann
2206 1983 2303 2043 wurde
2330 1983 2379 2043 der
2406 1984 2521 2044 Dichter

852 1995 904 2055 Ein
938 1996 1043 2056 großer
1072 1995 1192 2055 Dichter
1230 1995 1269 2055 ist
1303 1995 1350 2055 von
1389 1995 1446 2055 uns
1480 1995 1628 2055 gegangen

1671 2025 1697 2085 in
1734 2025 1774 2085 ihm
1820 2025 1924 2085 stärker
1957 2025 2001 2085 als
2034 2025 2079 2085 der
2106 2025 2197 2085 Arzt,
2220 2025 2355 2085 wiewohl
2379 2025 2410 2085 er
2442 2025 2514 2085 seine

791 2037 915 2097 Gestern
954 2038 1040 2098 abend
1074 2038 1112 2098 ist
1156 2037 1223 2097 Dr.
1262 2037 1357 2097 Artur
1405 2040 1650 2100 Schnitzler,

1675 2070 1869 2130 medizinische
1893 2070 2037 2130 Tätigkeit
2061 2069 2105 2129 nie
2129 2067 2210 2127 völlig
2237 2070 2342 2130 aufgab
2374 2070 2428 2130 und
2451 2069 2514 2129 auch

793 2079 905 2139 wenige
929 2082 1055 2142 Monate
1079 2079 1128 2139 vor
1151 2081 1332 2141 Vollendung
1360 2082 1451 2142 seines
1478 2083 1636 2143 siebzigsten

1671 2112 1698 2172 in
1731 2114 1824 2174 seinen
1857 2112 2048 2172 literarischen
2076 2112 2192 2172 Werken
2225 2112 2299 2172 nicht
2319 2115 2523 2175 verleugnete.

788 2124 1030 2184 Lebensjahres,
1049 2125 1128 2185 eines
1156 2124 1267 2184 sanften
1296 2124 1393 2184 Todes
1412 2123 1626 2183 gestorben

792 2169 857 2229 Der
881 2168 993 2228 Dichter
1017 2168 1077 2228 war
1101 2168 1208 2228 bereits
1232 2168 1353 2228 längere
1377 2168 1442 2228 Zeit
1461 2165 1638 2225 herzleidend

1727 2174 1884 2234 Schnitzler
1924 2174 1958 2234 ist
1988 2174 2041 2234 der
2076 2174 2189 2234 Dichter
2224 2174 2273 2234 des
2313 2174 2509 2234 seinsinnigen

795 2213 939 2273 gewesen,
959 2213 1018 2273 doch
1047 2211 1121 2271 hatte
1150 2210 1178 2270 er
1206 2210 1252 2270 bis
1281 2211 1332 2271 zum
1370 2210 1462 2270 letzten
1496 2213 1570 2273 Tage
1599 2211 1645 2271 ge¬

1670 2219 1870 2279 Bürgertums
1897 2216 2066 2276 geworden.
2089 2216 2200 2276 Seinem
2245 2216 2329 2276 hellen
2361 2216 2437 2276 Blick
2459 2216 2526 2276 ent¬

790 2255 935 2315 arbeitet.
958 2255 1077 2315 Gestern
1113 2255 1271 2315 vormittag
1303 2255 1470 2315 unternahm
1519 2252 1545 2312 er
1581 2255 1638 2315 noch

1673 2262 1735 2322 ging
1774 2261 1850 2321 nicht
1884 2259 1928 2319 die
1962 2261 2125 2321 Auflösung
2169 2258 2216 2318 der
2255 2259 2514 2319 gesellschaftlichen

797 2297 875 2357 einen
910 2300 1134 2360 Spaziergang,
1159 2297 1208 2357 von
1242 2297 1286 2357 dem
1326 2297 1359 2357 er
1384 2297 1418 2357 um
1463 2297 1496 2357 11
1521 2298 1579 2358 Uhr
1609 2300 1633 2360 in
1669 2302 1820 2362 Formen,
1860 2303 1913 2363 wie
1943 2303 1976 2363 sie
2006 2303 2055 2363 sich
2099 2303 2309 2363 insbesondere
2359 2303 2387 2363 im
2432 2301 2520 2361 öster¬

800 2341 871 2401 seine
898 2341 1051 2401 Wohnung
1078 2341 1103 2401 in
1134 2340 1185 2400 der
1212 2339 1505 2399 Sternwartestraße
1531 2338 1644 2398 zurück=
1675 2346 1834 2406 reichischen
1871 2345 2036 2405 Bürgertum
2083 2346 2231 2406 spiegelte,
2258 2345 2308 2405 und
2340 2344 2370 2404 er
2397 2344 2447 2404 hat
2474 2344 2519 2404 ihr

799 2386 902 2446 kehrte.
930 2383 993 2443 Wie
1025 2383 1183 2443 alltäglich,
1211 2383 1341 2443 diktierte
1374 2383 1400 2443 er
1432 2383 1509 2443 dann
1546 2383 1640 2443 seiner
1677 2386 1731 2446 mit
1758 2390 1930 2450 geistreicher
1958 2389 2066 2449 Ironie
2089 2386 2156 2446 oder
2184 2386 2238 2446 mit
2261 2388 2356 2448 zarter
2383 2387 2523 2447 Wehmut

795 2428 987 2488 Sekretärin.
1002 2428 1136 2488 Plötzlich
1165 2424 1174 2484 —
1223 2426 1251 2486 es
1281 2428 1342 2488 war
1367 2430 1506 2490 fünfzehn
1535 2426 1645 2486 Minu¬

1672 2431 1791 2491 Gestalt
1822 2431 1980 2491 verliehen.
2007 2431 2073 2491 Mit
2100 2431 2408 2491 bewundernswerter
2444 2431 2523 2491 Hell¬

1669 2473 1816 2533 hörigkeit
1847 2473 1969 2533 lauschte
2009 2473 2043 2533 er
2078 2473 2122 2533 dem
2171 2474 2299 2534 Klingen
2339 2473 2388 2533 der
2423 2473 2531 2533 Seele.

1727 2525 1818 2585 Schon
1861 2527 2038 2587 Schnitzlers
2077 2525 2163 2585 erstes
2202 2524 2288 2584 Werk
2322 2524 2513 2584 „Anatol“

1675 2568 1784 2628 verriet
1844 2568 1889 2628 die
1930 2568 2080 2628 Eigenart
2135 2565 2185 2625 des
2249 2566 2399 2626 Dichters.
2459 2565 2522 2625 Und

1673 2610 1733 2670 nun
1799 2610 1878 2670 folgt
1940 2608 2005 2668 eine
2066 2610 2206 2670 stattliche
2272 2607 2366 2667 Reihe
2432 2607 2525 2667 form¬

1676 2652 1852 2712 vollendeter
1887 2652 2084 2712 Kunstwerke,
2110 2652 2153 2712 die
2200 2649 2247 2709 den
2304 2649 2419 2709 Namen
2471 2646 2522 2706 des

1675 2694 1807 2754 Dichters
1839 2694 1861 2754 in
1894 2694 1934 2754 die
1958 2694 2039 2754 Welt
2063 2694 2185 2754 trugen.
2204 2694 2267 2754 Das
2318 2693 2377 2753 echt
2414 2691 2527 2751 wiene¬

1673 2738 1757 2798 rische
1791 2738 1969 2798 Schauspiel
2012 2735 2265 2795 „Liebelei",
2309 2735 2360 2795 das
2412 2735 2524 2795 mutige

1684 2778 1904 2838 Antiduellstück
1938 2779 2201 2839 „Freiwild",
2230 2777 2278 2837 der
2316 2778 2532 2838 „Reigen“,

1675 2822 1852 2882 Schnitzlers
1886 2822 2109 2882 umstrittenstes
2143 2819 2245 2879 Werk,
2268 2821 2310 2881 die
2339 2819 2432 2879 beiden
2469 2818 2529 2878 No¬

1676 2864 1766 2924 vellen
1800 2864 2034 2924 „Leutnant
2059 2863 2187 2923 Gustl"
2212 2863 2269 2923 und
2298 2863 2518 2923 „Fräulein

1679 2908 1809 2968 Else",
1833 2906 2014 2966 meisterhaft
2038 2906 2066 2966 in
2094 2906 2145 2966 der
2174 2906 2262 2966 Kraft
2304 2906 2356 2966 der
2398 2906 2528 2966 Seelen¬

1679 2950 1856 3010 schilderung
1889 2950 1945 3010 und
1979 2948 2034 3008 mit
2077 2947 2194 3007 höchster
2241 2947 2442 3007 Sprachkunst
2485 2948 2531 3008 ge¬

1679 2992 1789 3052 formt,
1813 2992 1860 3052 der
1890 2992 1999 3052 Roman
2038 2992 2134 3052 „Der
2163 2992 2249 3052 Weg
2278 2992 2345 3052 ins
2374 2989 2532 3049 Freie“,

1672 3034 1733 3094 das
1766 3037 1924 3097 historische
1957 3034 2068 3094 Drama
2125 3034 2222 3094 „Der
2269 3034 2399 3094 junge
2451 3031 2530 3091 Me¬

1679 3076 1860 3136 dardus“
1897 3077 1950 3137 und
1978 3076 2023 3136 die
2055 3076 2109 3136 mit
2137 3076 2246 3136 kühner
2273 3076 2450 3136 Gesinnung
2482 3074 2532 3134 er¬

1681 3121 1767 3181 füllte
1801 3118 1940 3178 Komödie
1974 3118 2223 3178 „Professor
2257 3118 2536 3178 Bernhardi",

1677 3159 1728 3219 die
1752 3160 1841 3220 lange
1869 3162 1934 3222 Zeit
1958 3160 2004 3220 von
2038 3160 2088 3220 der
2126 3159 2364 3219 österreichischen
2412 3159 2533 3219 Zensur

1678 3204 1815 3264 verboten
1853 3204 1928 3264 war.
1949 3204 2012 3264 Vor
2041 3204 2141 3264 kurzem
2183 3204 2241 3264 erst
2267 3204 2300 3264 ist
2346 3202 2408 3262 eine
2459 3201 2529 3261 neue

2083 3246 2242 3306 „Flucht
2328 3246 2368 3306 in
2464 3245 2528 3305 die

1683 3246 2002 3306 Novellensammlung

1680 3288 1946 3348 Finsternis“
1981 3288 2159 3348 erschienen.

799 3338 844 3398 ten
876 3338 939 3398 nach
962 3338 994 3398 11
1022 3338 1076 3398 Uhr
1104 3335 1112 3395 —
1163 3337 1258 3397 wurde
1286 3335 1312 3395 er
1336 3336 1595 3396 bewußtlos.
1613 3333 1654 3393 Er

1742 3338 1781 3398 Es
1812 3338 1878 3398 muß
1909 3338 2063 3398 Schnitzler
2094 3339 2142 3399 zur
2169 3338 2340 3398 besonderen
2376 3335 2450 3395 Ehre
2477 3335 2529 3395 an¬

1685 3383 1835 3443 gerechnet
1861 3380 1994 3440 werden,
2016 3380 2067 3440 daß
2097 3380 2127 3440 er
2157 3381 2199 3441 sich
2230 3380 2277 3440 nie
2308 3380 2337 3440 an
2372 3378 2414 3438 die
2445 3377 2530 3437 Seite

799 3380 839 3440 ist
863 3383 917 3443 aus
945 3383 1035 3443 seiner
1064 3380 1227 3440 Ohnmacht
1255 3381 1323 3441 nicht
1351 3379 1428 3439 mehr
1451 3380 1587 3440 erwacht,
1610 3377 1642 3437 um

799 3425 848 3485 ¼7
878 3425 932 3485 Uhr
962 3425 1040 3485 stand
1065 3425 1119 3485 das
1144 3425 1222 3485 Herz
1247 3424 1296 3484 des
1321 3423 1458 3483 Dichters
1483 3421 1552 3481 still.
1572 3420 1650 3480 Ver=
1681 3423 1734 3483 der
1765 3425 1961 3485 Kriegshetzer
1986 3423 2089 3483 stellte.
2114 3422 2153 3482 Es
2183 3422 2217 3482 ist
2247 3422 2320 3482 seine
2350 3422 2458 3482 Tragik
2483 3418 2532 3478 ge¬

803 3467 919 3527 mutlich
948 3467 994 3527 hat
1022 3467 1059 3527 ein
1092 3467 1394 3527 Gehirnschlag
1423 3467 1515 3527 seinem
1558 3466 1646 3526 Leben
1684 3467 1800 3527 wesen,
1819 3468 1870 3528 daß
1903 3467 1949 3527 er,
1968 3467 2014 3527 der
2043 3465 2117 3525 letzte
2141 3464 2336 3524 künstlerische
2360 3465 2457 3525 Zeuge
2485 3460 2531 3520 des

1685 3512 1780 3572 geistig
1817 3509 2049 3569 hochstehenden,
2090 3506 2235 3566 liberalen
2291 3506 2527 3566 österreichischen

805 3514 848 3574 ein
880 3512 963 3572 Ende
990 3512 1130 3572 bereitet.

1685 3553 1906 3613 Bürgertums,
1930 3550 1978 3610 den
2014 3550 2187 3610 Untergang
2219 3549 2303 3609 jener
2330 3547 2445 3607 Schicht
2490 3542 2539 3602 er¬

855 3592 925 3652 Das
962 3592 1068 3652 Leben
1111 3590 1175 3650 und
1211 3589 1317 3649 Werk
1348 3589 1407 3649 des
1437 3587 1614 3647 Dichlers.

1684 3595 1761 3655 leben
1801 3596 1916 3656 mußte,
1938 3595 1981 3655 die
2012 3595 2041 3655 er
2072 3593 2097 3653 in
2149 3589 2244 3649 seinen
2296 3589 2416 3649 Werken
2468 3586 2537 3646 ver¬

1690 3639 1779 3699 ewigt
1808 3637 1873 3697 hat.

866 3649 958 3709 Artur
985 3649 1140 3709 Schnitzler
1167 3646 1264 3706 wurde
1291 3646 1322 3706 am
1367 3646 1410 3706 15.
1433 3646 1499 3706 Mai
1522 3644 1588 3704 1862
1615 3643 1659 3703 als

1745 3687 1831 3747 Ganz
1861 3685 2050 3745 unerwartet
2077 3684 2111 3744 ist
2158 3684 2213 3744 nun
2266 3683 2326 3743 sein
2378 3682 2438 3742 Tod
2490 3681 2536 3741 ge¬

803 3690 886 3750 Sohn
913 3691 958 3751 des
989 3691 1144 3751 bekannten
1176 3691 1296 3751 Wiener
1319 3690 1425 3750 Arztes
1456 3688 1509 3748 und
1536 3688 1660 3748 Univer¬

1687 3729 1833 3789 kommen.
1876 3728 1966 3788 Schon
2019 3726 2113 3786 waren
2169 3726 2216 3786 für
2265 3723 2316 3783 den
2368 3723 2531 3783 siebzigsten

808 3735 1053 3795 sitätsprofessors
1094 3732 1158 3792 Dr.
1190 3732 1308 3792 Johann
1350 3731 1577 3791 Schnitzler
1613 3731 1658 3791 ge¬

1689 3774 1869 3834 Geburtstag
1904 3770 1951 3830 des
1982 3768 2115 3828 Dichters
2146 3768 2235 3828 große
2283 3765 2382 3825 Ehren
2434 3763 2537 3823 vorbe¬

807 3777 914 3837 boren.
936 3777 1017 3837 Zwei
1039 3777 1239 3837 Anregungen
1270 3774 1398 3834 empfing
1424 3775 1471 3835 der
1497 3774 1599 3834 Knabe
1626 3772 1651 3832 in

802 3819 851 3879 dem
894 3820 989 3880 Hause
1014 3819 1060 3879 des
1085 3819 1281 3879 angesehenen
1311 3816 1439 3876 Vaters,
1457 3818 1498 3878 die
1520 3817 1569 3877 für
1595 3815 1648 3875 sein
1686 3815 1794 3875 reitet,
1815 3813 1844 3873 im
1887 3812 2086 3872 Burgtheater
2120 3810 2174 3870 und
2208 3807 2228 3867 im
2275 3807 2403 3867 Theater
2429 3807 2453 3867 in
2491 3807 2537 3867 der

1689 3856 1849 3916 Josefstadt
1876 3855 1968 3915 sollten
2004 3853 2075 3913 viele
2120 3850 2403 3910 Festvorstellungen
2452 3846 2536 3906 statt¬

806 3861 896 3921 Leben
931 3861 1121 3921 bestimmend
1151 3859 1272 3919 waren:
1303 3861 1345 3921 die
1376 3861 1458 3921 Liebe
1488 3859 1540 3919 zur
1566 3858 1660 3918 Kunst

1694 3900 1804 3960 finden.
1831 3897 1897 3957 Nun
1933 3897 1981 3957 hat
2008 3897 2056 3957 sich
2088 3894 2127 3954 die
2163 3893 2476 3953 Geburtstagsfreude
2508 3891 2529 3951 in

812 3906 860 3966 des
887 3906 1041 3966 Arztes
1072 3904 1125 3964 und
1157 3904 1187 3964 zu
1219 3903 1267 3963 der
1294 3903 1338 3963 des
1369 3903 1576 3963 Dichters.
1599 3900 1660 3960 Der

812 3950 898 4010 junge
930 3950 1088 4010 Schnitzler
1121 3949 1256 4009 studierte
1288 3946 1438 4006 Medizin,
1461 3944 1655 4004 promovierte
1692 3943 1814 4003 Trauer
1842 3938 2036 3998 verwandelt.
