3392 4320
173 278 271 338 2.
332 288 926 348 Schnitzler's
997 288 1223 348 Death

1432 287 1559 347 box
1644 291 1831 351 42/9

927 1470 1112 1530 Interessen
1153 1471 1210 1531 als
1242 1476 1506 1536 künstlerischen;
1537 1479 1655 1539 womit
1685 1479 1812 1539 freilich
1833 1483 1900 1543 auch

1994 1483 2121 1543 Dichten
2146 1488 2205 1548 war
2230 1490 2287 1550 ihm
2312 1491 2358 1551 ein
2382 1491 2512 1551 Fragen
2537 1493 2605 1553 nach
2630 1493 2676 1553 dem
2714 1494 2830 1554 Leben,
2855 1497 2900 1557 dem

161 1494 325 1554 Artur
361 1500 657 1560 Schnitzler.

922 1518 1008 1578 schon
1043 1519 1152 1579 gesagt
1175 1521 1227 1581 ist,
1245 1521 1296 1581 daß
1332 1521 1354 1581 in
1389 1524 1492 1584 Artur
1516 1527 1683 1587 Schnitzler
1712 1530 1781 1590 eine
1805 1531 1908 1591 unge=
1943 1530 2029 1590 Tod.
2053 1535 2214 1595 Seltsam,
2244 1537 2295 1597 daß
2330 1538 2376 1598 sich
2411 1539 2491 1599 schon
2526 1541 2555 1601 in
2590 1541 2641 1601 den
2682 1541 2785 1601 Titeln
2821 1544 2924 1604 vieler

224 1560 292 1620 Von
327 1560 446 1620 Rudolf
470 1560 595 1620 Holzer.

929 1566 1083 1626 wöhnlich
1113 1570 1278 1630 sensitive,
1296 1572 1485 1632 hellsichtige
1516 1575 1580 1635 Art
1605 1576 1658 1636 der
1682 1579 1906 1639 Empfindung

1939 1580 2045 1640 Werke
2080 1581 2124 1641 ein
2165 1585 2306 1645 gewisser
2335 1587 2583 1647 Mystizismus,
2612 1587 2679 1647 eine
2709 1592 2923 1652 Symbolisie¬

142 1619 286 1679 Monate
314 1619 368 1679 vor
390 1620 492 1680 seinem
534 1623 706 1683 siebzigsten
734 1624 898 1684 Geburts=
934 1614 1022 1674 ruhte
1057 1618 1118 1678 und
1147 1619 1194 1679 sich
1229 1619 1297 1679 auch
1333 1622 1359 1682 in
1395 1622 1497 1682 seiner
1525 1624 1648 1684 Person
1684 1627 1841 1687 kundgab.

1935 1626 2022 1686 rung
2073 1632 2288 1692 kundgaben:
2339 1635 2537 1695 „Lebendige
2587 1636 2786 1696 Stunden",
2831 1641 2919 1701 „Der

145 1667 170 1727 zt
190 1670 374 1730 gestorben.
395 1670 465 1730 War
491 1670 522 1730 er
542 1673 618 1733 denn
651 1670 785 1730 wirklich
811 1673 887 1733 schon

1941 1676 2079 1736 einsame
2108 1679 2224 1739 Weg",
2247 1682 2328 1742 „Der
2358 1682 2426 1742 Ruf
2456 1682 2507 1742 des
2543 1682 2704 1742 Lebens",
2728 1686 2815 1746 „Der
2844 1686 2913 1746 Weg

974 1691 1054 1751 Man
1088 1693 1141 1753 hat
1169 1696 1344 1756 erfahren,
1365 1696 1418 1756 daß
1453 1700 1554 1760 Artur
1581 1700 1749 1760 Schnitzler
1784 1703 1810 1763 in
1844 1703 1897 1763 den

158 1717 199 1777 er
224 1717 302 1777 denn
339 1718 525 1778 überhaupt
550 1718 634 1778 „alt"

1934 1722 1992 1782 ins
2017 1727 2151 1787 Freie",
2170 1729 2258 1789 „Das
2288 1729 2375 1789 weite
2400 1731 2529 1791 Land",
2548 1731 2671 1791 „Spiel
2695 1731 2718 1791 im
2760 1733 2918 1793 Morgen¬

931 1742 1248 1802 Vormittagstunden
1283 1744 1384 1804 seines
1413 1748 1616 1808 Todestages
1646 1751 1713 1811 noch
1742 1751 1826 1811 durch
1861 1752 1905 1812 die

139 1766 304 1826 besentlich
333 1766 373 1826 an
408 1766 512 1826 Artur
540 1769 733 1829 Schnitzler,
755 1769 802 1829 sich
831 1770 885 1830 nie

1941 1775 2105 1835 grauen",
2124 1778 2241 1838 „Spiel
2265 1778 2317 1838 der
2342 1778 2624 1838 Sommerlüfte".
2636 1779 2718 1839 Jetzt
2736 1782 2818 1842 ganz
2842 1784 2901 1844 zum

924 1787 1071 1847 Straßen
1105 1791 1206 1851 seines
1246 1793 1398 1853 geliebten
1439 1796 1591 1856 Cottages
1625 1799 1805 1859 wandelte;
1834 1799 1901 1859 noch

175 1813 414 1873 Vordergrund
446 1813 477 1873 zu
508 1818 637 1878 stellen,
662 1819 742 1879 seine
774 1816 890 1876 Person

1942 1816 2054 1876 Schluß
2080 1825 2098 1885 .
2112 1825 2161 1885 ..
2181 1825 2287 1885 „Eine
2313 1826 2425 1886 Flucht
2451 1826 2475 1886 in
2508 1828 2552 1888 die
2584 1826 2802 1886 Finsternis".

928 1836 1052 1896 einmal
1081 1837 1142 1897 und
1177 1840 1386 1900 ahnungslos
1420 1842 1498 1902 wird
1533 1843 1589 1903 sein
1630 1846 1714 1906 Auge
1748 1847 1826 1907 über
1855 1849 1900 1909 die

154 1861 254 1921 Ruhm
305 1861 360 1921 der
393 1864 636 1924 Öffentlichkeit
668 1864 875 1924 darzubieten

1978 1870 2057 1930 Man
2091 1875 2211 1935 konnte
2239 1874 2338 1934 Artur
2366 1877 2533 1937 Schnitzler
2560 1877 2613 1937 bis
2647 1878 2680 1938 in
2721 1881 2773 1941 die
2808 1883 2914 1943 letzten

930 1885 953 1945 im
1002 1886 1194 1946 herbstlichen
1231 1887 1363 1947 Prunk,
1382 1890 1568 1950 schweigend
1605 1894 1713 1954 hinter
1744 1894 1888 1954 silbrigem

134 1909 172 1969 ls
198 1909 319 1969 junger
345 1912 473 1972 Mensch
506 1912 607 1972 waren
640 1912 723 1972 seine
749 1912 883 1972 Erfolge

1933 1919 2023 1979 Tage
2052 1924 2148 1984 unter
2177 1924 2238 1984 uns
2268 1924 2454 1984 antreffen;
2478 1927 2590 1987 machte
2620 1926 2647 1986 er
2676 1925 2732 1985 den
2767 1930 2924 1990 Eindruck

928 1935 1005 1995 Flox
1038 1936 1248 1996 schwebenden
1288 1935 1420 1995 Wälder
1454 1939 1503 1999 des
1543 1942 1902 2002 Wienerwaldkammes

179 1960 358 2020 irgendwie
389 1960 478 2020 laut.
515 1960 689 2020 Schnitzler
719 1963 797 2023 lebte
828 1963 887 2023 und

1939 1969 2028 2029 eines
2059 1972 2324 2032 siebzigjährigen
2361 1972 2535 2032 Mannes?
2590 1974 2673 2034 Aber
2711 1972 2740 2032 es
2777 1974 2819 2034 ist
2850 1977 2909 2037 kein

929 1981 1118 2041 gewandert
1148 1984 1230 2044 sein.
1278 1985 1343 2045 Der
1373 1987 1521 2047 Dichter,
1563 1988 1621 2048 der
1658 1989 1710 2049 von
1752 1990 1905 2050 frühester

143 2005 231 2065 Art,
249 2006 307 2066 wie
333 2008 379 2068 die
409 2008 491 2068 alten
522 2008 645 2068 Dichter
675 2009 769 2069 dieser
794 2011 875 2071 Stad

1934 2017 2087 2077 Zweifel,
2105 2018 2163 2078 und
2194 2019 2222 2079 es
2253 2019 2323 2079 darf
2347 2019 2435 2079 heute
2459 2023 2541 2083 schon
2571 2022 2676 2082 gesagt
2695 2023 2841 2083 werden:
2860 2025 2912 2085 der

928 2028 1058 2088 Jugend
1087 2031 1120 2091 an
1160 2031 1216 2091 mit
1245 2031 1329 2091 einer
1358 2034 1414 2094 fast
1443 2037 1663 2097 körperhaften
1697 2037 1804 2097 Vision
1838 2039 1894 2099 von

134 2055 396 2115 österreichischen
441 2055 614 2115 Stammes
666 2058 767 2118 lebten
826 2060 889 2120 und

1938 2064 2061 2124 Dichter
2086 2066 2185 2126 Artur
2215 2069 2380 2129 Schnitzler
2404 2069 2468 2129 war
2492 2072 2545 2132 mit
2569 2072 2668 2132 seinem
2705 2073 2916 2133 Lebenswerk

929 2076 992 2136 Tod
1027 2078 1085 2138 und
1120 2079 1258 2139 Sterben
1294 2081 1380 2141 durch
1410 2082 1508 2142 Leben
1543 2085 1606 2145 und
1642 2085 1786 2145 Schaffen
1821 2088 1890 2148 ging

164 2103 265 2163 innen
303 2105 375 2165 nach
400 2103 526 2163 außen.
551 2103 624 2163 Wer
649 2106 732 2166 hätte
764 2109 890 2169 gewagt

1939 2112 1992 2172 vor
2023 2115 2149 2175 Jahren
2185 2117 2270 2177 schon
2307 2116 2336 2176 zu
2373 2117 2487 2177 Ende;
2511 2118 2547 2178 er
2578 2119 2644 2179 war
2675 2121 2921 2181 zeitvollendet,

922 2124 975 2184 kam
1022 2128 1092 2188 auch
1140 2130 1199 2190 von
1235 2130 1340 2190 seinem
1406 2133 1505 2193 letzten
1541 2136 1770 2196 Spaziergang
1824 2136 1900 2196 nicht

137 2152 228 2212 arzer
261 2153 315 2213 aus
353 2154 457 2214 seiner
483 2152 575 2212 tiefen
612 2154 896 2214 Verschlossenheit

1927 2160 1985 2220 als
2027 2163 2097 2223 auch
2133 2163 2180 2223 die
2210 2166 2374 2226 Menschen
2422 2166 2480 2226 und
2510 2166 2645 2226 Epoche,
2681 2167 2733 2227 der
2769 2168 2804 2228 er
2840 2172 2916 2232 ent¬

925 2175 1019 2235 allein
1055 2175 1078 2235 in
1108 2175 1166 2235 sein
1202 2181 1490 2241 Arbeitszimmer;
1515 2181 1620 2241 Artur
1644 2184 1832 2244 Schnitzler,
1851 2184 1897 2244 der

127 2199 176 2259 er
202 2201 226 2261 in
265 2202 308 2262 die
333 2202 570 2262 Öffentlichkeit
596 2202 645 2262 des
678 2205 821 2265 Alltages
853 2205 883 2265 zu

1935 2211 2097 2271 stammte,
2115 2214 2143 2274 zu
2178 2214 2265 2274 Ende
2294 2215 2450 2275 gegangen
2486 2217 2613 2277 waren.
2637 2215 2700 2275 Das
2735 2216 2810 2276 wird
2840 2217 2914 2277 einst

926 2222 1070 2282 hundert
1099 2225 1277 2285 ersonnene
1313 2227 1474 2287 Gestalten
1515 2228 1630 2288 sterben
1671 2231 1757 2291 hatte
1792 2231 1884 2291 lassen

131 2246 299 2306 hArtur
338 2249 532 2309 Schnitzler,
571 2251 626 2311 der
665 2252 789 2312 Dichter
834 2252 889 2312 des

1935 2258 2014 2318 seine
2046 2261 2157 2321 Kraft,
2176 2261 2237 2321 sein
2268 2262 2361 2322 Ruhm
2405 2263 2459 2323 und
2491 2261 2553 2321 sein
2584 2264 2806 2324 Unsterbliches
2837 2266 2917 2326 sein.

924 2270 980 2330 wie
1015 2273 1076 2333 nur
1105 2273 1138 2333 er
1167 2273 1195 2333 es
1229 2276 1421 2336 vermochte,
1450 2277 1523 2337 starb
1563 2279 1704 2339 leichter,
1727 2280 1896 2340 glücklicher

131 2295 232 2355 Pien,
263 2297 346 2357 nahm
395 2297 449 2357 das
485 2300 581 2360 Recht
612 2299 665 2359 auf
696 2300 888 2360 vornehmste

1977 2308 2084 2368 Artur
2115 2312 2283 2372 Schnitzler
2314 2314 2379 2374 war
2410 2315 2451 2375 ein
2482 2313 2704 2373 Österreicher,
2729 2315 2770 2375 ein
2801 2318 2897 2378 echter

918 2320 975 2380 als
1004 2321 1079 2381 viele
1108 2323 1207 2383 seiner
1230 2324 1397 2384 poetischen
1433 2325 1566 2385 Kinder.
1584 2326 1629 2386 Ob
1659 2326 1705 2386 sich
1734 2329 1780 2389 ihm
1821 2329 1901 2389 wohl

126 2345 333 2405 Einsamkeit
357 2348 451 2408 rings
481 2347 522 2407 um
565 2348 646 2408 seine
677 2348 795 2408 Person
831 2350 889 2410 und

1934 2360 2048 2420 guter,
2073 2360 2164 2420 tiefer
2194 2363 2402 2423 Österreicher
2432 2363 2524 2423 einer
2553 2366 2744 2426 bestimmten
2785 2366 2917 2426 Epoche,

917 2366 950 2426 in
989 2369 1044 2429 der
1078 2372 1327 2432 entscheidenden
1367 2372 1517 2432 Sekunde
1551 2375 1600 2435 der
1634 2375 1722 2435 Tod,
1751 2376 1806 2436 mit
1834 2376 1889 2436 dem

143 2393 178 2453 in
209 2394 394 2454 Anspruch.
413 2396 514 2456 Artur
539 2398 707 2458 Schnitzler
737 2397 803 2457 war
828 2398 887 2458 und

1934 2406 1998 2466 war
2029 2408 2070 2468 ein
2106 2409 2271 2469 Ausdruck
2290 2411 2378 2471 einer
2402 2413 2472 2473 Zeit
2498 2413 2556 2473 und
2586 2412 2805 2472 Gesellschaft.
2823 2414 2911 2474 Diese

918 2420 959 2480 er
989 2420 1041 2480 auf
1071 2423 1094 2483 so
1125 2423 1218 2483 gutem
1260 2423 1354 2483 Fuße
1378 2426 1542 2486 gestanden
1578 2426 1660 2486 war,
1685 2427 1743 2487 mit
1773 2427 1819 2487 dem
1867 2427 1896 2487 er

130 2443 360 2503 pundervoller
395 2443 488 2503 Ruhe
523 2445 586 2505 und
621 2446 649 2506 in
690 2446 788 2506 dieser

1933 2456 2004 2516 Zeit
2035 2455 2094 2515 und
2125 2456 2209 2516 diese
2233 2458 2438 2518 Gesellschaft
2457 2461 2522 2521 sind
2553 2460 2625 2520 aber
2656 2463 2902 2523 hinabgestiegen

919 2466 1035 2526 durchs
1072 2471 1170 2531 ganze
1201 2470 1299 2530 Leben
1337 2475 1495 2535 gegangen
1539 2475 1624 2535 war,
1662 2476 1895 2536 entschleierte?

131 2494 250 2554 sedener
283 2493 522 2553 Vornehmheit
547 2494 634 2554 einen
667 2494 794 2554 Dichter
827 2496 898 2556 dar.
923 2515 970 2575 Oh
1003 2515 1034 2575 er
1059 2517 1106 2577 sich
1131 2520 1178 2580 ihm
1219 2518 1338 2578 zeigte?

1931 2500 1959 2560 in
2000 2504 2058 2564 das
2093 2506 2203 2566 Grab;
2233 2507 2336 2567 Artur
2372 2509 2540 2569 Schnitzler
2575 2509 2633 2569 hat
2663 2509 2831 2569 körperlich
2866 2511 2906 2571 ein

127 2542 145 2602 t
165 2539 202 2599 er
234 2541 284 2601 sich
310 2540 365 2600 ins
398 2542 555 2602 Getriebe
580 2542 637 2602 der
669 2542 807 2602 Politik,
839 2542 889 2602 der

1926 2553 2123 2613 Dezennium
2175 2557 2315 2617 darüber
2350 2557 2598 2617 hinausgelebt,
2633 2557 2677 2617 als
2718 2557 2762 2617 ein
2802 2560 2914 2620 leben¬

175 2587 234 2647 des
265 2587 463 2647 Ehrgeizes,
505 2591 541 2651 ja
578 2590 655 2650 nicht
686 2593 806 2653 einmal
836 2590 872 2650 de

969 2579 1046 2639 Was
1073 2584 1137 2644 war
1158 2586 1326 2646 Schnitzler
1346 2587 1398 2647 der
1418 2589 1502 2649 Tod,
1522 2590 1573 2650 das
1600 2590 1723 2650 Leben?
1743 2591 1885 2651 Zwischen
1932 2600 2022 2660 diger
2055 2603 2159 2663 Zeuge
2192 2605 2276 2665 eines
2309 2605 2438 2665 Wiens,
2465 2605 2523 2665 das
2556 2605 2634 2665 nicht
2660 2605 2744 2665 mehr
2778 2605 2816 2665 ist
2843 2605 2907 2665 und

133 2637 258 2697 geben;
283 2637 383 2697 einige
415 2637 508 2697 Male
534 2637 596 2697 war
628 2638 659 2698 er
685 2639 740 2699 auf
760 2640 890 2700 törichte
922 2635 990 2695 Tod
1022 2632 1085 2692 und
1117 2633 1241 2693 Leben,
1267 2633 1341 2693 ohne
1373 2636 1542 2696 eigentlich
1574 2637 1661 2697 einen
1699 2640 1893 2700 Unterschied
1937 2643 1987 2703 nie
2019 2649 2106 2709 mehr
2132 2650 2269 2710 kommen
2307 2649 2400 2709 wird.
2426 2651 2520 2711 Diese
2545 2652 2745 2712 Erkenntnis
2777 2655 2851 2715 wird
2883 2657 2907 2717 so

124 2685 162 2745 F,
175 2685 232 2745 daß
258 2685 321 2745 Haß
347 2685 410 2745 und
437 2685 640 2745 Feindschaft
660 2687 711 2747 ihn
737 2688 800 2748 und
827 2687 883 2747 sein
922 2683 960 2743 zu
992 2680 1106 2740 machen
1139 2680 1279 2740 zwischen
1312 2682 1375 2742 Tod
1401 2683 1464 2743 und
1491 2685 1611 2745 Leben,
1631 2688 1745 2748 spielte
1771 2688 1816 2748 sich
1842 2690 1892 2750 des
1938 2694 2020 2754 recht
2040 2698 2269 2758 eindringlich,
2289 2700 2378 2760 wenn
2417 2700 2480 2760 man
2513 2700 2563 2760 sich
2589 2700 2754 2760 erinnert,
2774 2703 2824 2763 daß
2857 2705 2907 2765 der

925 2727 1066 2787 Dichters
1101 2730 1215 2790 reiches
1243 2732 1451 2792 Lebenswerk
1486 2733 1539 2793 ab.

120 2732 280 2792 ndeten;
299 2733 403 2793 etliche
429 2734 521 2794 Male
546 2736 756 2796 verursachten
788 2737 880 2797 Werk

1931 2747 2138 2807 zehnjährige
2162 2748 2272 2808 Knabe
2296 2748 2399 2808 Artur
2423 2748 2515 2808 dabei
2533 2748 2666 2808 gewesen
2695 2751 2752 2811 sein
2788 2752 2914 2812 konnte,

127 2781 184 2841 siche
255 2781 395 2841 Kämpfe
460 2782 491 2842 in
562 2784 619 2844 der
677 2786 881 2846 öffentlichen

1926 2793 1979 2853 als
2003 2794 2114 2854 Franz
2139 2796 2340 2856 Grillparzer
2364 2798 2423 2858 von
2453 2798 2506 2858 der
2530 2797 2749 2857 Spiegelgasse
2773 2800 2831 2860 auf
2850 2802 2902 2862 den

998 2803 1051 2863 Ein
1082 2805 1203 2865 Rätsel,
1216 2805 1287 2865 blick
1307 2805 1342 2865 ich
1367 2805 1458 2865 selber
1488 2808 1542 2868 mir
1567 2808 1615 2868 ins
1646 2811 1766 2871 Antlitz,

153 2827 230 2887 man
261 2832 399 2892 vernahm
442 2832 598 2892 niemals,
617 2832 671 2892 daß
696 2832 743 2892 der
768 2835 888 2895 Dichter

1000 2840 1054 2900 Nie
1082 2841 1187 2901 schaut'
1210 2842 1242 2902 ich
1270 2841 1347 2901 also,
1370 2843 1424 2903 doch
1458 2843 1480 2903 so
1508 2846 1612 2906 könnt'
1630 2847 1668 2907 ich
1696 2850 1828 2910 schauen.

1925 2839 2018 2899 alten
2063 2843 2257 2903 Währinger
2295 2843 2451 2903 Friedhof
2489 2843 2752 2903 hinausgeführt
2784 2849 2914 2909 wurde.

117 2877 163 2937 in
196 2877 289 2937 Werk
314 2879 455 2939 getreten
487 2879 589 2939 wäre,
605 2879 660 2939 den
692 2882 809 2942 Kampf
834 2882 880 2942 des

997 2876 1039 2936 Es
1064 2881 1111 2941 ist,
1131 2881 1174 2941 als
1199 2879 1275 2939 wär'
1300 2882 1353 2942 mir
1377 2882 1468 2942 etwas
1498 2885 1694 2945 aufbewahrt,

1926 2882 2001 2942 Das
2030 2890 2100 2950 war
2128 2891 2155 2951 im
2193 2891 2297 2951 Jahre
2325 2891 2417 2951 1872.

996 2911 1062 2971 Dus
1089 2918 1176 2978 besser
1203 2920 1264 2980 oder
1290 2921 1450 2981 schlimmer
1476 2923 1507 2983 ist
1533 2922 1574 2982 als
1600 2924 1698 2984 alles,

170 2926 263 2986 einem
325 2927 468 2987 anderen
507 2929 617 2989 Boden
667 2930 882 2990 ausgetragen

1969 2935 2071 2995 Schon
2128 2938 2176 2998 die
2225 2942 2404 3002 Herkunft,
2440 2942 2501 3002 das
2551 2945 2757 3005 Elternhaus
2807 2945 2909 3005 Artur

997 2958 1068 3018 Was
1097 2960 1202 3020 jemals
1231 2957 1264 3017 ich
1294 2959 1408 3019 gedacht
1438 2960 1494 3020 und
1524 2960 1547 3020 je
1572 2962 1677 3022 getan,

127 2976 329 3036 Schnitzler
348 2978 416 3038 war
441 2978 483 3038 ein
509 2978 631 3038 feiner,
645 2978 742 3038 stiller
761 2981 890 3041 Mensch

1924 2986 2142 3046 Schnitzlers,
2167 2989 2266 3049 waren
2308 2990 2360 3050 von
2397 2990 2662 3050 wohlgepflegter
2693 2993 2892 3053 wienerische

998 2995 1058 3055 Und
1094 2998 1154 3058 eine
1185 2996 1418 3056 lebensdurst'ge
1449 2999 1641 3059 Möglichkeit

131 3025 202 3085 tler
227 3028 315 3088 durch
340 3029 404 3089 und
429 3028 541 3088 durch,
558 3028 613 3088 mit
638 3029 710 3089 kaum
751 3030 887 3090 anderen

1915 3037 2205 3097 Bürgerlichkeit,
2228 3038 2337 3098 erfüllt
2360 3039 2417 3099 von
2454 3041 2687 3101 künstlerischen
2717 3043 2912 3103 Interessen,

992 3038 1143 3098 Verbirgt
1175 3038 1219 3098 sich
1251 3038 1345 3098 hinter
1377 3041 1653 3101 halbgeschlosfenen
1692 3044 1811 3104 Lidern.
