3248 4384
166 311 292 371 2.
342 339 918 399 Schnitzler's
985 361 1207 421 Death

1437 385 1569 445 box
1650 402 1838 462 43/8

194 1560 253 1620 der
294 1560 419 1620 Liebe,
446 1560 486 1620 da
533 1560 639 1620 stirbt
679 1560 839 1620 gelehrte
886 1560 1144 1620 Fremdworte
1192 1563 1251 1623 für
1298 1560 1490 1620 zerfaserte
1538 1563 1842 1623 Empfindungen

156 1612 303 1672 sondern
339 1609 457 1669 löffelt
481 1608 545 1668 erst
569 1605 640 1665 mit
676 1605 900 1665 wucherten,
924 1606 970 1666 die
1001 1607 1076 1667 nach
1107 1608 1207 1668 einem
1249 1607 1478 1667 Beschwörer
1503 1608 1638 1668 riefen,
1657 1608 1715 1668 der
1739 1608 1838 1668 ihnen

172 1656 347 1716 andern)
376 1656 405 1716 im
462 1650 637 1710 Chambre

682 1650 711 1710 in
742 1653 855 1713 Freud
886 1654 1042 1714 förmlich
1073 1657 1289 1717 folgerichtig
1320 1656 1477 1716 erstand.
1495 1656 1585 1716 Eine
1616 1656 1856 1716 Gesellschaft,

680 1701 776 1761 nicht
805 1702 832 1762 zu
872 1701 1024 1761 Unrecht
1053 1704 1148 1764 jener
1183 1705 1239 1765 der
1268 1704 1510 1764 französischen
1550 1701 1837 1761 Vorrevolution

142 1704 165 1764 s
196 1704 266 1764 und
302 1704 396 1764 folgt
432 1704 520 1764 dann
562 1701 621 1761 dem

142 1748 245 1808 mmer
281 1748 442 1808 (damals
479 1748 547 1808 sind
588 1748 640 1808 die

673 1747 880 1807 verwandt,
904 1751 1146 1811 degeneriert,
1165 1751 1193 1811 im
1240 1748 1436 1808 Ueberfluß
1471 1751 1505 1811 an
1546 1751 1627 1811 Zeit
1657 1750 1719 1810 und
1755 1747 1847 1807 Geld

136 1796 218 1856 inkel
243 1796 438 1856 gewesen),
457 1796 521 1856 und
551 1796 627 1856 man

684 1794 827 1854 lebend,
858 1796 912 1856 sich
954 1797 1062 1857 selbst
1099 1797 1273 1857 unsäglich
1316 1797 1544 1857 bedeutsam.
1581 1799 1700 1859 Dabei
1737 1797 1857 1857 leicht,

137 1844 219 1904 nicht
250 1844 303 1904 die
339 1844 499 1904 einzigen
565 1844 606 1904 sin

681 1843 993 1903 liebenswürdig,
1023 1844 1143 1904 geistig
1185 1844 1416 1904 interessant,
1446 1846 1538 1906 ohne
1579 1844 1851 1904 Erdenschwere

165 1889 222 1949 das
255 1889 338 1949 süße
371 1891 505 1951 Mädel
552 1891 648 1951 sein.

761 1890 931 1950 grradezu
979 1892 1173 1952 bedenklich
1221 1892 1480 1952 unbeschwert.
1510 1893 1621 1953 Nicht
1669 1892 1745 1952 was
1793 1892 1845 1952 sich

180 1936 297 1996 Durst
328 1936 403 1996 nach
463 1936 645 1996 Erleben,

686 1936 841 1996 draußen
872 1939 901 1999 in
938 1939 991 1999 der
1022 1938 1118 1998 Welt
1143 1939 1280 1999 begibt,
1299 1940 1340 2000 ist
1359 1939 1515 1999 wichtig.
1540 1939 1684 1999 Wichtig
1715 1940 1756 2000 ist
1781 1939 1846 1999 nur

181 1983 298 2043 schön.
348 1984 428 2044 Die
484 1984 639 2044 Mutter

681 1984 733 2044 die
764 1984 864 2044 Liebe
888 1987 952 2047 und
982 1985 1035 2045 die
1059 1987 1230 2047 Liebelei,
1248 1987 1301 2047 die
1325 1987 1502 2047 Komödie
1526 1987 1584 2047 der
1609 1987 1844 2047 Verführung

132 2032 173 2092 sem
216 2032 562 2092 Blumengeschäft,
581 2032 641 2092 der

685 2032 749 2092 und
791 2032 844 2092 die
880 2032 1057 2092 Komödie
1099 2032 1157 2092 der
1194 2032 1341 2092 Worte,
1371 2035 1424 2095 die
1460 2035 1755 2095 Zwischenspiele
1791 2035 1849 2095 des

130 2080 159 2140 te
190 2080 414 2140 Schwester,
439 2080 492 2140 der
524 2078 650 2138 Fratz,

685 2078 840 2138 Herzens
870 2080 932 2140 und
968 2080 1106 2140 daraus
1136 2080 1193 2140 der
1217 2082 1303 2142 Weg
1333 2083 1390 2143 ins
1419 2083 1546 2143 Freie,
1564 2083 1662 2143 wohl
1686 2083 1760 2143 auch
1795 2081 1847 2141 der

133 2125 215 2185 linem
270 2126 500 2186 Schulbuben
542 2125 630 2185 schon

682 2127 837 2187 einsame
862 2128 970 2188 Weg.
989 2128 1084 2188 Man
1116 2130 1235 2190 horcht
1260 2130 1290 2190 zu
1326 2129 1398 2189 viel
1423 2128 1453 2188 in
1483 2129 1537 2189 sich
1568 2131 1712 2191 hinein,
1731 2131 1760 2191 in

126 2173 236 2233 Seel',
257 2175 296 2235 sie
323 2175 368 2235 ist
389 2175 460 2235 nur
488 2174 559 2234 mit
580 2172 638 2232 ins

680 2172 754 2232 und
787 2172 846 2232 den
884 2174 1046 2234 andern,
1074 2175 1132 2235 daß
1177 2176 1252 2236 man
1290 2176 1446 2236 darüber
1479 2175 1533 2235 die
1571 2176 1749 2236 Stimmen
1793 2175 1846 2235 der

136 2220 207 2280 atte
238 2220 309 2280 (der
340 2220 495 2280 andern)
520 2219 616 2279 ihrem

682 2219 777 2279 Welt
808 2222 999 2282 überhört,
1024 2223 1126 2283 deren
1163 2225 1367 2285 Aufheulen
1403 2223 1493 2283 dann
1536 2225 1686 2285 plötzlich
1717 2226 1770 2286 all
1795 2224 1848 2284 die

132 2269 195 2329 lich
232 2271 367 2331 schaut.
390 2271 453 2331 ...
476 2268 525 2328 Er
555 2268 639 2328 darf

688 2268 823 2328 feinen,
847 2271 1112 2331 überzüchteten
1154 2272 1260 2332 Leute
1290 2274 1342 2334 jäh
1379 2274 1614 2334 verstummen
1656 2274 1749 2334 läßt.

772 2320 819 2380 Es
849 2324 890 2384 ist
914 2325 944 2385 so
974 2325 1222 2385 bezeichnend,
1247 2328 1305 2388 daß
1348 2325 1418 2385 man
1454 2325 1655 2385 Schnitzler
1680 2326 1774 2386 schon
1811 2325 1834 2385 im

126 2361 309 2421 algestalt
340 2361 386 2421 ist
417 2361 638 2421 Schnitzlers

679 2369 874 2429 Zeitkostüm
922 2369 980 2429 der
1011 2371 1294 2431 Vorkriegstage
1324 2372 1448 2432 spielt.
1466 2372 1584 2432 Seine
1614 2372 1738 2432 Stücke
1768 2371 1850 2431 sind,

178 2408 299 2468 weder
334 2408 514 2468 äußerlich
556 2408 636 2468 noch

679 2416 777 2476 gleich
817 2416 932 2476 seinen
977 2417 1159 2477 unendlich
1199 2417 1392 2477 reizvollen
1437 2417 1635 2477 Novellen,
1664 2418 1691 2478 in
1735 2416 1840 2476 denen

135 2453 239 2513 elnde
260 2454 437 2514 Wehmut
457 2456 509 2516 des
536 2456 640 2516 glück¬

680 2462 708 2522 es
737 2462 816 2522 auch
845 2464 883 2524 um
935 2465 1172 2525 bittersüßes,
1195 2464 1449 2524 melancholisch
1484 2465 1687 2525 verspieltes
1721 2463 1840 2523 Lieben

127 2501 163 2561 de
201 2501 373 2561 Melodie
411 2501 472 2561 der
510 2501 645 2561 Stadt,

679 2508 746 2568 und
780 2509 932 2569 Sterben
967 2512 1068 2572 geht,
1085 2512 1147 2572 zum
1187 2510 1463 2570 Kulturspiegel
1487 2510 1582 2570 ihrer
1628 2512 1762 2572 Epoche
1791 2508 1847 2568 ge¬

148 2548 245 2608 war,
258 2549 327 2609 und
356 2549 460 2609 dieses
490 2548 634 2608 Singen

679 2553 814 2613 worden
854 2555 927 2615 und
961 2557 1056 2617 also,
1074 2555 1164 2615 über
1193 2555 1424 2615 dichterischen
1464 2557 1570 2617 Wert
1599 2558 1666 2618 und
1701 2557 1847 2617 Zauber

123 2596 179 2656 das
217 2596 267 2656 sich
306 2595 400 2655 ohne
432 2593 645 2653 Bedenken,

680 2602 834 2662 hinaus,
851 2602 911 2662 zum
961 2602 1209 2662 Kulturwert.
1226 2602 1424 2662 Schnitzler
1453 2602 1491 2662 ist
1513 2603 1606 2663 nicht
1629 2602 1855 2662 unmodern,

122 2641 139 2701 er
174 2641 278 2701 Liebe
320 2641 418 2701 gibt,
442 2643 540 2703 wenn
588 2641 639 2701 die

675 2644 712 2704 er
741 2645 779 2705 ist
807 2646 872 2706 nur
901 2649 1183 2709 zeitgebunden,
1206 2650 1277 2710 was
1310 2650 1421 2710 etwas
1449 2651 1542 2711 ganz
1570 2650 1697 2710 andres
1731 2650 1786 2710 ist.

114 2689 223 2749 sotut,
246 2689 470 2749 manchmal,
494 2688 556 2748 wie
586 2686 643 2746 bei

768 2698 851 2758 Sein
894 2701 1001 2761 Leben
1038 2700 1145 2760 selbst
1170 2700 1241 2760 war
1284 2700 1313 2760 in
1362 2701 1415 2761 die
1446 2704 1680 2764 bewegenden
1717 2703 1842 2763 Kräfte

122 2740 133 2800 a
164 2737 260 2797 nicht
285 2737 387 2797 mehr
412 2736 508 2796 leben
545 2736 623 2796 mag

676 2749 771 2809 jener
808 2749 885 2809 Zeit
916 2752 1073 2812 gestellt,
1098 2752 1151 2812 die
1182 2752 1211 2812 in
1248 2752 1314 2812 sein
1350 2752 1525 2812 Schicksal
1556 2755 1742 2815 eingriffen
1785 2752 1844 2812 wie

140 2785 213 2845 aus
244 2787 306 2847 der
337 2786 516 2846 Vorstadt
548 2786 646 2846 wohl

681 2794 709 2854 in
744 2797 807 2857 das
865 2798 980 2858 seiner
1009 2797 1222 2857 Geschöpfe.
1263 2797 1338 2857 Die
1379 2799 1499 2859 eigene
1546 2802 1689 2862 Tochter
1748 2800 1851 2860 liebt,

151 2835 211 2895 den
251 2835 455 2895 mondänen
495 2835 611 2895 und¬

678 2841 832 2901 heiratet
855 2842 920 2902 und
949 2841 1031 2901 geht
1054 2841 1152 2901 dahin
1186 2844 1246 2904 wie
1270 2841 1363 2901 eines
1391 2843 1446 2903 der
1469 2844 1645 2904 aparten,
1684 2844 1761 2904 leise
1783 2843 1849 2903 an¬

157 2883 216 2943 die
253 2883 350 2943 durch
394 2883 483 2943 seine
521 2880 641 2940 Werke

679 2887 915 2947 gekränkelten
956 2889 1400 2949 Schnitzler=Figürchen,
1429 2892 1481 2952 die
1517 2892 1574 2952 ihr
1609 2892 1718 2952 Leben
1759 2892 1850 2952 nicht

123 2929 195 2989 ticht
226 2928 280 2988 den
323 2931 420 2991 Mut
445 2929 506 2989 zur
542 2925 645 2985 Liebe

678 2936 706 2996 zu
752 2934 853 2994 Ende
887 2937 921 2997 zu
967 2937 1062 2997 leben
1108 2937 1323 2997 vermögen.
1352 2940 1430 3000 Und
1470 2940 1504 3000 er
1538 2938 1646 2998 selbst
1680 2937 1753 2997 war
1793 2940 1838 3000 ein

179 2976 317 3036 Coras,
354 2976 413 3036 den
462 2976 643 3036 Emilien,

675 2981 911 3041 vornehmer,
963 2982 1166 3042 geistvoller
1200 2984 1515 3044 Schnitzler=Herr
1572 2985 1843 3045 intellektueller

118 3024 267 3084 goistisch
298 3024 418 3084 waren
455 3024 520 3084 und
557 3024 623 3084 feig

672 3028 813 3088 Kreise,
855 3029 920 3089 der
950 3031 985 3091 so
1021 3030 1097 3090 sehr
1127 3027 1281 3087 begriff,
1329 3031 1364 3091 so
1400 3029 1464 3089 tief
1494 3032 1523 3092 in
1565 3032 1618 3092 die
1654 3032 1836 3092 Menschen

112 3074 141 3134 en
183 3071 265 3131 Luft
290 3071 383 3131 ihrer
413 3071 631 3131 vornehmen

675 3074 830 3134 schaute,
854 3074 911 3134 daß
946 3074 1003 3134 oft
1027 3075 1090 3135 wie
1125 3076 1309 3136 Schwäche
1338 3074 1459 3134 wirken
1500 3077 1649 3137 mochte,
1667 3077 1741 3137 was
1777 3077 1839 3137 nur

118 3117 219 3177 und
248 3119 396 3179 schwere
425 3116 617 3176 Portieren

673 3120 921 3180 verstehendes
979 3122 1112 3182 Wissen
1177 3122 1274 3182 war.
1321 3121 1390 3181 Ein
1437 3125 1511 3185 echt
1558 3125 1841 3185 österreichisches

114 3164 275 3224 gestimmt
293 3167 437 3227 waren.
455 3167 541 3227 Man
571 3166 634 3226 gab

675 3167 816 3227 Antlitz
840 3169 904 3229 und
940 3167 987 3227 ein
1023 3168 1310 3228 österreichisches
1340 3170 1534 3230 Schicksal:
1558 3170 1769 3230 Begnadet,
1788 3171 1840 3231 ge¬

123 3213 194 3273 man
225 3215 297 3275 war
322 3215 503 3275 geistvoll,
516 3215 642 3275 subtil,

680 3213 781 3273 lieht,
800 3215 925 3275 erhöht
950 3215 1016 3275 und
1046 3216 1274 3276 heimgesucht
1299 3213 1310 3273 —
1365 3217 1407 3277 ein
1443 3216 1834 3276 Schnitzler=Schicksal

140 3261 217 3321 man
254 3262 484 3322 diskutierte,
509 3263 617 3323 analy

769 3268 840 3328 Die
871 3271 1135 3331 Verfügungen
1178 3271 1267 3331 über
1304 3268 1412 3328 seinen
1460 3271 1575 3331 letzten
1617 3273 1725 3333 Weg,
1756 3273 1839 3333 seine

151 3310 407 3370 Elementares
453 3312 491 3372 zu
542 3310 613 3370 Sen

671 3316 818 3376 „Flucht
843 3315 867 3375 in
898 3316 947 3376 die
972 3315 1199 3375 Finsternis"
1224 3316 1328 3376 haben
1359 3316 1549 3376 bewiesen,
1562 3316 1702 3376 wieviel
1721 3318 1844 3378 Sehn¬

114 3359 269 3419 elungen
323 3358 382 3418 der
425 3357 645 3417 Urgefühle,

679 3364 767 3424 sucht
797 3364 873 3424 nach
910 3364 1157 3424 Einfachheit,
1175 3364 1322 3424 wieviel
1347 3364 1482 3424 Abkehr
1519 3364 1577 3424 von
1619 3367 1677 3427 der
1708 3367 1842 3427 Phrase

111 3409 220 3469 war
244 3409 318 3469 jene
336 3406 635 3466 überkultivierte
676 3411 750 3471 und
785 3409 842 3469 dem
895 3412 1015 3472 Dekor
1044 3412 1101 3472 des
1142 3411 1274 3471 Lebens
1344 3413 1372 3473 in
1413 3412 1470 3472 ihm
1523 3414 1597 3474 war
1632 3415 1724 3475 trotz
1753 3415 1839 3475 aller

115 3457 318 3517 Gefühlen,
344 3460 369 3520 in
409 3460 466 3520 der
498 3458 644 3518 taufend
671 3460 868 3520 psychischen
908 3463 1118 3523 Hochzucht.
1138 3463 1208 3523 Und
1240 3463 1285 3523 ein
1318 3463 1406 3523 Kind
1439 3463 1540 3523 dieser
1567 3465 1835 3525 Schlichtheits¬

1925 1561 2084 1621 träume,
2107 1566 2212 1626 dieses
2246 1572 2456 1632 Wunsches,
2500 1577 2749 1637 Urwüchsigem
2799 1584 3103 1644 näherzurücken,

1916 1605 1987 1665 war
2020 1607 2080 1667 das
2120 1612 2197 1672 süße
2231 1615 2379 1675 Mädel,
2403 1617 2463 1677 das
2497 1620 2601 1680 nichts
2635 1623 2762 1683 kannte
2795 1625 2844 1685 als
2879 1625 2933 1685 die
2962 1628 3099 1688 Gesetz¬

1918 1656 2118 1716 mäßigkeit
2148 1661 2259 1721 seines
2295 1665 2430 1725 Blutes
2489 1671 2559 1731 und
2601 1671 2712 1731 seines
2748 1677 3095 1737 unkomplizierten,

1920 1702 2167 1762 geradlinigen
2208 1711 2433 1771 Weibtums.
2462 1715 2625 1775 „Freilich
2659 1718 2726 1778 bist
2755 1718 2788 1778 du
2829 1722 2969 1782 dumm,
3015 1724 3093 1784 sagt

1920 1748 1948 1808 im
2007 1753 2191 1813 „Reigen“
2226 1755 2283 1815 der
2324 1757 2469 1817 Dichter
2504 1762 2567 1822 zum
2619 1764 2717 1824 süßen
2764 1766 2920 1826 Mädel.
2972 1772 3093 1832 „Aber

1920 1793 2043 1853 gerade
2079 1797 2190 1857 darum
2239 1802 2326 1862 hab'
2350 1804 2391 1864 ich
2427 1805 2491 1865 dich
2528 1807 2615 1867 lieb.
2639 1810 2727 1870 Ach,
2751 1812 2816 1872 das
2852 1814 2886 1874 ist
2917 1817 2945 1877 so
2981 1817 3098 1877 schön,

1916 1839 2013 1899 wenn
2049 1842 2100 1902 ihr
2130 1844 2233 1904 dumm
2280 1849 2365 1909 seid.
2383 1853 2446 1913 Ich
2482 1853 2590 1913 mein'
2614 1855 2642 1915 in
2678 1856 2729 1916 der
2759 1859 2833 1919 Art
2857 1860 2919 1920 wie
2949 1864 3093 1924 du“...

1915 1886 1989 1946 Und
2024 1891 2146 1951 später
2198 1893 2284 1953 noch
2338 1898 2505 1958 einmal:
2558 1903 2766 1963 „Göttlich,
2812 1906 2898 1966 diese
2934 1910 3095 1970 Dumm¬

1910 1932 2083 1992 heit!...
2102 1936 2185 1996 Ach,
2204 1937 2299 1997 wenn
2336 1942 2371 2002 du
2408 1944 2563 2004 ahntest,
2582 1945 2654 2005 was
2684 1949 2720 2009 du
2750 1951 2810 2011 für
2834 1951 2912 2011 mich
2943 1955 3092 2015 bist...,

1917 1981 1947 2041 du
1984 1982 2051 2042 bist
2070 1985 2192 2045 schön,
2212 1986 2242 2046 du
2280 1990 2347 2050 bist
2372 1991 2421 2051 die
2446 1995 2661 2055 Schönheit,
2680 1996 2716 2056 du
2754 2000 2815 2060 bist
2841 2002 3012 2062 vielleicht
3037 2005 3092 2065 so¬

1912 2027 1976 2087 gar
2000 2027 2047 2087 die
2071 2032 2211 2092 Natur,
2230 2034 2264 2094 du
2295 2037 2359 2097 bist
2384 2039 2430 2099 die
2454 2041 2577 2101 heilige
2607 2045 2848 2105 Einfalt...,
2861 2050 2895 2110 du
2925 2051 2989 2111 bist
3008 2053 3089 2113 das,

1911 2071 1985 2131 was
2015 2074 2060 2134 ich
2095 2076 2158 2136 seit
2182 2082 2308 2142 langem
2355 2086 2493 2146 gesucht
2522 2087 2625 2147 habe.
2643 2091 2700 2151 Du
2736 2093 2839 2153 liebst
2863 2093 2931 2153 nur
2961 2097 3087 2157 mich,

1910 2118 1945 2178 du
1988 2122 2144 2182 würdest
2175 2127 2253 2187 mich
2290 2132 2367 2192 auch
2405 2134 2543 2194 lieben,
2567 2137 2664 2197 wenn
2707 2142 2748 2202 ich
2785 2143 3086 2203 Schnittwaren¬

1903 2166 2050 2226 kommis
2078 2171 2198 2231 wäre.
2215 2175 2292 2235 Das
2325 2177 2385 2237 tut
2408 2178 2522 2238 wohl.

1999 2211 2047 2271 Es
2072 2216 2133 2276 ist,
2146 2217 2201 2277 als
2226 2217 2318 2277 hätte
2349 2222 2398 2282 sich
2429 2223 2490 2283 das
2515 2226 2681 2286 Schaffen
2712 2231 2927 2291 Schnitzlers
2959 2235 3081 2295 immer

1908 2256 2033 2316 wieder
2064 2262 2129 2322 zur
2160 2267 2478 2327 Naturhaftigkeit
2509 2271 2562 2331 des
2593 2274 2695 2334 süßen
2732 2277 2887 2337 Mädels
2918 2282 3086 2342 gerettet,

1903 2301 1959 2361 als
1993 2304 2089 2364 hätte
2118 2309 2151 2369 er
2186 2312 2265 2372 nach
2299 2313 2349 2373 all
2378 2314 2435 2374 den
2475 2320 2752 2380 verhangenen,
2798 2328 3058 2388 verschleierten

1906 2351 2131 2411 irisierenden
2166 2358 2298 2418 Blicken
2345 2364 2454 2424 seiner
2483 2368 2743 2428 Salondamen
2801 2372 2899 2432 ihres
2957 2375 3066 2435 lieben

1907 2394 2066 2454 G'schaus
2097 2402 2262 2462 bedurft.
2304 2405 2434 2465 Gewiß
2470 2411 2564 2471 hätte
2589 2413 2624 2473 er
2654 2415 2766 2475 damit
2790 2417 2850 2477 nie
2880 2420 2944 2480 sein
2974 2422 3080 2482 Aus¬

1900 2444 2026 2504 langen
2061 2448 2262 2508 gefunden,
2280 2452 2348 2512 ihre
2372 2458 2608 2518 Quellfrische
2632 2461 2706 2521 war
2730 2463 2787 2523 der
2816 2467 3075 2527 Kontrapunkt

1899 2494 1960 2554 zur
1995 2496 2270 2556 degenerativen
2311 2500 2451 2560 Kultur
2508 2507 2620 2567 seiner
2649 2510 2812 2570 Epoche,
2858 2513 2919 2573 bei
2970 2516 3071 2576 ihrer

1903 2539 2109 2599 „göttlichen
2151 2546 2393 2606 Dummheit“
2430 2551 2535 2611 ruhte
2571 2552 2665 2612 seine
2701 2557 2961 2617 Bildnerhand
3003 2560 3067 2620 von

1903 2585 1956 2645 dem
2003 2586 2056 2646 oft
2086 2591 2322 2651 strapaziösen
2358 2593 2458 2653 Geist
2488 2597 2546 2657 der
2577 2599 2771 2659 Boudoirs
2807 2604 2877 2664 und
2907 2606 3072 2666 Winter¬

1893 2630 2036 2690 gärten.
2061 2638 2109 2698 In
2151 2640 2205 2700 der
2236 2641 2368 2701 großen
2405 2643 2524 2703 Welt,
2549 2647 2645 2707 siehst
2670 2649 2735 2709 du,
2755 2652 2790 2712 da
2827 2654 2965 2714 werden
3002 2656 3067 2716 wir

1890 2681 2123 2741 verstanden,
2143 2689 2221 2749 sagt
2255 2689 2397 2749 Anatol
2424 2695 2606 2755 irgendwo
2646 2699 2802 2759 einmal,
2829 2704 2906 2764 aber
2939 2705 2971 2765 in
3004 2706 3062 2766 der

1887 2729 2011 2789 kleinen
2047 2733 2164 2793 Welt,
2183 2736 2224 2796 da
2254 2740 2389 2800 werden
2425 2741 2490 2801 wir
2514 2743 2661 2803 geliebt.

1985 2779 2075 2839 „Wo
2109 2781 2245 2841 lernten
2285 2786 2356 2846 Sie
2389 2788 2427 2848 sie
2461 2789 2649 2849 kennen?"
2689 2793 2786 2853 fragt
2819 2796 2870 2856 die
2897 2799 3066 2859 elegante

1894 2822 2070 2882 Gabriele
2095 2826 2153 2886 den
2183 2829 2347 2889 Anatol.
2389 2835 2524 2895 „Gott,
2543 2838 2601 2898 wie
2631 2838 2707 2898 man
2743 2844 2884 2904 jemand
2914 2844 3060 2904 kennen¬

1887 2869 2086 2929 lernt!...
2106 2875 2186 2935 Auf
2212 2877 2268 2937 der
2300 2881 2530 2941 Straße...,
2550 2884 2624 2944 beim
2669 2890 2862 2950 Tanz...,
2881 2892 2906 2952 in
2944 2892 3037 2952 einem

1894 2918 2171 2978 Omnibus...,
2184 2925 2288 2985 unter
2317 2925 2409 2985 einem
2450 2931 2722 2991 Regenschirm.
2788 2934 2885 2994 Alles
2915 2937 2955 2997 an
2990 2939 3042 2999 dem

1889 2962 1992 3022 süßen
2027 2968 2164 3028 Mädel
2192 2973 2232 3033 ist
2261 2975 2563 3035 unkompliziert:
2612 2981 2915 3041 Bekanntschaft,
2936 2987 3045 3047 Wesen

1889 3009 1957 3069 und
1992 3012 2112 3072 Liebe.

1978 3057 2135 3117 Welches
2176 3063 2285 3123 seiner
2318 3067 2507 3127 Geschöpfe
2540 3071 2602 3131 dem
2650 3074 2792 3134 Dichter
2824 3078 3061 3138 näherstand,

1886 3104 1939 3164 die
1963 3105 2128 3165 fesselnde
2158 3110 2282 3170 Dame
2312 3113 2370 3173 der
2401 3116 2631 3176 Gesellschaft
2662 3119 2744 3179 oder
2774 3123 2832 3183 das
2869 3125 3063 3185 Vorstadt¬

1883 3149 2033 3209 mädel?
2088 3157 2263 3217 Orchidee
2294 3159 2377 3219 oder
2408 3164 2704 3224 Maßliebchen?
2759 3166 2832 3226 Er,
2857 3170 2916 3230 der
2947 3173 3049 3233 gleich

1888 3188 1988 3248 Ibsen
2030 3199 2082 3259 die
2119 3205 2248 3265 große,
2296 3207 2543 3267 verwirrende
2573 3211 2685 3271 Lehre
2721 3214 2774 3274 der
2810 3218 3051 3278 Ambivalenz

1880 3242 2045 3302 kündete,
2070 3248 2149 3308 nach
2186 3249 2247 3309 der
2278 3252 2308 3312 in
2346 3253 2443 3313 einer
2475 3258 2725 3318 Empfindung
2763 3265 3038 3325 gleichermaßen

1883 3288 1963 3348 auch
1992 3291 2043 3351 ihr
2079 3293 2275 3353 Gegensatz
2298 3298 2402 3358 wahr
2431 3303 2488 3363 ist,
2506 3304 2540 3364 er
2569 3304 2626 3364 hat
2656 3307 2829 3367 Gabriele
2858 3313 2956 3373 und
2991 3313 3048 3373 das

1880 3336 1963 3396 süße
1988 3339 2120 3399 Mädel
2150 3343 2300 3403 geliebt,
2319 3346 2409 3406 beide
2439 3349 2589 3409 gekannt
2614 3351 2679 3411 und
2716 3353 2812 3413 beide
2837 3361 3047 3421 unsterblich

1879 3383 2056 3443 gemacht,
2074 3385 2121 3445 die
2145 3390 2263 3450 Dame
2287 3391 2316 3451 im
2357 3395 2522 3455 schwülen
2553 3397 2647 3457 Duft
2671 3400 2877 3460 dekadenten
2914 3406 3048 3466 Geistes

1881 3430 1945 3490 und
1981 3430 2046 3490 das
2076 3435 2294 3495 Grisettchen
2330 3440 2453 3500 Wiens
2513 3442 2542 3502 in
2595 3448 2707 3508 seiner
2761 3454 3038 3514 bezwingenden

1877 3479 2223 3539 Warmherzigkeit,
2244 3487 2302 3547 das
2335 3489 2413 3549 süße
2440 3489 2590 3549 Mädel.

2549 3554 2747 3614 Helene
2777 3564 3002 3624 Tuschal.
