3392 4352
217 285 261 345 2

381 285 967 345 Schnitzler's
1028 285 1260 345 Death

333 807 1054 867 OBSERVER

424 873 447 933 I.
462 873 584 933 österr.
594 873 745 933 behördl.
760 873 1062 933 konzessioniertes

378 915 615 975 Unternehmen
644 915 690 975 für
715 916 1108 976 Zeitungs-Ausschnitte

432 974 580 1034 WIEN,
608 977 656 1037 I.,
677 977 961 1037 WOLLZEILE
1010 974 1049 1034 11

530 1025 743 1085 TELEPHON
775 1025 950 1085 R-23-0-43

331 1168 547 1228 Ausschnitt
574 1169 660 1229 aus:

1078 1377 1227 1437 -...

339 1452 572 1512 AUSSCHMITT
594 1452 674 1512 VOM.

775 1483 852 1543 22.
879 1475 983 1535 OKT.
1001 1467 1113 1527 1931

409 1637 476 1697 Die
512 1634 606 1694 Welt
633 1637 676 1697 am
729 1639 875 1699 Abend,
902 1635 1022 1695 Berlin
1067 1633 1110 1693 SU
1145 1631 1187 1691 49

357 1804 675 1864 Arthur
722 1815 1164 1875 Schnitzler

555 1917 988 1977 gesforben

389 2925 452 2985 Der
481 2929 608 2989 Dichter
643 2931 689 2991 des
719 2934 897 2994 „Anatol,"
922 2938 973 2998 der
1003 2939 1181 2999 „Liebelei,

326 2969 381 3029 des
409 2973 569 3033 „Reigen"
598 2975 636 3035 ist
653 2975 769 3035 gestern
797 2977 935 3037 plötzlich
964 2980 1052 3040 einem
1091 2983 1196 3043 Herz¬

329 3013 420 3073 schlag
449 3016 593 3076 erlegen.
623 3016 700 3076 Schn
729 3021 801 3081 tzler
826 3022 912 3082 wäre
941 3023 965 3083 im
1004 3027 1191 3087 November

324 3055 352 3115 70
387 3058 497 3118 Jahre
527 3061 574 3121 alt
604 3062 773 3122 geworden
826 3063 874 3123 Er
903 3067 1005 3127 lebte,
1029 3070 1202 3130 arbeitete,

327 3100 403 3160 starb
442 3102 471 3162 in
515 3102 630 3162 Wien,
655 3105 721 3165 mit
750 3106 846 3166 dessen
895 3112 1000 3172 Wesen
1044 3114 1078 3174 er
1117 3115 1188 3175 aufs

324 3144 424 3204 enzste
468 3147 650 3207 verbunden
699 3149 785 3209 war.
823 3150 871 3210 Er
910 3152 968 3212 hat
1002 3155 1030 3215 in
1078 3156 1183 3216 seinen

325 3187 489 3247 Dramen,
518 3189 672 3249 Novellen
720 3192 781 3252 und
824 3195 993 3255 Romanen
1040 3198 1087 3258 die
1125 3198 1195 3258 Ge¬

320 3231 440 3291 schichte
474 3234 526 3294 der
561 3235 699 3295 müden,
729 3240 949 3300 vergehenden
989 3242 1195 3302 Vorkriegs¬

325 3276 526 3336 bourgeoisie
551 3279 772 3339 geschrieben;
796 3282 844 3342 ein
878 3284 969 3344 tiefer
1003 3285 1195 3345 Melancho¬

324 3318 418 3378 liker,
438 3321 488 3381 der
513 3321 557 3381 sich
588 3321 682 3381 passiv
713 3323 851 3383 wehrte,
872 3325 916 3385 ein
946 3327 1105 3387 Zweifler
1131 3329 1189 3389 und

324 3356 415 3416 leiser
444 3362 627 3422 Ironiker.
661 3364 772 3424 Alles,
797 3365 864 3425 was
898 3367 936 3427 er
966 3371 1095 3431 schrieb,
1120 3371 1187 3431 war

319 3401 371 3461 von
416 3401 469 3461 dem
518 3407 606 3467 steten
646 3407 819 3467 Gedanken
860 3410 894 3470 an
935 3410 1076 3470 Sterben
1121 3413 1182 3473 und

320 3446 487 3506 Vergehen
520 3449 698 3509 beschattet.
722 3451 768 3511 Im
810 3452 950 3512 Grunde
974 3455 1025 3515 hat
1049 3457 1188 3517 Schnitz¬

319 3490 364 3550 ler
397 3490 469 3550 eine
501 3494 742 3554 untergehende
775 3494 893 3554 Klasse,
921 3497 1007 3557 deren
1048 3500 1189 3560 Nieder¬

321 3532 421 3592 gang,
444 3532 503 3592 wie
535 3533 567 3593 er
599 3535 727 3595 wußte,
750 3537 832 3597 nicht
860 3541 1069 3601 aufzuhalten
1111 3543 1192 3603 war,

324 3575 478 3635 verklärt.
517 3574 589 3634 Der
623 3580 835 3640 Ungläubige
869 3582 980 3642 wurde
1014 3585 1076 3645 auf
1106 3586 1187 3646 diese

323 3615 422 3675 Weise
452 3620 511 3680 zum
556 3622 788 3682 Romantiker.

373 3670 493 3730 Vielen
532 3673 589 3733 hat
624 3675 657 3735 er
691 3674 797 3734 etwas
836 3679 995 3739 gegeben;
1029 3680 1111 3740 denn
1150 3682 1183 3742 er

316 3715 407 3775 besaß
446 3715 494 3775 ein
533 3715 619 3775 ganz
649 3718 845 3778 besonderes
884 3723 1005 3783 starkes
1044 3724 1188 3784 Lebens¬

321 3756 444 3816 gefühl.
479 3756 647 3816 Vielleicht
687 3760 726 3820 ist
761 3762 795 3822 er
840 3762 894 3822 der
934 3765 1022 3825 letzte
1053 3768 1185 3828 private

313 3798 443 3858 Dichter
490 3803 652 3863 gewesen;
690 3804 755 3864 und
797 3809 1048 3869 wahrscheinlich
1095 3813 1174 3873 wird

324 3841 392 3901 man
430 3843 514 3903 mahi
547 3843 578 3903 an
605 3846 658 3906 die
680 3851 929 3911 Veriinligiell
951 3852 1067 3912 deulen
1100 3856 1115 3916 a

314 3885 354 3945 an
390 3887 451 3947 sein
483 3888 599 3948 Werk.

1490 282 1614 342 box
1685 285 1872 345 42/7

1765 1253 2476 1313 OBSERVER

1848 1309 1874 1369 I.
1888 1309 2008 1369 österr.
2017 1309 2168 1369 behördl.
2182 1309 2479 1369 konzessioniertes

1802 1350 2038 1410 Unternehmen
2065 1350 2115 1410 für
2138 1350 2523 1410 Zeitungs-Ausschnitte

1859 1408 2005 1468 WIEN,
2026 1412 2079 1472 I.,
2107 1413 2387 1473 WOLLZEILE
2435 1409 2474 1469 11

1952 1462 2170 1522 TELEPHON
2202 1461 2378 1521 R-23-0-43

1760 1604 1975 1664 Ausschnitt
2002 1604 2088 1664 aus:

1688 1870 1854 1930 ISSCHNITT
1871 1862 1958 1922 VOM.
2062 1863 2157 1923 22.
2182 1861 2277 1921 0Kl.
2301 1857 2404 1917 1931

1722 2052 1835 2112 Mleler
1872 2042 2012 2102 Zeitung
2058 2037 2119 2097 und
2155 2027 2446 2087 Handelsblatt,
2465 2016 2543 2076 Kiel

1943 2133 2106 2193 Arthur
2132 2130 2345 2190 Schnitzler

1759 2198 1879 2258 Arthur
1909 2195 2065 2255 Schnitzler
2089 2195 2129 2255 ist
2148 2194 2181 2254 am
2228 2192 2379 2252 Mittwoch
2408 2192 2442 2252 um
2484 2192 2541 2252 7,15
2571 2189 2628 2249 Uhr

1709 2246 1816 2306 abends
1845 2244 1873 2304 in
1906 2241 1985 2301 Wien
2019 2243 2103 2303 ginem
2151 2243 2366 2303 Schlaganfall
2390 2240 2521 2300 erlegen.

1766 2291 1876 2351 Arthur
1906 2289 2064 2349 Schißler
2088 2288 2193 2348 wurde
2218 2288 2246 2348 am
2285 2288 2333 2348 15.
2353 2288 2381 2348 5.
2396 2288 2462 2348 1862
2492 2285 2511 2345 in
2540 2285 2621 2345 Wien

1704 2334 1823 2394 gevoren
1859 2330 1903 2390 als
1930 2330 2094 2390 Sohu)des
2126 2327 2289 2387 bekannten
2321 2326 2490 2386 Professors
2517 2325 2552 2385 an
2579 2321 2627 2381 der

1708 2370 1827 2430 Wiener
1854 2368 2054 2428 Universitat,
2076 2365 2137 2425 Dr.
2156 2364 2284 2424 Johann
2315 2362 2493 2422 Schnitzler.
2533 2359 2625 2419 Durch

1708 2410 1751 2470 die
1777 2407 1845 2467 enge
1871 2407 2016 2467 Fühlung
2047 2404 2102 2464 mit
2124 2404 2175 2464 den
2205 2404 2325 2464 Größen
2355 2403 2406 2463 der
2428 2401 2513 2461 ersten
2548 2397 2633 2457 deut¬

1704 2448 1779 2508 schen
1806 2446 1934 2506 Bühne,
1948 2443 1996 2503 des
2023 2443 2266 2503 Burg)beaters,
2288 2441 2332 2501 die
2355 2440 2376 2500 in
2408 2440 2500 2500 seines
2523 2437 2628 2497 Vaters

1708 2488 1802 2548 Hause
1833 2482 2017 2542 verkehrten,
2035 2482 2142 2542 wurde
2168 2481 2193 2541 er
2220 2479 2297 2539 schon
2332 2479 2352 2539 in
2388 2479 2477 2539 seiner
2508 2477 2628 2537 Jugend

1708 2525 1761 2585 auf
1784 2521 1836 2581 das
1868 2521 2062 2581 künstlerische
2094 2519 2204 2579 Geviet
2227 2518 2412 2578 hingelenkt.

1765 2569 1832 2629 Zein
1868 2568 1953 2628 erster
1989 2566 2274 2626 schriftstellerischer
2320 2565 2427 2625 Erfolg
2472 2565 2538 2625 war
2575 2562 2632 2622 das

1708 2610 1789 2670 Werk
1815 2607 1986 2667 „Anatol",
2008 2607 2072 2667 eine
2103 2604 2197 2664 Reihe
2223 2604 2278 2664 von
2313 2601 2527 2661 dramatischen
2558 2600 2635 2660 Dia¬

1704 2649 1811 2709 logen,
1833 2646 1880 2706 die
1911 2646 1992 2706 durch
2023 2644 2087 2704 ihre
2117 2643 2250 2703 graziöse
2285 2643 2431 2703 Sprache,
2453 2640 2539 2700 mehr
2565 2636 2638 2696 aber

1708 2686 1772 2746 noch
1803 2685 1884 2745 durch
1910 2685 1974 2745 ihre
2000 2682 2219 2742 aufdringliche
2245 2679 2369 2739 Erotik,
2378 2679 2433 2739 und
2464 2678 2635 2738 Frivolität

1708 2725 1846 2785 Aussehen
1907 2721 2062 2781 erregten.
2120 2719 2180 2779 Die
2232 2718 2470 2778 Uraufführung
2535 2715 2630 2775 seines

1710 2762 1897 2822 Schauspiels
1933 2757 2106 2817 „Lievelei“
2151 2756 2187 2816 am
2236 2755 2462 2815 Burgtheater.
2490 2755 2636 2815 eröffnete

1709 2801 1758 2861 den
1800 2798 1908 2858 Reigen
1949 2798 2044 2858 seiner
2076 2795 2252 2855 zahlreichen
2294 2793 2556 2853 Bühnenerfolge,
2588 2792 2633 2852 die

1709 2838 1792 2898 meist
1815 2837 1885 2897 recht
1912 2835 1995 2895 heikle
2027 2835 2128 2895 Stoffe
2155 2834 2234 2894 mehr
2261 2831 2331 2891 oder
2354 2831 2486 2891 weniger
2513 2831 2632 2891 grazids

1710 2876 1894 2936 behandeln.
1932 2873 2070 2933 Daneven
2100 2873 2192 2933 zeigte
2214 2871 2242 2931 er
2264 2870 2305 2930 sich
2336 2870 2402 2930 aber
2423 2870 2486 2930 auch
2516 2870 2557 2930 als
2583 2867 2641 2927 Er¬

1710 2917 1804 2977 zähler
1839 2914 1890 2974 von
1925 2912 2028 2972 starkem
2072 2912 2201 2972 Talent,
2227 2909 2365 2969 meistens
2400 2909 2542 2969 Novellen
2577 2906 2632 2966 und

1714 2953 1880 3013 Noveletten
1910 2951 1964 3011 von
1989 2950 2073 3010 einem
2111 2950 2219 3010 nahezu
2249 2947 2408 3007 peinlichen
2442 2944 2637 3004 Realismus.

1711 2992 1760 3052 Der
1793 2992 1907 3052 einzige
1935 2989 2058 3049 größere
2091 2989 2210 3049 Roman
2247 2986 2297 3046 der
2325 2986 2411 3046 „Weg
2444 2983 2494 3043 ins
2526 2980 2613 3040 Freie

1712 3031 1844 3091 schildert
1862 3031 1915 3091 das
1942 3028 2062 3088 Wiener
2084 3028 2177 3088 Leben
2204 3026 2318 3086 zurzeit
2337 3022 2385 3082 der
2408 3022 2638 3082 Jahrhundert¬

1712 3070 1834 3130 wende.

1766 3115 1806 3175 Es
1834 3115 1870 3175 ist
1889 3115 1929 3175 ein
1957 3113 2231 3173 charakteristisches
2259 3111 2414 3171 Merkmal
2432 3109 2482 3169 der
2506 3109 2532 3169 so
2556 3106 2637 3166 zahl¬

1711 3155 1810 3215 reichen
1847 3153 1947 3213 Werke
1975 3150 2174 3210 Schnitzkers,
2197 3150 2242 3210 die
2270 3147 2320 3207 dem
2366 3147 2488 3207 Wiener
2516 3145 2625 3205 Milieu

1706 3192 1897 3252 entstammen
1929 3191 1986 3251 und
2018 3189 2084 3249 auch
2112 3189 2236 3249 solcher,
2254 3186 2303 3246 die
2330 3186 2387 3246 erst
2410 3186 2436 3246 in
2469 3183 2517 3243 den
2549 3182 2637 3242 aller¬

1710 3231 1802 3291 letzten
1830 3231 1945 3291 Jahren
1972 3228 2132 3288 erschienen
2159 3228 2239 3288 sind,
2252 3226 2301 3286 daß
2332 3225 2363 3285 sie
2386 3222 2510 3282 zumeist
2528 3222 2634 3282 Bilder

1715 3270 1763 3330 der
1790 3268 1860 3328 Zeit
1882 3270 1935 3330 aus
1966 3268 2014 3328 des
2050 3267 2182 3327 Dichters
2209 3266 2354 3326 jüngeren
2385 3264 2499 3324 Jahren
2531 3261 2636 3321 geben.

1712 3309 1809 3369 Einer
1837 3309 1896 3369 viel
1919 3307 2098 3367 sorgloseren
2131 3306 2190 3366 und
2217 3303 2516 3363 unbekümmerteren
2549 3300 2597 3360 We

1704 3397 1748 3457 als
1778 3393 1807 3453 es
1837 3390 1880 3450 die
1906 3386 2023 3446 heutige
2053 3381 2102 3441 ist,
2122 3375 2199 3435 eines
2229 3368 2415 3428 zufriedenen
2450 3360 2504 3420 und
2534 3356 2627 3416 dabei

1704 3430 1921 3490 schöngeistigen
1952 3419 2174 3479 Bürgertums,
2192 3412 2225 3472 an
2252 3407 2302 3467 das
2329 3403 2435 3463 soziale
2462 3395 2624 3455 Probleme

1704 3474 1787 3534 selten
1823 3463 2030 3523 berantreten.
2070 3456 2175 3516 Selten
2211 3447 2303 3507 hallen
2348 3440 2426 3500 seine
2466 3434 2563 3494 Werke
2590 3431 2615 3491 in

1703 3511 1784 3571 einem
1828 3504 1957 3564 schrillen
1992 3497 2052 3557 Ton
2087 3493 2164 3553 aus,
2186 3489 2220 3549 sie
2251 3482 2418 3542 verklingen
2475 3475 2531 3535 und
2566 3469 2630 3529 ver¬

1710 3546 1885 3606 dämmern.
1927 3537 2019 3597 Zeine
2048 3529 2152 3589 weiche
2182 3524 2240 3584 und
2274 3520 2361 3580 dabei
2387 3516 2433 3576 oft
2458 3512 2633 3572 spielérische

1718 3584 1915 3644 Beyandlung
1945 3577 1996 3637 der
2023 3568 2189 3628 Probleme
2220 3562 2284 3622 läßt
2310 3554 2468 3614 Schnitzler
2498 3550 2541 3610 als
2576 3546 2622 3606 den

1710 3622 1980 3682 ausgesprochenen
2018 3606 2259 3666 österreichischen
2309 3595 2425 3655 Dichter
2455 3586 2633 3646 erscheinen,

1707 3666 1754 3726 den
1781 3661 1892 3721 Dichter
1923 3655 2005 3715 eines
2036 3646 2199 3706 vergangen
2226 3637 2329 3697 Wien,
2352 3633 2437 3693 dessen
2464 3625 2636 3685 Landschaft

1714 3705 1773 3765 und
1804 3698 1978 3758 Umgebung
2021 3689 2050 3749 in
2081 3685 2177 3745 seinen
2220 3676 2334 3736 Werken
2370 3670 2503 3730 levendig
2540 3664 2635 3724 nird.
