3344 4320
293 289 870 349 Schnitzler's
950 292 1174 352 Deatl

347 1028 784 1088 OBSEF

890 1034 1070 1094 VER

434 1082 460 1142 I.
474 1082 594 1142 österr.
607 1085 758 1145 behördl.
772 1090 1070 1150 konzessioniertes

388 1122 622 1182 Unternehmen
654 1124 702 1184 für
729 1130 1115 1190 Zeitungs-Ausschnitte

445 1181 591 1241 WIEN,
620 1187 667 1247 I.,
697 1190 982 1250 WOLLZEILE
1024 1194 1065 1254 11

535 1237 755 1297 TELEPHON
787 1240 964 1300 R-23-0-43

330 1373 555 1433 Ausschnitt
578 1379 671 1439 aus:

1022 1574 1112 1634 KUN

283 1622 504 1682 AUSSCHNT
516 1631 604 1691 VON.

750 1635 774 1695 2
810 1639 859 1699 4.
877 1645 970 1705 ONT.
988 1651 1097 1711 1931

283 1819 566 1879 Volkswacht
609 1827 669 1887 für
721 1836 974 1896 Schlesien,
1006 1843 1187 1903 Breslau

332 1957 519 2017 Artur
570 1969 897 2029 Schnitzler
948 1981 1235 2041 gestorben

295 2011 406 2071 Wier,
425 2015 477 2075 42.
490 2017 630 2077 Oktober.
679 2025 767 2085 (Eig.
779 2027 885 2087 Funk.)
927 2031 973 2091 Am
1015 2034 1174 2094 Mittwoch
1204 2040 1380 2100 nachmittag

201 2046 225 2106 is
261 2049 290 2109 in
326 2047 492 2107 Pe#der
523 2059 668 2119 bekannte
699 2064 860 2124 Novellist,
880 2069 1071 2129 Romancier
1102 2074 1157 2134 und
1188 2079 1388 2139 Dramatiker

200 2086 297 2146 Artur
328 2088 493 2148 Sni#er
524 2094 606 2154 einem
653 2104 868 2164 Schlaganfall
900 2109 1038 2169 erlegen.
1075 2115 1239 2175 Schnitzler
1276 2120 1383 2180 machte

195 2127 400 2187 nachmittägs
421 2129 508 2189 nzn
538 2138 763 2198 Spaziergang.
798 2143 856 2203 Als
886 2147 910 2207 er
935 2148 959 2208 in
989 2149 1062 2209 seine
1087 2154 1243 2214 Wohnung
1273 2157 1385 2217 zurück¬

197 2165 309 2225 kehrte,
335 2169 443 2229 sturzte
473 2170 526 2230 fr.
551 2172 604 2232 vom
649 2178 762 2238 Schlag
797 2185 969 2245 getroffen,
994 2190 1161 2250 zusammen
1201 2196 1254 2256 und
1294 2200 1386 2260 starb,

197 2207 270 2267 ohne
295 2208 349 2268 das
374 2208 565 2268 Bemußtsein
600 2220 840 2280 wiedererlangt
860 2225 889 2285 zu
919 2226 1031 2286 haben.

286 2300 350 2360 Das
381 2305 522 2365 Schaffen
553 2309 608 2369 von
639 2314 739 2374 Artur
765 2318 931 2378 Schnitzler
967 2324 1103 2384 (geboren
1139 2329 1224 2389 1862)
1255 2330 1380 2390 wurzelt

189 2339 246 2399 vom
294 2343 418 2403 Anfang
452 2346 504 2406 bis
538 2351 590 2411 zum
638 2353 723 2413 Ende
762 2357 815 2417 auf
849 2362 896 2422 dem
949 2366 1087 2426 schmalen
1126 2367 1206 2427 Grat
1240 2372 1368 2432 zwischen

189 2381 297 2441 Schein
332 2382 385 2442 und
420 2387 517 2447 Sein.

358 2420 397 2480 Es
433 2426 546 2486 fließen
586 2430 773 2490 ineinander
809 2436 912 2496 Traum
967 2439 1021 2499 und
1061 2446 1208 2506 Wachen,

364 2463 522 2523 Wahrheit
546 2465 604 2525 und
633 2470 728 2530 Lüge.
763 2476 940 2536 Sicherheit
965 2477 998 2537 ist
1023 2482 1185 2542 nirgends.

363 2500 421 2560 Wir
449 2502 544 2562 wissen
581 2507 672 2567 nichts
700 2510 755 2570 von
787 2513 919 2573 andern,
942 2518 1033 2578 nichts
1065 2518 1115 2578 von
1148 2524 1224 2584 uns.

360 2536 423 2596 Wir
449 2542 556 2602 spielen
586 2548 718 2608 immer;
738 2549 797 2609 wer
822 2551 851 2611 es
881 2554 968 2614 weiß,
989 2556 1022 2616 ist
1048 2557 1125 2617 klug.

276 2576 355 2636 Was
384 2578 429 2638 sich
463 2581 499 2641 an
532 2583 639 2643 Tönen
677 2588 737 2648 und
770 2591 914 2651 Nuancen
952 2595 1007 2655 aus
1045 2598 1138 2658 dieser
1171 2601 1249 2661 einen
1292 2603 1370 2663 Leit¬

184 2615 312 2675 melodie
347 2618 580 2678 herausholen,
591 2624 666 2684 ließ,
696 2626 748 2686 hat
782 2629 829 2689 ihr
863 2634 1025 2694 Schnitzler
1060 2637 1202 2697 entlockt:
1232 2639 1275 2699 In
1313 2641 1360 2701 den

181 2652 271 2712 sieben
305 2655 452 2715 Dialogen
487 2659 639 2719 „Anatol“
673 2661 825 2721 (1889/90)
855 2668 911 2728 und
941 2670 964 2730 in
993 2671 1045 2731 dem
1084 2676 1265 2736 Schauspiel
1289 2682 1365 2742 „Der

179 2691 303 2751 einsame
342 2693 457 2753 Weg“.
496 2697 573 2757 Sein
616 2701 707 2761 Werk
746 2705 861 2765 kündet
895 2706 943 2766 die
982 2712 1087 2772 weiche
1126 2716 1274 2776 Wehmut
1313 2719 1361 2779 des

175 2730 383 2790 Spielenden,
407 2734 474 2794 der,
502 2738 556 2798 von
593 2741 751 2801 Dekadenz
784 2747 974 2807 umwittert,
1006 2749 1056 2809 das
1093 2752 1188 2812 Leben
1224 2756 1356 2816 zwischen

173 2767 225 2827 den
259 2770 397 2830 Fingern
431 2775 589 2835 zerrinnen
623 2780 723 2840 fühlt.
768 2784 858 2844 Diese
887 2788 1068 2848 Stimmung
1103 2791 1208 2851 finden
1247 2794 1299 2854 wir
1333 2796 1356 2856 in

168 2806 222 2866 der
257 2810 429 2870 „Liebelei“
468 2814 581 2874 (1895),
607 2818 660 2878 dem
705 2823 902 2883 Todesschrei
932 2826 985 2886 des
1020 2830 1202 2890 Mädchens,
1228 2834 1281 2894 das
1316 2836 1360 2896 sich

170 2846 248 2906 nicht
288 2847 337 2907 als
377 2851 544 2911 Spielzeug
588 2858 799 2918 mißbrauchen
844 2863 933 2923 lassen
982 2866 1061 2926 will.
1110 2870 1159 2930 Im
1214 2873 1356 2933 „Grünen

174 2884 316 2944 Kakadu“
361 2885 463 2945 (1899)
498 2894 601 2954 steigt,
631 2897 713 2957 grell
743 2901 910 2961 abstechend
955 2904 1008 2964 vom
1058 2909 1268 2969 Hintergrund
1313 2910 1362 2970 der

171 2924 386 2984 Französischen
416 2931 626 2991 Revolution,
647 2935 690 2995 die
715 2941 1023 3001 Untergangstragik
1048 2946 1170 3006 herauf,
1190 2949 1268 3009 wenn
1298 2950 1351 3010 das

169 2963 257 3023 Spiel
282 2966 450 3026 umschlägt
475 2969 499 3029 in
529 2972 701 3032 furchtbare
726 2980 948 3040 Wirklichkeit.
988 2984 1150 3044 Schnitzler
1175 2989 1356 3049 behandelte

167 3002 234 3062 auch
262 3003 311 3063 das
343 3005 438 3065 Getue
461 3009 533 3069 allzu
562 3013 719 3073 bewußter
742 3020 1100 3080 Lebenskomödianten,
1119 3025 1173 3085 und
1201 3025 1277 3085 zwar
1305 3027 1358 3087 mit

168 3042 328 3102 beißender
353 3046 468 3106 Ironie
489 3047 503 3107 —
554 3052 745 3112 „Literatur“
780 3057 900 3117 (1902),
921 3061 1016 3121 „Fink
1041 3060 1096 3120 und
1127 3064 1332 3124 Fliederbusch

176 3080 282 3140 (1917)

402 3085 479 3145 dann
531 3088 642 3148 wieder
689 3094 911 3154 kennzeichnete
959 3097 988 3157 er
1036 3099 1087 3159 den
1139 3103 1348 3163 zwangvollen

161 3121 538 3181 Marionettencharakter
566 3128 615 3188 des
643 3130 756 3190 ganzen
784 3135 947 3195 Getriebes
979 3136 1061 3196 durch
1088 3136 1142 3196 das
1170 3142 1356 3202 symbolische

163 3157 297 3217 Gewand
348 3161 399 3221 des
450 3167 681 3227 Puppenspiels

722 3169 732 3229 —
796 3175 1056 3235 „Marionetten“
1111 3178 1229 3238 (1906),
1268 3184 1352 3244 „Der

162 3197 295 3257 Schleier
324 3199 371 3259 der
401 3202 573 3262 Pierrette“
607 3208 726 3268 (1910).
764 3212 926 3272 Grübelnd
961 3217 1108 3277 verfolgte
1138 3217 1166 3277 er
1190 3217 1247 3277 das
1276 3220 1357 3280 Pro¬

159 3238 228 3298 blem
280 3239 330 3299 bis
373 3239 400 3299 in
442 3243 493 3303 die
536 3244 633 3304 letzten
675 3250 824 3310 seelischen
871 3253 1094 3313 Aeußerungen
1131 3252 1145 3312 —
1196 3258 1345 3318 Novellen

162 3274 333 3334 „Sterben“
383 3280 500 3340 (1895),
534 3285 715 3345 „Leutnant
755 3288 857 3348 Gustl“
907 3291 1024 3351 (1900).
1059 3296 1342 3356 „Dämmerseelen“

163 3313 281 3373 (1907),
301 3318 497 3378 „Casanovas
517 3323 694 3383 Heimkehr“
724 3326 826 3386 (1919)
851 3328 905 3388 und
930 3331 1097 3391 „Fräulein
1122 3327 1205 3387 Else“
1235 3339 1352 3399 (1924).

159 3353 244 3413 Diese
273 3356 354 3416 letzte
383 3356 512 3416 Novelle
546 3359 593 3419 die
622 3362 707 3422 durch
737 3364 789 3424 den
823 3368 894 3428 Film
938 3368 994 3428 mit
1019 3372 1176 3432 Elisabeth
1210 3374 1348 3434 Bergner

157 3393 183 3453 in
223 3393 271 3453 der
303 3396 488 3456 Hauptrolle
525 3399 586 3459 auch
622 3401 715 3461 denen
755 3405 892 3465 bekannt
923 3408 1078 3468 geworden
1118 3409 1166 3469 ist,
1190 3411 1238 3471 die
1274 3416 1353 3476 keine

154 3432 269 3492 Bücher
302 3432 325 3492 in
363 3434 409 3494 die
438 3436 525 3496 Hand
559 3436 586 3496 zu
624 3440 744 3500 nehmen
782 3444 921 3504 pflegen.
964 3448 1028 3508 Den
1061 3450 1187 3510 gleichen
1225 3452 1349 3512 Grund¬

155 3473 302 3533 charakter
336 3473 427 3533 haben
466 3473 518 3533 der
548 3476 666 3536 Roman
705 3479 786 3539 „Der
815 3483 891 3543 Weg
925 3485 973 3545 ins
1007 3485 1111 3545 Freie“
1155 3488 1270 3548 (1908),
1299 3492 1346 3552 die

154 3508 286 3568 Dramen
321 3512 399 3572 „Das
429 3513 516 3573 weite
541 3515 639 3575 Land“
674 3519 791 3579 (1911),
811 3522 983 3582 „Professor
1008 3526 1198 3586 Bernhardi“
1228 3529 1331 3589 (1913)

154 3548 256 3608 ebenso
284 3551 330 3611 die
358 3551 535 3611 historischen
568 3556 669 3616 Stücke
698 3557 777 3617 „Der
805 3562 940 3622 Schleier
968 3562 1019 3622 der
1043 3565 1205 3625 Beatrice“
1238 3566 1340 3626 (1900)

152 3590 209 3650 und
238 3590 319 3650 „Der
343 3590 433 3650 junge
458 3593 648 3653 Medardus“
682 3596 796 3656 (1910).
835 3601 892 3661 Die
916 3603 1026 3663 innere
1045 3605 1126 3665 Form
1165 3605 1212 3665 der
1237 3607 1341 3667 Werke

154 3626 187 3686 ist
211 3627 321 3687 immer
350 3627 398 3687 die
427 3629 555 3689 gleiche:
590 3635 757 3695 dialektisch
796 3638 857 3698 und
897 3641 1101 3701 psychologisch
1136 3643 1164 3703 so
1203 3647 1260 3707 fein
1294 3645 1346 3705 zu¬

153 3664 315 3724 geschliffen
363 3666 418 3726 wie
451 3668 506 3728 das
540 3670 633 3730 ewige
666 3673 726 3733 Hin
764 3675 819 3735 und
857 3676 964 3736 Wider
998 3679 1128 3739 zwischen
1161 3682 1244 3742 Trug
1282 3685 1337 3745 und

149 3704 364 3764 Wirklichkeit,
392 3704 448 3764 und
486 3708 542 3768 wie
570 3711 668 3771 dieses
701 3712 851 3772 umspielt
879 3715 935 3775 von
973 3715 1047 3775 allen
1085 3718 1216 3778 Lichtern
1258 3724 1337 3784 einer

149 3744 356 3804 schmerzlichen
410 3748 652 3808 Lebensironie.
706 3752 847 3812 Geboren
901 3754 958 3814 aus
1012 3755 1064 3815 der
1118 3760 1334 3820 romantischen

149 3782 331 3842 Stimmung
387 3783 475 3843 eines
527 3787 835 3847 weltgeschichtlichen
887 3793 1040 3853 Zerfalls,
1078 3794 1115 3854 ist
1153 3799 1334 3859 Schnitzlers

153 3820 357 3880 Gesamtwerk
385 3823 482 3883 seinem
529 3826 747 3886 eigentlichsten
785 3831 887 3891 Wesen
925 3829 989 3889 nach
1027 3831 1119 3891 selber
1157 3838 1338 3898 Romantik.

241 3859 329 3919 Kurz
358 3860 408 3920 vor
441 3862 622 3922 Schnitzlers
655 3865 715 3925 Tod
753 3866 785 3926 ist
814 3868 879 3928 noch
916 3868 981 3928 eine
1014 3871 1139 3931 Novelle
1172 3874 1223 3934 von
1261 3879 1334 3939 ihm,

153 3897 311 3957 „Flucht
338 3897 369 3957 in
401 3898 464 3958 die
491 3901 775 3961 Finsternis“,
797 3904 823 3964 im
860 3906 976 3966 Verlag
1003 3910 1045 3970 S.
1061 3912 1192 3972 Fischer,
1209 3917 1335 3977 Berlin,

153 3933 314 3993 erichsenen
349 3937 397 3997 der
417 3940 486 4000 auch
506 3939 549 3999 die
569 3942 691 4002 übrigen
716 3943 814 4003 Werle
839 3945 887 4005 des
908 3949 1039 4009 Dichters
1065 3954 1309 4014 herausgebroch/

145 3975 216 4035 hat.

1398 288 1524 348 box
1601 294 1780 354 43/2

1821 1645 2543 1705 OBSERVER

1916 1715 1943 1775 I.
1958 1709 2077 1769 österr.
2087 1702 2240 1762 behördl.
2249 1689 2554 1749 konzessioniertes

1877 1753 2113 1813 Unternehmen
2141 1742 2186 1802 für
2214 1729 2600 1789 Zeitungs-Ausschnitte

1925 1810 2081 1870 WIEN,
2102 1807 2155 1867 I.,
2177 1794 2461 1854 WOLLZEILE
2510 1786 2550 1846 11

2028 1856 2246 1916 TELEPHON
2279 1844 2454 1904 R-23-0-43

1834 2008 2370 2068 Ausschnittoaudemokrat,
2386 2008 2472 2068 Prag

2112 2184 2206 2244 24.
2227 2188 2350 2248 0KT.
2370 2193 2464 2253 1931

1850 2233 1890 2293 0

1974 3252 2145 3312 Arthur
2176 3254 2407 3314 Schnitzler

1740 3299 1817 3359 Eine
1843 3300 2091 3360 Altersaufnahm

2164 3300 2201 3360 ses
2223 3300 2287 3360 eben
2314 3303 2508 3363 verstorbenen
2530 3308 2637 3368 Dichter
