3392 4256
392 372 472 432 Nr.
494 374 553 434 201

912 380 1034 440 Wien,
1061 383 1297 443 Donnerstag-

1769 383 1895 443 Neues
1923 385 2059 445 Wiener
2087 386 2250 446 Tagblat.

2729 392 2801 452 22.
2820 392 2974 452 Oktober
3003 392 3093 452 1031

2717 482 2778 542 Die
2809 482 2906 542 vielen
2937 483 3116 543 Stunden,
3153 482 3203 542 die
3230 483 3265 543 ich
3301 485 3347 545 mi

2651 528 2756 588 waren
2800 527 3079 587 außerordentlich
3118 527 3301 587 anregend.

570 532 765 592 Der
865 536 1074 596 Tod
1174 541 1510 601 Artur

1636 544 2326 604 Schnitzlers.

2648 571 2761 631 erhört
2788 571 2901 631 subtile
2928 573 3010 633 Art,
3026 573 3082 633 auf
3109 571 3165 631 alle
3197 573 3346 633 Einzelhe

2646 619 2809 679 zugehen,
2833 616 2896 676 und
2935 618 3002 678 war
3050 616 3097 676 ein
3147 616 3348 676 ungewöhnl

858 643 950 703 Der
980 645 1167 705 Dichter
1203 646 1324 706 einem
1383 646 1721 706 Gehirnschlag
1765 649 1986 709 erlagen.

2644 661 2752 721 Nichts
2789 662 2917 722 entging
2959 661 3006 721 ihm
3053 661 3104 721 bei
3131 664 3182 724 den
3218 664 3347 724 Prober

2651 709 2863 769 schattierung
2899 711 3000 771 seiner
3032 712 3158 772 eigenen
3199 712 3285 772 Sätze

344 742 425 802 Der
464 748 545 808 Tod
589 750 670 810 Dr.
696 751 815 811 Artur
854 757 1167 817 Schnitzlers
1219 759 1274 819 kam
1325 756 1425 816 selbst

2647 754 2890 814 Interessante,
2912 753 2968 813 das
3000 753 3181 813 Belebende
3208 755 3269 815 und
3301 756 3347 816 Fr

1845 762 1998 822 Seine
2027 759 2230 819 Werke.

2646 796 2798 856 sönlichen
2838 798 3024 858 Teilnahme
3054 798 3087 858 am
3132 798 3347 858 Bühnenbetr

252 800 358 860 seiner
394 804 548 864 nächsten
590 807 803 867 Umgebung
840 810 1118 870 überraschend.
1166 811 1284 871 Wohl
1314 813 1420 873 klagt¬

1543 824 1649 884 Artur
1676 825 1861 885 Schnitzlers
1888 826 1961 886 erste
1978 825 2258 885 schriftstellerische
2280 826 2427 886 Versuche
2449 828 2613 888 erschiener

2747 849 2791 909 Er
2826 852 2896 912 war
2926 852 2985 912 mit
3016 852 3070 912 dem
3120 855 3259 915 Theater
3295 855 3319 915 in

248 853 449 913 Schnitzler
475 856 504 916 in
540 858 593 918 den
635 861 748 921 letzten
784 863 872 923 zwei
897 864 1039 924 Jahren
1076 864 1158 924 über
1189 864 1396 924 verschieden

1451 870 1482 930 in
1516 872 1569 932 der
1602 873 1785 933 „Deutschen
1823 875 2077 935 Wochenschrift"
2110 871 2137 931 im
2180 873 2283 933 Jahre
2316 873 2386 933 1886
2419 875 2478 935 und
2511 876 2537 936 in
2575 876 2623 936 der

2651 897 2749 957 besten
2786 897 2915 957 Kenner
2953 900 3004 960 der
3035 900 3347 960 Schauspielerpsych

250 909 532 969 Beschwerden,
550 912 578 972 er
607 914 682 974 war
711 915 791 975 auch
821 917 849 977 in
879 918 1063 978 ärztlicher
1092 918 1334 978 Behandlung
1363 915 1420 975 ge¬

1446 918 1636 978 Zeitschrift
1695 921 1763 981 „An
1806 921 1858 981 der
1906 921 2022 981 schönen
2070 918 2186 978 blauen
2229 919 2371 979 Donau"
2420 922 2535 982 (1889),
2568 921 2620 981 den

2650 944 2743 1004 stils,
2763 944 2821 1004 und
2851 944 2876 1004 so
2906 944 2974 1004 war
2999 943 3048 1003 es,
3068 944 3200 1004 trotzdem
3240 946 3264 1006 es
3294 945 3347 1005 für

1450 967 1651 1027 kommenden
1687 965 1817 1025 Meister
1843 968 1964 1028 verriet
1989 968 2084 1028 zuerst
2110 965 2155 1025 die
2196 968 2407 1028 Dialogreihe
2453 967 2629 1027 „Anatol",

248 962 413 1022 standen,
432 962 466 1022 er
497 966 614 1026 mußte
645 968 727 1028 aber
757 968 810 1028 nie
840 968 863 1028 in
899 969 957 1029 der
988 971 1099 1031 letzten
1136 971 1218 1031 Zeit
1242 970 1301 1030 das
1337 968 1419 1028 Bett

2657 989 2753 1049 steller
2787 989 2869 1049 nicht
2894 989 3009 1049 immer
3039 989 3125 1049 leicht
3155 990 3236 1050 war,
3262 992 3352 1052 seinen

1450 1013 1532 1073 dann
1568 1013 1614 1073 kam
1661 1013 1728 1073 1893
1764 1015 1846 1075 „Das
1872 1016 2062 1076 Märchen",
2084 1013 2140 1073 das
2166 1013 2212 1073 die
2238 1015 2310 1075 erste
2341 1013 2516 1073 öffentliche
2542 1013 2629 1073 Auf¬

237 1015 369 1075 hüten,
388 1016 467 1076 auch
498 1018 612 1078 mußte
637 1021 673 1081 er
698 1022 746 1082 sich
777 1022 940 1082 keinerlei
966 1025 1220 1085 Enthaltungn
1251 1025 1281 1085 in
1312 1025 1414 1085 bezug

2650 1034 2803 1094 werden,
2827 1035 2870 1095 ein
2904 1037 3014 1097 großes
3048 1037 3263 1097 Vergnügen,
3283 1037 3340 1097 mit

1449 1064 1594 1124 führung
1625 1062 1815 1122 verzeichnen
1851 1064 1976 1124 konnte.
1997 1062 2063 1122 1895
2093 1061 2138 1121 kam
2199 1061 2249 1121 die
2290 1061 2521 1121 Urauffühung
2572 1058 2621 1118 des

247 1067 315 1127 auf
344 1069 433 1129 seine
474 1072 716 1132 Lebensweise
751 1076 977 1136 auferlegen.
1029 1079 1175 1139 Gestern
1216 1076 1413 1136 vormittag

2661 1080 2756 1140 seinem
2800 1082 3011 1142 freundlichen
3040 1082 3145 1142 Hause
3175 1082 3198 1142 in
3228 1082 3275 1142 der
3304 1082 3347 1142 Nä

1450 1112 1671 1172 Schauspieles
1698 1109 1862 1169 „Liebelei"
1883 1112 1919 1172 am
1956 1110 2193 1170 Burgtheater,
2204 1106 2255 1166 der
2271 1108 2342 1168 erste
2358 1109 2451 1169 große
2472 1107 2606 1167 Bühnen

245 1121 454 1181 unternahm
506 1125 705 1185 Schnitzler
739 1128 836 1188 einen
870 1129 1154 1189 Spaziergang,
1177 1129 1239 1189 von
1279 1127 1335 1187 dem
1387 1127 1420 1187 ei

2655 1124 2719 1184 mit
2749 1126 2798 1186 ihm
2848 1126 2877 1186 zu
2917 1126 3129 1186 diskutieren.
3174 1129 3277 1189 Seine
3327 1126 3342 1186 r

1451 1158 1569 1218 erfolg.
1596 1155 1650 1215 Ein
1688 1156 1774 1216 Jahr
1802 1156 1904 1216 später
1937 1159 2050 1219 kommt
2078 1154 2267 1214 „Freiwild"
2300 1156 2434 1216 heraus,
2456 1155 2612 1215 „Reigen"

2655 1171 2831 1231 nennende
2856 1174 2935 1234 Art,
2960 1174 3018 1234 sein
3053 1171 3151 1231 feiner
3181 1174 3343 1234 Humor1

245 1173 349 1233 gegen
380 1174 423 1234 11
454 1174 528 1234 Uhr
553 1177 626 1237 nach
664 1180 780 1240 Hause
805 1179 835 1239 in
867 1178 959 1238 seine
984 1180 1082 1240 Villa
1107 1180 1137 1240 in
1175 1180 1347 1240 Währing
1384 1177 1408 1237 in

1446 1205 1520 1265 zehn
1557 1204 1651 1264 kühne
1684 1204 1805 1264 Szenen
1837 1206 2001 1266 erotischer
2028 1205 2133 1265 Natur
2161 1204 2281 1264 werden
2314 1204 2339 1264 im
2377 1201 2509 1261 gleichen
2541 1201 2625 1261 Jahr

2652 1225 2776 1285 lichkeit
2803 1222 2958 1282 umgaben
2995 1220 3041 1280 ihn
3078 1219 3139 1279 mit
3166 1219 3249 1279 einer
3280 1221 3342 1281 woh

237 1225 298 1285 der
324 1231 688 1291 Sternwartestraße
714 1231 968 1291 zurückkehrte.
993 1234 1060 1294 Als
1086 1236 1191 1296 gegen
1229 1235 1315 1295 ¼12
1346 1231 1420 1291 Uhr

1446 1253 1641 1313 begonnen,
1657 1249 1727 1309 aber
1753 1252 1812 1312 viel
1829 1255 1933 1315 später
1954 1253 2090 1313 gedruckt
2110 1252 2170 1312 und
2196 1252 2256 1312 erst
2277 1252 2361 1312 1920,
2377 1253 2432 1313 fast
2453 1251 2543 1311 gegen
2574 1249 2618 1309 der

2651 1272 2905 1332 gefangennahm
2963 1269 3024 1329 und
3062 1268 3170 1328 haften
3218 1266 3295 1326 blieb

249 1282 334 1342 seine
366 1285 568 1345 Sekretärin
600 1285 661 1345 ins
686 1286 846 1346 Zimmer
871 1288 962 1348 trat,
982 1288 1018 1348 um
1061 1288 1270 1348 Schnitzlers
1302 1282 1424 1342 Diktat

1450 1298 1566 1358 Willen
1598 1298 1645 1358 des
1672 1300 1813 1360 Dichters
1841 1302 1898 1362 und
1925 1303 1972 1363 bei
1993 1300 2120 1360 hestigem
2163 1300 2378 1360 Widerspruch
2405 1297 2600 1357 rechtsstehen

2654 1317 2870 1377 Bewußtsein
2901 1317 2996 1377 aller,
3009 1317 3050 1377 die
3075 1315 3135 1375 mit
3160 1314 3207 1374 ihm
3244 1314 3267 1374 in
3298 1313 3334 1373 nä

241 1339 648 1399 entgegenzunehmen,
697 1341 781 1401 fand
830 1341 866 1401 sie
914 1341 968 1401 ihn
1011 1341 1214 1401 bewußtlos
1251 1337 1316 1397 auf
1347 1335 1400 1395 dem
1456 1342 1509 1402 der
1534 1345 1654 1405 Kreise,
1672 1348 1876 1408 aufgeführt.
1895 1348 1960 1408 1897
1991 1347 2153 1407 erschienen
2202 1347 2291 1407 „Das
2334 1344 2520 1404 Veilchen",
2551 1344 2622 1404 1898

229 1388 356 1448 Boden
393 1392 533 1452 liegen.
552 1395 643 1455 Man
686 1395 819 1455 brachte
851 1393 1045 1453 Schnitzler
1070 1395 1106 1455 zu
1143 1392 1234 1452 Bett
1259 1392 1331 1452 und
1363 1388 1398 1448 be

1455 1392 1703 1452 „Paracelsus",
1731 1395 1806 1455 „Die
1834 1395 2029 1455 Gefährtin"
2067 1395 2132 1455 und
2160 1396 2213 1456 der
2241 1395 2343 1455 grüne
2371 1392 2538 1452 Kakadu",
2561 1389 2614 1449 dre

2946 1398 3134 1458 Hofrat
3163 1398 3342 1458 Hugos

236 1436 306 1496 rief
372 1448 525 1508 Aerzte.
596 1446 649 1506 Um
738 1449 809 1509 ¼7
880 1446 956 1506 Uhr
1028 1446 1169 1506 abends
1240 1443 1411 1503 verschied
1453 1442 1624 1502 Einakter,
1636 1442 1683 1502 ein
1707 1443 1795 1503 Jahr
1831 1443 1936 1503 später
1979 1443 2031 1503 das
2074 1443 2197 1503 Drama
2262 1443 2344 1503 „Der
2386 1440 2527 1500 Schleien

2740 1473 2808 1533 Das
2854 1473 3057 1533 Hinscheiden
3103 1471 3217 1531 Artur
3256 1474 3332 1534 Sch

1446 1488 1636 1548 Beatrice",
1657 1490 1725 1550 1901
1752 1489 1804 1549 der
1832 1491 2090 1551 Einakterzyklus
2122 1490 2312 1550 „Lebendige
2339 1488 2534 1548 Stunden",
2550 1485 2618 1545 1903

240 1495 296 1555 er,
342 1503 439 1563 ohne
473 1503 536 1563 das
570 1505 804 1565 Bewußtsein
868 1502 998 1562 wieder
1033 1501 1181 1561 erlangt
1216 1500 1249 1560 zu
1290 1500 1398 1560 haben

2649 1521 2779 1581 größten
2821 1520 2985 1580 Verluste,
3016 1520 3062 1580 den
3104 1520 3293 1580 Oesterreich
3329 1518 3340 1578 i

2531 1535 2624 1595 „Das

1450 1537 1506 1597 das
1533 1536 1657 1596 Drama
1689 1535 1771 1595 „Der
1798 1536 1937 1596 einsame
1979 1538 2092 1598 Weg",
2129 1536 2202 1596 1904
2244 1535 2295 1595 die
2337 1535 2492 1595 Komödie

249 1554 322 1614 Der
354 1556 433 1616 Tod
465 1556 581 1616 dürfte
612 1557 679 1617 auf
705 1556 963 1616 Gehirnschlag
1000 1554 1289 1614 zurückzuführen
1333 1550 1425 1610 sein.

1451 1585 1713 1645 Zwischenspiel"
1735 1583 1794 1643 und
1816 1583 1862 1643 die
1883 1586 2120 1646 Einakterreihe
2141 1583 2424 1643 „Marionetten".
2431 1583 2478 1643 Im
2512 1583 2620 1643 Jahre
2654 1573 2749 1633 dieser
2783 1571 2857 1631 Zeit
2891 1571 2945 1631 des
2979 1568 3134 1628 Abbaues
3168 1568 3242 1628 aller
3277 1564 3343 1624 Ide

338 1616 397 1676 An
440 1618 554 1678 seinem
608 1616 879 1676 Krankenlager
916 1616 1055 1676 weilten
1104 1615 1163 1675 sein
1206 1613 1326 1673 sofort
1363 1611 1416 1671 be¬

1448 1634 1520 1694 1909
1548 1634 1646 1694 folgte
1674 1632 1753 1692 dann
1787 1631 1973 1691 Schnitzlers
2000 1634 2186 1694 historisches
2214 1633 2339 1693 Drama
2387 1631 2472 1691 „Der
2520 1630 2619 1690 junge
2647 1624 2679 1684 so
2720 1619 2952 1679 schmerzlicher
2993 1618 3152 1678 empfinde
3186 1614 3225 1674 ich
3259 1613 3338 1673 Schr

240 1667 393 1727 rufener
422 1669 561 1729 Bruder
590 1670 730 1730 Hofrat
751 1670 933 1730 Professor
962 1670 1039 1730 Dr.
1054 1668 1186 1728 Julius
1215 1667 1411 1727 Schnitzler
1447 1680 1677 1740 Medardus",
1692 1680 1775 1740 dessen
1805 1680 1972 1740 Titelrolle
1994 1680 2085 1740 Josef
2107 1682 2239 1742 Kainz
2261 1680 2442 1740 zugedacht,
2457 1677 2526 1737 aber
2548 1675 2604 1735 dem
2654 1669 2766 1729 gerade
2795 1667 2822 1727 im
2865 1667 3018 1727 Begriffe
3047 1667 3172 1727 waren,
3194 1665 3250 1725 den
3286 1662 3334 1722 70.

2649 1714 2779 1774 feierlich
2815 1716 2844 1776 zu
2880 1714 3033 1774 begehen.
3069 1713 3115 1773 Da
3152 1711 3192 1771 ich
3223 1711 3275 1771 das
3311 1710 3322 1770 G

249 1720 322 1780 und
353 1721 408 1781 die
439 1723 585 1783 übrigen
630 1722 653 1782 in
697 1720 794 1780 Wien
832 1720 1022 1780 weilenden
1059 1720 1316 1780 Angehörigen
1359 1719 1414 1779 des
1452 1724 1605 1784 Künstler
1630 1726 1709 1786 nicht
1734 1726 1813 1786 mehr
1839 1728 1869 1788 zu
1900 1728 2003 1788 spielen
2035 1726 2193 1786 vergönnt
2219 1726 2298 1786 war,
2317 1726 2384 1786 1910
2409 1726 2507 1786 folgte
2532 1724 2617 1784 „Das

2646 1765 2839 1825 befreundet
2862 1762 2993 1822 gewesen
3028 1761 3061 1821 zu
3096 1761 3175 1821 sein,
3193 1759 3220 1819 so
3250 1759 3317 1819 war

235 1774 426 1834 Dichters.
452 1775 655 1835 Vorläufig
693 1775 760 1835 sind
798 1774 890 1834 keine
922 1774 1200 1834 Dispositionen
1238 1774 1330 1834 über
1362 1771 1417 1831 die

1447 1775 1538 1835 weite
1565 1774 1673 1834 Land"
1700 1774 1759 1834 und
1792 1774 1857 1834 1912
1890 1776 2068 1836 „Prosessor
2095 1774 2317 1834 Bernhardi",
2334 1774 2414 1834 schon
2447 1771 2495 1831 bei
2517 1772 2598 1832 seine

1452 1825 1663 1885 Aufführung
1694 1822 1752 1882 viel
1777 1823 1970 1883 umstritten.
1989 1824 2029 1884 Im
2065 1823 2171 1883 Jahre
2196 1822 2260 1882 1915
2290 1822 2455 1882 erschienen
2485 1819 2531 1879 die
2550 1819 2620 1879 drei
2650 1813 2791 1873 mutige,
2821 1810 2997 1870 geistvolle,
3027 1810 3210 1870 tiefsinnige
3246 1806 3345 1866 Dicht

243 1828 477 1888 Leichenfeier
514 1828 683 1888 getroffen
720 1828 888 1888 worden,
914 1828 985 1888 man
1022 1828 1100 1888 will
1125 1825 1342 1885 abwarten,
1367 1825 1414 1885 bis

2646 1861 2702 1921 das
2749 1861 2890 1921 deutsche
2936 1858 3095 1918 Theater,
3136 1858 3192 1918 das
3239 1857 3351 1917 Wien¬

1447 1873 1603 1933 Einakter
1631 1871 1798 1931 „Komödie
1826 1870 1874 1930 der
1901 1870 2047 1930 Worte",
2069 1870 2134 1930 1917
2167 1870 2258 1930 „Fink
2286 1870 2345 1930 und
2373 1867 2610 1927 Fliederbusch"

241 1882 306 1942 sein
349 1882 565 1942 bekanntlich
596 1882 626 1942 in
663 1882 795 1942 Berlin
832 1880 994 1940 lebender
1031 1879 1157 1939 Sohn,
1188 1879 1241 1939 der
1278 1880 1416 1940 Schau¬

1443 1918 1517 1978 1919
1545 1921 1625 1981 „Die
1648 1920 1836 1980 Schwestern
1874 1917 1943 1977 oder
1971 1917 2133 1977 Casanova
2160 1917 2187 1977 in
2220 1917 2327 1977 Spa",
2349 1915 2418 1975 1924
2446 1914 2618 1974 „Komödie
2646 1908 2829 1968 bleibendes
2862 1906 2910 1966 ist,
2927 1905 3055 1965 sondern
3094 1904 3147 1964 vor
3180 1904 3255 1964 allem
3299 1901 3336 1961 ein

242 1935 366 1995 spieler
399 1935 464 1995 und
497 1937 686 1997 Regisseur
713 1936 771 1996 ist,
792 1935 817 1995 in
851 1935 948 1995 Wien
982 1932 1164 1992 eintrifft.

2650 1956 2739 2016 denen
2776 1959 2806 2019 zu
2843 1958 2994 2018 begegnen
3031 1953 3067 2013 ich
3098 1953 3127 2013 je
3152 1953 3351 2013 Gelegenhei

1442 1966 1502 2026 der
1524 1968 1756 2028 Verführung"
1779 1968 1839 2028 und
1862 1967 1928 2027 1925
1951 1965 1994 2025 die
2017 1966 2210 2026 dramatische
2233 1965 2387 2025 Dichtung
2415 1964 2498 2024 „Der
2520 1962 2608 2022 Gang

421 2010 522 2070 Der
554 2013 853 2073 Lebenslauf
878 2010 955 2070 des
996 2011 1239 2071 Dichters.

1444 2017 1507 2077 zum
1547 2015 1708 2075 Weiher".

2855 2037 3083 2097 Direktor
3120 2037 3207 2097 Dr.
3234 2036 3330 2096 Nud

1537 2065 1636 2125 Seine
1665 2066 1825 2126 Eigenart
1853 2064 1914 2124 und
1943 2066 2036 2126 große
2065 2064 2303 2124 Fruchtbarkeit
2326 2064 2403 2124 zeigt
2431 2061 2475 2121 sich
2509 2061 2613 2121 ebenso

329 2079 440 2139 Artur
476 2079 646 2139 Schnitzler
676 2079 788 2139 wurde
818 2079 852 2139 am
895 2079 947 2139 15.
971 2077 1047 2137 Mai
1072 2075 1141 2135 1862
1177 2074 1200 2134 in
1236 2074 1324 2134 Wien
1366 2076 1394 2136 al

2732 2109 2811 2169 Mit
2838 2111 2891 2171 dem
2932 2111 3017 2171 Tode
3045 2110 3151 2170 Artur
3185 2111 3337 2171 Schnitzle

1439 2114 1476 2174 in
1534 2115 1640 2175 seinen
1709 2114 1957 2174 Prosawerken.
2005 2108 2073 2168 Von
2143 2108 2232 2168 ihnen
2302 2108 2364 2168 sind
2423 2107 2618 2167 erschienen:

229 2126 326 2186 Sohn
364 2126 412 2186 des
434 2126 827 2186 Universitätsprofessors
850 2126 914 2186 Dr.
925 2126 1054 2186 Johann
1082 2123 1248 2183 Schnitzler
1265 2123 1394 2183 geboren

234 2171 325 2231 eines
354 2174 561 2234 bedeutenden
591 2173 860 2233 Laryngologen,
878 2171 930 2231 der
959 2171 1033 2231 viele
1057 2170 1264 2230 prominente
1287 2169 1413 2229 Schau=
1443 2162 1517 2222 1892
1552 2161 1753 2221 „Sterben",
1783 2159 1851 2219 1894
1892 2159 1972 2219 „Die
2001 2159 2185 2219 Blumen",
2209 2156 2283 2216 1895
2318 2156 2398 2216 „Ein
2439 2153 2622 2213 Abschied",
2646 2159 2784 2219 Theater
2819 2159 2899 2219 einen
2940 2159 3106 2219 schweren,
3130 2156 3216 2216 einen
3251 2157 3331 2217 uner

1441 2207 1515 2267 1896
1545 2208 1619 2268 „Die
1648 2207 1728 2267 Frau
1764 2207 1810 2267 des
1839 2206 2000 2266 Weisen",
2024 2205 2092 2265 1897
2122 2204 2202 2264 „Der
2232 2201 2416 2261 Ehrentag"
2445 2201 2508 2261 und
2537 2203 2618 2263 „Die
2642 2209 2756 2269 Dieser
2780 2207 2843 2267 edle
2861 2207 2988 2267 Mensch
3011 2207 3080 2267 war
3115 2207 3201 2267 nicht
3236 2207 3299 2267 nur

238 2219 348 2279 spieler
375 2219 406 2279 zu
439 2219 539 2279 seinen
571 2219 745 2279 Patienten
777 2219 893 2279 zählte,
914 2217 940 2277 so
967 2217 1199 2277 Sonnenthal,
1221 2216 1263 2276 die
1290 2216 1394 2276 Wolte

2644 2258 2933 2318 gesinnungsfester
2962 2255 3204 2315 Schriftsteller,
3222 2256 3255 2316 er
3279 2254 3329 2314 zäh

236 2266 298 2326 und
335 2266 393 2326 alle
425 2267 682 2327 Operngrößen.
704 2266 814 2326 Sicher
846 2265 971 2325 stammt
998 2264 1051 2324 des
1083 2264 1198 2324 jungen
1236 2263 1409 2323 Schnitzler
1441 2256 1540 2316 Toten
1583 2254 1787 2314 schweigen",
1814 2254 1883 2314 1900
1925 2252 2088 2312 „Andreas
2125 2252 2361 2312 Thalmayer",
2388 2250 2472 2310 „Der
2509 2249 2598 2309 blind

1439 2302 1644 2362 Geromino"
1670 2302 1729 2362 und
1755 2302 1795 2362 die
1820 2299 1935 2359 bereits
1956 2299 2116 2359 genannte
2142 2299 2272 2359 Novelle
2292 2296 2473 2356 „Leutnant
2498 2298 2603 2358 Gustl“

2644 2305 2893 2365 Dramatikern,
2916 2304 2961 2364 die
2991 2302 3018 2362 es
3053 2305 3256 2365 verstanden,
3274 2304 3324 2364 ihr

234 2312 311 2372 erste
337 2311 491 2371 Vorliebe
518 2314 574 2374 für
600 2314 646 2374 die
673 2313 775 2373 Kunst
807 2314 863 2374 und
890 2312 961 2372 ihre
988 2313 1116 2373 Jünger
1148 2311 1224 2371 schon
1261 2311 1317 2371 aus
1349 2310 1395 2370 den

1439 2350 1513 2410 1900
1540 2350 1676 2410 entstand
1708 2350 1776 2410 auch
1803 2350 1903 2410 „Frau
1935 2348 2035 2408 Berta
2062 2347 2225 2407 Garlan“,
2247 2347 2315 2407 1902
2342 2347 2420 2407 „Die
2442 2347 2616 2407 griechische

2644 2355 2763 2415 Buches
2792 2356 2848 2416 auf
2872 2353 2922 2413 das
2951 2353 3042 2413 Leben
3076 2353 3127 2413 der
3156 2353 3269 2413 Bühne
3298 2354 3326 2414 zu

231 2359 442 2419 Vaterhaus.
463 2359 623 2419 Zunächst
645 2360 799 2420 studierte
826 2362 856 2422 er
883 2361 949 2421 nach
986 2360 1218 2420 Absolvierung
1255 2359 1306 2419 des
1337 2357 1394 2417 Aka

234 2407 400 2467 demischen
435 2408 665 2468 Gymnasiums
694 2408 867 2468 gleichfalls
896 2409 1115 2469 Medizin,
1133 2409 1212 2469 wozu
1248 2407 1293 2467 ihn
1334 2405 1414 2465 nicht
1438 2400 1657 2460 Sängerin",
1680 2400 1737 2460 und
1767 2399 1795 2459 so
1824 2398 1904 2458 jedes
1934 2398 2019 2458 Jahr
2055 2398 2152 2458 einige
2182 2394 2354 2454 Novellen,
2378 2392 2423 2452 bis
2453 2393 2521 2453 1908
2556 2395 2607 2455 sein
2643 2399 2699 2459 den
2730 2402 2861 2462 wenigen
2897 2401 3195 2461 Bühnendichtern,
3225 2402 3328 2462 died

1435 2448 1579 2508 einziger
1600 2446 1718 2506 großer
1744 2446 1862 2506 Roman
1894 2444 1976 2504 „Der
1997 2446 2068 2506 Weg
2095 2445 2140 2505 ins
2167 2443 2275 2503 Freie“
2301 2443 2445 2503 erschien.
2461 2442 2527 2502 Von
2559 2441 2610 2501 der

2641 2453 2878 2513 körperlichung
2914 2452 3000 2512 ihrer
3036 2452 3337 2512 Phantasiegeschöp

232 2455 300 2515 nur
327 2455 373 2515 der
400 2455 548 2515 Weltruf
569 2455 670 2515 jeiner
691 2455 870 2515 Vaterstadt
897 2455 954 2515 auf
976 2455 1066 2515 diesem
1104 2454 1251 2514 Gebiete,
1267 2454 1330 2514 und
1357 2453 1409 2513 da¬

1444 2494 1585 2554 späteren
1626 2492 1754 2552 Werlen
1803 2492 1863 2552 sind
1904 2493 1978 2553 noch
2020 2492 2221 2552 „Casanovas
2264 2490 2465 2550 Heimfahrt"
2507 2490 2622 2550 (1918),
2649 2501 2805 2561 mochten,
2819 2503 2872 2563 daß
2900 2503 2933 2563 sie
2954 2502 3110 2562 wirkliche
3131 2501 3292 2561 Menschen
3320 2499 3346 2559 sa

229 2502 381 2562 Beispiel
419 2502 471 2562 des
514 2499 656 2559 Vaters,
689 2502 826 2562 sondern
869 2499 927 2559 vor
969 2502 1048 2562 allem
1107 2499 1186 2559 seine
1228 2500 1323 2560 Liebe
1345 2499 1397 2559 zum

1441 2543 1613 2603 „Fräulein
1652 2538 1743 2598 Else“
1776 2539 1889 2599 (1924),
1911 2541 1986 2601 „Die
2019 2540 2099 2600 Frau
2138 2538 2186 2598 des
2219 2538 2380 2598 Richters"
2413 2538 2531 2598 (1925),
2554 2538 2607 2598 und

230 2550 421 2610 Menschen,
447 2550 503 2610 sein
540 2547 855 2607 außerordentliches
887 2547 1047 2607 Interesse
1079 2547 1114 2607 am
1156 2547 1326 2607 Menschen
1363 2543 1409 2603 be¬

2728 2559 2901 2619 Schnitzler
2933 2559 3001 2619 war
3026 2559 3070 2619 ein
3101 2561 3250 2621 fleißiger
3275 2558 3343 2618 Pri

1439 2589 1488 2649 als
1524 2589 1625 2649 letztes
1665 2588 1953 2648 „Traumnovelle“
1988 2586 2093 2646 (1926)
2125 2586 2296 2646 besonders
2332 2586 2613 2646 erwähnenswert

231 2597 360 2657 wogen.
381 2598 426 2658 Er
451 2596 557 2656 wurde
577 2598 602 2658 im
642 2598 747 2658 Jahre
768 2595 838 2655 1885
864 2595 998 2655 Doktor,
1014 2595 1074 2655 und
1104 2595 1230 2655 nachdem
1265 2595 1300 2655 er
1321 2594 1395 2654 durd

2637 2610 2808 2670 Regisseur
2832 2610 2891 2670 und
2922 2610 2974 2670 den
3004 2609 3241 2669 Schauspielern
3271 2607 3341 2667 zahl

1440 2637 1541 2697 Seine
1569 2638 1644 2698 letzte
1672 2637 1785 2697 Arbeit
1807 2637 1936 2697 „Flucht
1953 2637 1979 2697 in
2012 2637 2055 2697 die
2077 2636 2298 2696 Finsternis",
2315 2636 2379 2696 eine
2402 2635 2595 2695 novellistisch

228 2644 305 2704 drei
326 2645 434 2705 Jahre
455 2644 490 2704 an
522 2643 748 2703 verschiedenen
780 2641 924 2701 Kliniken
951 2640 1136 2700 praktiziert
1162 2643 1224 2703 und
1250 2641 1316 2701 auch
1348 2639 1409 2699 ein¬

2638 2661 2728 2721 tiefes
2758 2658 2971 2718 Verständnis
2996 2655 3049 2715 für
3075 2657 3117 2717 die
3141 2658 3329 2718 Forderung

1439 2686 1575 2746 Studie,
1598 2684 1650 2744 wie
1672 2684 1702 2744 er
1729 2684 1760 2744 sie
1783 2684 2056 2744 charakterisierte,
2078 2684 2126 2744 kam
2163 2684 2189 2744 im
2226 2684 2353 2744 „Neuen
2380 2681 2511 2741 Wiener
2533 2684 2595 2744 Tag

228 2688 325 2748 Reise
357 2690 429 2750 nach
466 2690 594 2750 London
636 2690 697 2750 und
735 2690 837 2750 Paris
868 2687 1116 2747 unternommen
1153 2687 1256 2747 hatte,
1282 2687 1318 2747 um
1370 2687 1400 2747 di

2640 2709 2701 2769 Als
2744 2705 2799 2765 bei
2837 2705 2892 2765 der
2936 2706 3195 2766 Einstudierung
3227 2706 3275 2766 der
3301 2708 3343 2768 K.

1439 2734 1539 2794 blatt"
1566 2732 1592 2792 in
1624 2732 1719 2792 diesem
1762 2732 1916 2792 Sommer
1948 2733 2000 2793 zum
2038 2730 2255 2790 Vorabdruck.

229 2738 444 2798 hygienischen
477 2738 730 2798 Einrichtungen
784 2735 881 2795 dieser
924 2735 1112 2795 Weltstädte
1156 2735 1188 2795 zu
1237 2735 1393 2795 studieren

2638 2757 2806 2817 Deutschen
2837 2756 3066 2816 Volkstheater
3091 2756 3152 2816 sein
3183 2756 3273 2816 Sohn

226 2785 384 2845 Assistent
411 2783 506 2843 seines
533 2783 654 2843 Vaters
686 2785 718 2845 an
750 2783 797 2843 der
824 2783 956 2843 Wiener
983 2783 1194 2843 Allgemeinen
1231 2783 1405 2843 Poliklinil

2636 2809 2697 2869 zum
2735 2807 2906 2867 erstenmal
2925 2806 2955 2866 in
2981 2804 3066 2864 Wien
3098 2804 3195 2864 Regie
3215 2804 3318 2864 führte

1653 2819 1840 2879 Worte
1882 2816 1973 2876 des
2023 2819 2400 2879 Gedenkens.

234 2831 297 2891 und
334 2831 413 2891 blieb
445 2831 476 2891 es
508 2831 555 2891 bis
588 2831 640 2891 zum
688 2831 793 2891 Jahre
825 2828 909 2888 1893.
931 2831 1057 2891 Später
1084 2831 1131 2891 tat
1163 2829 1194 2889 er
1221 2828 1336 2888 Dienst
1363 2826 1410 2886 als

2638 2853 2694 2913 der
2723 2855 2830 2915 täglich
2865 2853 2915 2913 den
2950 2852 3074 2912 Proben
3115 2852 3307 2912 beiwohnte,

232 2876 469 2936 Militärarzt,
490 2875 596 2935 verlor
623 2876 696 2936 aber
728 2876 754 2936 im
797 2875 902 2935 Jahre
929 2876 997 2936 1901
1024 2875 1093 2935 nach
1125 2875 1172 2935 der
1204 2874 1404 2934 Publikation

1703 2896 1879 2956 Hofrat
1903 2899 2049 2959 Franz
2081 2896 2350 2956 Herterich:

2637 2902 2776 2962 arbeiter
2806 2902 2864 2962 und
2893 2902 3045 2962 Berater.
3063 2902 3103 2962 Es
3132 2902 3249 2962 nochke
3267 2901 3347 2961 wohl

236 2924 335 2984 seiner
373 2925 556 2985 berühmten
599 2923 731 2983 Wiener
769 2923 900 2983 Novelle
943 2923 1127 2983 „Leutnant
1159 2921 1275 2981 Gustl“
1328 2920 1406 2980 seine

1524 2963 1610 3023 Erst
1651 2965 1703 3025 vor
1750 2965 1782 3025 20
1823 2965 1948 3025 Jahren
1983 2965 2029 3025 kam
2070 2965 2109 3025 ich
2136 2965 2195 3025 mit
2222 2965 2288 3025 Dr.
2309 2965 2414 3025 Artur
2442 2965 2614 3025 Schnitzler
2641 2954 2747 3014 Artur
2774 2950 2960 3010 Schnitzlers
2987 2950 3113 3010 gewesen
3147 2950 3225 3010 sein,
3239 2950 3272 3010 zu
3299 2947 3338 3007 sel

226 2971 358 3031 Charge
406 2971 453 3031 als
501 2971 770 3031 Regimentsarzt
814 2971 839 3031 in
893 2972 945 3032 der
988 2971 1141 3031 Reserve.
1178 2970 1262 3030 Bald
1295 2969 1389 3029 darau

2638 3001 2740 3061 Welt,
2765 3001 2813 3061 der
2844 3001 2873 3061 er
2904 3001 2995 3061 selbst
3020 2998 3068 3058 den
3111 2998 3238 3058 größten
3275 2997 3347 3057 Teil

1440 3016 1605 3076 persönlich
1639 3013 1666 3073 in
1700 3013 1920 3073 Berührung.
1937 3013 1997 3073 Als
2026 3013 2141 3073 junger
2169 3013 2295 3073 Mensch
2340 3013 2527 3073 schwärmte
2572 3013 2599 3073 id

232 3016 378 3076 widmete
406 3019 432 3079 er
466 3019 509 3079 sich
536 3019 617 3079 ganz
645 3018 693 3078 der
721 3019 921 3079 Dichtkunst,
944 3019 987 3079 die
1009 3019 1068 3079 sein
1101 3019 1280 3079 bisheriger
1308 3017 1394 3077 Beru

1434 3062 1593 3122 natürlich
1624 3063 1673 3123 für
1710 3061 1876 3121 „Liebelei"
1926 3060 1986 3120 und
2018 3058 2170 3118 „Schleier
2221 3058 2276 3118 der
2319 3060 2509 3120 Beatrice",
2528 3058 2614 3118 hatte
2645 3051 2773 3111 widmet
2817 3049 2915 3109 hatte,
2952 3050 3001 3110 sich
3045 3049 3222 3109 bewährte.
3241 3046 3308 3106 Vor

237 3061 285 3121 als
313 3061 388 3121 Arzt
415 3063 485 3123 reich
512 3063 684 3123 befruchtet
706 3063 770 3123 hat.

1442 3111 1521 3171 dann
1552 3109 1619 3169 1909
1650 3108 1692 3168 die
1718 3108 1858 3168 Freude,
1877 3108 1901 3168 in
1938 3110 2060 3170 Leipzig
2092 3107 2147 3167 mit
2172 3105 2276 3165 Kainz
2319 3108 2374 3168 das
2423 3106 2619 3166 „Zwischen-
2638 3099 2859 3159 Besprechung
2890 3097 2951 3157 mit
2976 3096 3024 3156 dem
3068 3096 3208 3156 Dichter,
3221 3096 3275 3156 der
3301 3091 3343 3151 ein

316 3106 423 3166 Seine
455 3108 675 3168 Entwicklung
707 3110 794 3170 war,
835 3108 891 3168 wie
923 3111 1041 3171 bereits
1093 3111 1303 3171 angedeutet,
1345 3108 1401 3168 vor

235 3155 391 3215 frühester
423 3155 554 3215 Jugend
586 3156 641 3216 her
680 3157 766 3217 durch
805 3157 849 3217 die
874 3158 1005 3218 geistige
1037 3159 1099 3219 und
1131 3159 1406 3219 gesellschafttliche
1438 3159 1532 3219 spiel"
1564 3159 1594 3219 zu
1626 3157 1820 3217 inszenieren
1852 3156 1920 3216 und
1952 3155 2051 3215 später
2083 3153 2115 3213 am
2166 3155 2384 3215 Burgtheater
2416 3153 2459 3213 die
2491 3153 2616 3213 Urauf=
2641 3147 2773 3207 Stückes
2805 3147 2911 3207 „Ruf
2937 3145 3005 3205 des
3030 3144 3224 3204 Lebens"
3250 3144 3324 3204 vorg

1440 3204 1586 3264 führung
1615 3204 1671 3264 von
1706 3201 1874 3261 „Komödie
1903 3201 1953 3261 der
1983 3198 2213 3258 Verführung"
2242 3201 2299 3261 und
2333 3200 2377 3260 die
2406 3200 2615 3260 Erstauffüh=
2644 3195 2864 3255 ursprünglich
2898 3195 2948 3255 zum
2994 3194 3163 3254 siebzigsten
3198 3191 3343 3251 Geburts

238 3203 454 3263 Atmosphäre
486 3204 687 3264 beeinflußt,
714 3205 761 3265 die
799 3205 825 3265 in
868 3207 968 3267 seinem
1021 3207 1206 3267 Vaterhaus
1249 3207 1417 3267 herrschte.

1438 3251 1521 3311 rung
1552 3251 1605 3311 von
1636 3250 1792 3310 „Schleier
1817 3248 1870 3308 der
1889 3248 2051 3308 Beatvice"
2076 3248 2106 3308 zu
2130 3248 2263 3308 bringen
2293 3247 2383 3307 sowie
2402 3246 2449 3306 die
2468 3246 2612 3306 Wieder=
2643 3244 2799 3304 zuführen
2836 3243 3046 3303 beabsichtigte
3083 3243 3149 3303 und
3179 3243 3239 3303 nun
3276 3243 3335 3303 leid

226 3251 310 3311 Hier
342 3253 453 3313 wurde
485 3253 532 3313 ihm
581 3254 628 3314 die
665 3254 860 3314 eigenartige
892 3254 956 3314 und
988 3256 1141 3316 spezifisch
1173 3254 1389 3314 österreichisch

1436 3299 1616 3359 aufnahme
1645 3299 1695 3359 des
1724 3299 1944 3359 „Medardus"
1978 3299 2000 3359 in
2035 3299 2085 3359 den
2119 3299 2294 3359 Spielplan
2323 3297 2356 3357 zu
2391 3296 2616 3356 ermöglichen.
2645 3293 2717 3353 feier
2741 3294 2853 3354 spielen
2882 3293 2977 3353 kann.

224 3299 399 3359 Mischung
425 3300 591 3360 vertraut,
612 3302 656 3362 die
682 3302 707 3362 in
738 3302 787 3362 den
819 3304 969 3364 achtziger
994 3302 1055 3362 und
1086 3304 1256 3364 neunziger
1282 3302 1402 3362 Jahren

226 3347 277 3407 die
314 3349 411 3409 „gute
442 3348 576 3408 Wiener
612 3350 833 3410 Gesellschaft“
870 3350 1039 3410 darstellte.
1071 3351 1132 3411 Die
1169 3350 1400 3410 heterogenster

231 3393 421 3453 Elemente:
452 3397 623 3457 Gelehrte,
669 3398 875 3458 Advokaten,
916 3397 1087 3457 Künstler,
1113 3398 1289 3458 Kaufleute
1345 3397 1404 3457 und

225 3442 390 3502 Bankiers
420 3442 561 3502 lieferten
592 3443 641 3503 ihm
687 3445 731 3505 die
757 3444 863 3504 Typen
893 3445 993 3505 seiner
1019 3445 1159 3505 späteren
1195 3444 1315 3504 Werke,
1336 3445 1395 3505 erst

2981 3463 3158 3523 Artur
3196 3463 3326 3523 Schn

226 3490 458 3550 Begeisterung
494 3490 548 3550 für
575 3490 625 3550 die
656 3490 862 3550 dramatische
893 3492 994 3552 Kunst
1020 3493 1081 3553 gab
1112 3492 1161 3552 ihm
1212 3490 1268 3550 das
1299 3492 1409 3552 Burg¬

222 3538 365 3598 theater,
381 3538 434 3598 von
469 3538 518 3598 dem
558 3538 638 3598 viele
658 3540 707 3600 der
732 3541 904 3601 damaligen
940 3540 1068 3600 Größen
1099 3541 1123 3601 in
1153 3541 1251 3601 seinem
1291 3540 1409 3600 Vater¬

226 3586 311 3646 haus
346 3586 542 3646 verkehrten.
568 3589 658 3649 Allen
689 3587 865 3647 politischen
901 3589 1292 3649 Auseinandersetzungen
1328 3589 1403 3649 ging

225 3631 261 3691 er
288 3634 345 3694 fast
367 3636 514 3696 ängstlich
541 3634 599 3694 aus
631 3635 678 3695 dem
721 3635 815 3695 Weg.
837 3636 1047 3696 Bezeichnend
1074 3636 1127 3696 für
1154 3636 1206 3696 sein
1238 3635 1343 3695 Wesen
1381 3634 1412 3694 ist

219 3678 270 3738 die
297 3681 473 3741 Antwort,
495 3681 541 3741 die
567 3681 598 3741 er
630 3682 686 3742 auf
708 3684 754 3744 die
786 3684 889 3744 Frage
916 3684 983 3744 nach
1015 3684 1269 3744 biographischen
1306 3681 1404 3741 Daten

221 3732 310 3792 gab:
332 3732 401 3792 „Ich
434 3732 481 3792 bin
513 3732 582 3792 1862
604 3732 742 3792 geboren
774 3732 832 3792 und
860 3732 928 3792 war
950 3732 1045 3792 Arzt.

316 3789 496 3849 Schnitzler
527 3789 655 3849 wohnte
682 3789 708 3849 in
744 3789 981 3849 Währing,
1002 3789 1048 3849 wo
1080 3789 1110 3849 er
1142 3789 1167 3849 in
1203 3787 1255 3847 der
1286 3786 1409 3846 Stern¬

215 3839 423 3899 wartestraße
454 3838 494 3898 ein
530 3836 606 3896 Heim
657 3838 754 3898 halte.
800 3836 876 3896 Sein
912 3835 1186 3895 Arbeitszimmer
1233 3836 1294 3896 von
1335 3835 1405 3895 vor¬

219 3887 350 3947 nehmer
381 3887 619 3947 Behaglichkeit
656 3884 726 3944 war
757 3885 813 3945 von
849 3884 899 3944 dem
945 3884 1061 3944 breiten
1103 3882 1306 3942 Schreibtisch
1347 3881 1402 3941 und

219 3935 270 3995 der
302 3935 478 3995 prächtigen
515 3932 701 3992 Bibliothek
733 3933 919 3993 beherrscht.
961 3935 1043 3995 Doch
1075 3932 1225 3992 arbeitete
1272 3932 1308 3992 er
1350 3929 1391 3989 am

215 3983 339 4043 liebsten
371 3983 407 4043 an
439 3983 528 4043 einem
570 3983 736 4043 Stehpult
763 3981 798 4041 an
836 3983 888 4043 der
919 3981 1033 4041 rechten
1070 3980 1190 4040 Wand.
1212 3979 1404 4039 Graphische

221 4030 441 4090 Kunstwerke,
465 4030 646 4090 Plastiken,
670 4030 714 4090 die
744 4030 846 4090 Büste
875 4030 1187 4090 Beer=Hofmanns,
1205 4027 1295 4087 fielen
1352 4024 1408 4084 be¬

230 4080 362 4140 sonders
390 4078 447 4138 auf

314 4126 421 4186 Artur
445 4126 639 4186 Schnitzler,
663 4126 708 4186 der
737 4126 931 4186 verheiratet
955 4129 1040 4189 war,
1064 4126 1149 4186 hatte
1172 4125 1252 4185 zwei
1276 4120 1412 4180 Kinder,
