3392 4384
156 1529 246 1589 ae

166 1587 253 1647 Loj.

165 1647 228 1707 den

152 1706 249 1766 od-

160 1822 237 1882 vise

158 1881 241 1941 et

166 1937 230 1997 den

155 1998 239 2058 kor,

158 2056 238 2116 tret

137 2117 225 2177 k.

157 2235 224 2295 mte

161 2292 224 2352 den

160 2408 222 2468 ien

135 2473 238 2533 ng;

140 2528 226 2588 lde

160 2589 212 2649 bon

154 2706 186 2766 a

143 2999 216 3059 in

1458 434 1589 494 box
1667 434 1906 494 43/20

174 440 303 500 12.
355 441 950 501 Schnitzler's
1013 438 1244 498 Death

1855 1530 1925 1590 mig
1951 1527 2092 1587 bestemt
2118 1527 2295 1587 benegtet.
2320 1525 2547 1585 Sandeyuligt
2572 1524 2607 1584 or
2632 1522 2774 1582 modede
2799 1521 2978 1581 Guldkorn
3015 1521 3037 1581 i
3063 1521 3157 1581 hvert
3194 1521 3240 1581 af
3277 1521 3324 1581 de

302 1545 335 1605 le
360 1545 405 1605 je,
429 1544 474 1604 som
522 1541 543 1601 i
568 1539 659 1599 tyske
683 1539 774 1599 Oren
810 1538 867 1598 led
914 1534 971 1594 som
1018 1534 1052 1594 et
1076 1534 1156 1594 tede
1180 1533 1236 1593 hun
1273 1533 1317 1593 sig
1353 1533 1398 1593 som
1446 1530 1571 1590 omtalt
1596 1531 1664 1591 med
1688 1530 1722 1590 en
1758 1528 1803 1588 ita

1857 1586 1925 1646 det,
1951 1584 1982 1644 at
2008 1584 2082 1644 Lily
2108 1584 2314 1644 Schnitzlers
2340 1584 2440 1644 Mand
2472 1584 2534 1644 paa
2566 1581 2596 1641 en
2635 1581 2778 1641 mindste
2804 1581 2892 1641 Ord,
2911 1582 2942 1642 og
2967 1581 3098 1641 Barnet
3118 1581 3198 1641 foler
3224 1581 3317 1641 tydel

295 1605 477 1665 Kærtegn.
519 1601 583 1661 For
607 1599 666 1659 ham
708 1595 819 1655 kunde
849 1593 937 1653 dette
961 1593 1037 1653 Sted
1074 1593 1179 1653 liensk
1209 1593 1332 1653 Officer
1362 1590 1397 1650 og
1427 1590 1568 1650 flyttede
1598 1587 1645 1647 til
1669 1587 1809 1647 Venedig

2639 1638 2674 1698 at
2695 1641 2771 1701 man
2800 1638 2933 1698 venter,
2955 1638 3010 1698 det
3032 1638 3116 1698 skal
3138 1638 3305 1698 udtrykke

292 1665 365 1725 lige
396 1664 444 1724 saa
476 1661 561 1721 godt
586 1659 671 1719 ligge
702 1656 714 1716 i
739 1653 922 1713 Marokko.
966 1652 1039 1712 Men
1076 1650 1143 1710 Det
1168 1650 1198 1710 er
1223 1650 1363 1710 rigtigt,
1389 1649 1418 1709 at
1444 1647 1633 1707 Schnitzler
1658 1647 1706 1707 fra
1738 1647 1823 1707 forst
1854 1644 1933 1704 eller
1964 1644 2068 1704 anden
2105 1643 2227 1703 Maade
2259 1641 2319 1701 har
2344 1641 2466 1701 skuffet
2497 1641 2576 1701 hend

2637 1698 2847 1758 særpræget,
2870 1698 3013 1758 subtilt,
3036 1698 3066 1758 og
3105 1698 3194 1758 soger
3226 1697 3262 1757 at
3286 1695 3337 1755 fir

1932 1701 2149 1761 Schnitzlers
2180 1701 2384 1761 voldsomme
2421 1698 2589 1758 Vredesud

295 1721 465 1781 desuden,
483 1717 584 1777 sagde
608 1715 690 1775 han,
708 1713 813 1773 havde
837 1712 896 1772 han
927 1710 996 1770 last
1015 1711 1044 1771 et
1080 1711 1114 1771 af
1144 1710 1197 1770 saa
1233 1708 1297 1768 med
1334 1707 1439 1767 megen
1475 1707 1616 1767 Skepsis
1640 1707 1704 1767 paa
1741 1706 1828 1766 dette

2636 1756 2671 1816 en
2700 1755 2821 1815 Form,
2843 1754 2892 1814 som
2936 1754 3050 1814 fylder
3079 1754 3135 1814 den
3165 1754 3292 1814 fejrede

1856 1760 1940 1820 brud
1968 1760 1976 1820 i
2003 1760 2140 1820 Venedig
2167 1760 2252 1820 synes
2279 1760 2313 1820 at
2331 1757 2408 1817 tyde
2426 1757 2434 1817 i
2461 1757 2512 1817 den
2539 1756 2598 1816 Ret

1072 1768 1285 1828 Egteskab;
1303 1766 1366 1826 men
1395 1766 1482 1826 efter
1506 1766 1534 1826 et
1558 1763 1655 1823 Besog
1685 1763 1828 1823 dernede

300 1781 402 1841 Sted,
422 1779 453 1839 at
480 1778 537 1838 den
570 1775 678 1835 varme
705 1772 878 1832 Golfstrom
917 1769 1038 1829 strejfe

2635 1814 2696 1874 der
2725 1813 2800 1873 eller
2835 1814 2952 1874 Moder
2980 1814 3041 1874 med
3076 1814 3248 1874 hemmelig
3283 1812 3331 1872 Ste

1852 1821 1934 1881 ning
1971 1823 1982 1883 —
2036 1819 2101 1879 men
2144 1819 2250 1879 denne
2281 1817 2399 1877 Grund
2436 1814 2494 1874 kan
2531 1816 2583 1876 ikk

1076 1826 1196 1886 vendte
1220 1826 1283 1886 han
1313 1826 1387 1886 glad
1417 1826 1451 1886 og
1481 1823 1665 1883 forfrisket
1689 1823 1815 1883 tilbage

303 1840 339 1900 de
364 1835 561 1895 Danmarks
586 1835 727 1895 Kyster,
752 1834 789 1894 og
820 1830 857 1890 at
882 1828 949 1888 man
986 1826 1035 1886 vir

2640 1874 2717 1934 hed.
2740 1874 2782 1934 Er
2812 1873 2868 1933 det
2890 1873 2932 1933 nu
2962 1874 2990 1934 et
3020 1872 3140 1932 ganske
3170 1872 3334 1932 almindel

1080 1888 1144 1948 Det
1163 1885 1215 1945 kom
1257 1883 1368 1943 derfor
1386 1884 1439 1944 som
1475 1883 1503 1943 et
1522 1882 1727 1942 Tordenslag
1751 1880 1827 1940 over
1858 1879 1940 1939 have
1976 1877 2075 1937 været
2111 1877 2164 1937 den
2200 1875 2411 1935 afgerende;
2435 1873 2511 1933 Lily
2547 1873 2605 1933 var

293 1898 387 1958 kelig
419 1896 488 1956 hist
513 1895 550 1955 og
582 1892 639 1952 her
665 1890 777 1950 kunde
810 1887 910 1947 træffe
942 1886 1041 1946 Tillot

2637 1932 2748 1992 Barn,
2772 1931 2831 1991 saa
2862 1931 2966 1991 bliver
2997 1931 3056 1991 det
3079 1931 3168 1991 enten
3207 1931 3318 1991 forskr

1858 1938 1902 1998 sin
1941 1936 2069 1996 Faders
2101 1933 2209 1993 eneste
2236 1933 2357 1993 Datter
2409 1933 2447 1993 og
2499 1933 2594 1993 vidst

1080 1944 1173 2004 ham,
1192 1944 1226 2004 da
1256 1942 1285 2002 et
1309 1942 1468 2002 Telegram
1510 1939 1691 1999 meddelte,
1710 1939 1744 1999 at
1774 1939 1826 1999 der

296 1957 345 2017 til
376 1954 498 2014 tropisk
537 1948 751 2008 Vegetation.
776 1948 844 2008 Det
869 1947 936 2007 slog
968 1947 1029 2007 mig

2636 1990 2715 2050 eller
2738 1990 2933 2050 mismodigt
2956 1987 3021 2047 med
3051 1988 3145 2048 Hang
3175 1990 3217 2050 til
3240 1988 3326 2048 Mind

1858 1996 2020 2056 usvigelig
2053 1995 2196 2055 sikkert,
2216 1994 2249 2054 at
2269 1993 2327 2053 hun
2354 1991 2438 2051 altid
2464 1990 2522 2050 var
2549 1990 2600 2050 vel

1079 2005 1136 2065 var
1169 2002 1296 2062 hændet
1322 1999 1430 2059 hende
1457 1999 1488 2059 en
1521 1999 1744 2059 Katastrofe.
1764 1996 1814 2056 Dr

299 2014 339 2074 at
368 2013 416 2073 caa
451 2010 520 2070 lille
549 2008 611 2068 var
639 2008 742 2068 altsaa
778 2005 853 2065 vort
875 2005 992 2065 Land,
1013 2007 1047 2067 og

2637 2048 2977 2108 værdskomplekser.
3000 2047 3086 2107 Eller
3116 2047 3166 2107 det
3189 2047 3297 2107 skejer

1858 2053 2004 2113 kommen
2038 2053 2056 2113 i
2076 2053 2120 2113 sit
2146 2053 2255 2113 gamle
2281 2053 2402 2113 Hjem,
2429 2050 2499 2110 hvis
2525 2050 2595 2110 Lyk

1079 2061 1266 2121 Schnitzler
1300 2058 1483 2118 chartrede
1533 2056 1649 2116 straks
1683 2056 1715 2116 en
1760 2056 1815 2116 Ma

299 2071 338 2131 at
373 2071 480 2131 denne
508 2068 602 2128 store
637 2065 737 2125 Mand
778 2065 832 2125 fra
873 2065 926 2125 det
954 2062 1028 2122 stor

2636 2108 2691 2168 som
2727 2107 2783 2167 saa
2812 2107 2924 2167 mangt
2946 2107 2981 2167 et
2996 2105 3178 2165 mislykket
3200 2106 3334 2166 Kunstr

1858 2114 1917 2174 ken
1945 2113 1964 2173 i
1985 2113 2037 2173 det
2065 2110 2124 2170 nye
2151 2111 2257 2171 brast.

1079 2121 1174 2181 skine
1205 2121 1240 2181 og
1272 2119 1343 2179 floj
1368 2119 1385 2179 i
1416 2116 1626 2176 Stormflugt
1658 2116 1705 2176 til
1736 2114 1819 2174 Vene

296 2131 388 2191 Rige
419 2128 511 2188 intet
543 2125 653 2185 vidste
685 2125 820 2185 derom,
845 2125 882 2185 ja
919 2122 1048 2182 mindre

1909 2171 1978 2231 Der
1999 2169 2068 2229 maa
2097 2169 2130 2229 da
2152 2169 2234 2229 have
2256 2168 2352 2228 været
2374 2166 2408 2226 en
2429 2166 2532 2226 anden
2561 2167 2595 2227 og
2630 2167 2740 2227 barn,
2762 2164 2858 2224 seger
2894 2163 3004 2223 Stette
3039 2163 3052 2223 i
3081 2163 3316 2223 Stimulanser

1082 2180 1156 2240 dig,
1178 2178 1241 2238 men
1273 2177 1395 2237 naaede
1422 2178 1496 2238 ikke
1523 2175 1555 2235 at
1576 2175 1607 2235 se
1635 2172 1682 2232 sin
1709 2172 1830 2232 Datter

301 2189 360 2249 end
398 2187 499 2247 intet,
525 2186 560 2246 og
591 2184 754 2244 samtidig
791 2181 876 2241 folte
906 2182 949 2242 jeg
986 2182 1045 2242 mit

1082 2238 1094 2298 i
1114 2238 1208 2298 Live.
1228 2237 1298 2297 Hun
1330 2235 1432 2295 havde
1458 2235 1553 2295 gjort
1573 2234 1617 2294 sin
1643 2232 1827 2292 frygtelige
1860 2231 1961 2291 langt
1988 2229 2108 2289 dybere
2147 2228 2299 2288 liggende
2332 2226 2459 2286 Aarsag
2492 2226 2542 2286 til
2568 2225 2599 2285 en
2638 2223 2727 2283 Vin,
2747 2223 2874 2283 Kokain
2900 2223 2982 2283 eller
3002 2223 3180 2283 letvunden
3206 2223 3327 2283 Elskov

295 2247 357 2307 saa
393 2244 607 2304 forunderlig
643 2241 718 2301 rert
765 2239 845 2299 over
881 2238 892 2298 i
921 2238 1048 2298 Arthui

2646 2286 2675 2346 og
2706 2283 2788 2343 gaar
2819 2283 2985 2343 langsomt
3009 2280 3054 2340 til
3077 2280 3235 2340 Grunde,
3252 2283 3333 2343 pint

1080 2298 1227 2358 Gerning
1263 2295 1451 2355 grundigt,
1469 2294 1575 2354 skudt
1599 2292 1645 2352 sig
1681 2292 1745 2352 med
1781 2291 1822 2351 sin
1865 2289 1987 2349 saadan
2012 2286 2230 2346 Beslutning,
2248 2286 2335 2346 taget
2354 2286 2388 2346 af
2407 2285 2436 2345 en
2460 2285 2612 2345 purung,

299 2304 513 2364 Schnitzlers
542 2301 795 2361 omspændende
829 2298 947 2358 Videns
976 2298 1043 2358 stol

302 2366 335 2426 te
362 2361 653 2421 Aladdinspalads
674 2359 706 2419 at
727 2358 805 2418 have
833 2360 978 2420 opdaget
998 2358 1051 2418 det
1085 2355 1210 2415 Mands
1231 2352 1555 2412 Tjenesterevolver,
1576 2352 1734 2412 liggende
1755 2350 1767 2410 i
1788 2349 1834 2409 sit
1862 2348 2007 2408 livsglad
2047 2346 2079 2406 og
2113 2346 2384 2406 tilsyneladende
2418 2344 2604 2404 ligevægtig
2644 2344 2677 2404 et
2698 2343 2922 2403 uafrysteligt
2949 2341 3015 2401 Nag
3049 2340 3121 2400 over
3148 2340 3220 2400 ikke
3248 2337 3280 2397 at
3307 2335 3340 2395 va

1863 2405 1965 2465 Pige,
1980 2405 2014 2465 og
2049 2405 2090 2465 jeg
2119 2404 2228 2464 mener
2249 2403 2262 2463 i
2277 2402 2366 2462 mine
2388 2399 2476 2459 stille
2498 2400 2608 2460 Timer
2643 2399 2752 2459 blevet
2781 2399 2850 2459 det,
2871 2399 2946 2459 man
2974 2399 3112 2459 ventede
3140 2396 3174 2456 af
3202 2397 3277 2457 det.

1080 2414 1259 2474 Badekar.
1283 2413 1346 2473 Fra
1375 2411 1403 2471 en
1439 2411 1543 2471 fælles
1578 2410 1659 2470 Ven,
1683 2408 1740 2468 der
1769 2405 1821 2465 net

303 2423 381 2483 lille
403 2420 595 2480 ufuldferte
624 2417 731 2477 Vindu
753 2421 802 2481 ..

2696 2457 2757 2517 Jeg
2789 2459 2873 2519 tror,
2897 2458 2943 2518 det
2967 2456 2997 2516 er
3021 2456 3121 2516 gaaet
3145 2456 3214 2516 Lily
3238 2456 3322 2516 Schn

1078 2476 1117 2536 op
1152 2473 1304 2533 dengang
1338 2470 1484 2530 opholdt
1512 2468 1558 2528 sig
1592 2468 1611 2528 i
1632 2468 1745 2528 Byen,
1772 2465 1824 2525 véd
1865 2465 1904 2525 at
1931 2465 2011 2525 have
2045 2464 2164 2524 fundet
2192 2462 2225 2522 en
2259 2461 2364 2521 Slags
2392 2459 2598 2519 Forklaring

1861 2523 1920 2583 der
1951 2522 2115 2582 muligvis
2146 2521 2183 2581 er
2222 2522 2334 2582 denne
2372 2519 2612 2579 psykologiske
2643 2519 2687 2579 ler
2718 2519 2777 2579 paa
2808 2516 2966 2576 lignende
2997 2516 3131 2576 Maade.
3154 2514 3228 2574 Hun
3259 2514 3326 2574 elsk

366 2541 425 2601 O.a
448 2537 575 2597 Arthur
606 2535 808 2595 Schnitzlers
832 2534 891 2594 Liv
914 2534 974 2594 har
998 2532 1057 2592 der
1088 2537 1162 2597 jeg,
1177 2532 1207 2592 at
1238 2531 1290 2591 den
1313 2530 1365 2590 til
1381 2528 1432 2588 det
1456 2528 1591 2588 yderste
1614 2525 1741 2585 rolige,
1757 2522 1823 2582 selv

2634 2579 2679 2639 og
2711 2576 2765 2636 saa
2789 2576 2827 2636 op
2859 2576 2904 2636 til
2928 2573 2981 2633 den
3013 2573 3121 2633 store,
3137 2576 3206 2636 rigt
3238 2573 3314 2633 udru

1084 2590 1279 2650 beherskede
1315 2588 1503 2648 Schnitzler
1539 2585 1591 2645 vel
1622 2585 1674 2645 for
1728 2585 1834 2645 ferste
1870 2582 2005 2642 Gaades
2035 2581 2118 2641 rette
2148 2579 2312 2639 Losning.

302 2599 451 2659 allerede
484 2596 607 2656 dannet
634 2596 680 2656 sig
713 2593 823 2653 Myte.
850 2593 915 2653 Det
941 2590 993 2650 laa
1026 2590 1051 2650 je

2647 2635 2687 2695 de
2705 2635 2835 2695 Fader,
2853 2632 2926 2692 men
2952 2632 3033 2692 felte
3059 2632 3074 2692 —
3116 2632 3181 2692 kun
3207 2632 3313 2692 javnt

1916 2638 1984 2698 Det
2013 2638 2048 2698 er
2076 2638 2138 2698 min
2174 2638 2257 2698 Tro,
2278 2638 2312 2698 at
2340 2636 2396 2696 der
2438 2635 2514 2695 lige
2556 2635 2611 2695 fra

302 2661 365 2721 saa
391 2657 454 2717 nær
474 2655 512 2715 at
531 2653 633 2713 slutte
653 2653 704 2713 fra
737 2651 883 2711 Begerne
909 2650 940 2710 og
966 2650 1062 2710 iden-
1089 2648 1184 2708 Gang
1216 2648 1228 2708 i
1255 2647 1298 2707 sit
1318 2645 1381 2705 Liv
1408 2644 1561 2704 forfaldt
1587 2641 1631 2701 til
1658 2643 1823 2703 Paroksys

2645 2695 2742 2755 gavet
2765 2692 2803 2752 og
2834 2692 2878 2752 ret
2901 2689 3134 2749 interesseles,
3151 2692 3202 2752 som
3241 2692 3300 2752 hun

1866 2698 2005 2758 Fedslen
2039 2698 2138 2758 hviler
2165 2695 2197 2755 en
2225 2695 2303 2755 tung
2331 2695 2436 2755 Byrde
2463 2693 2522 2753 paa
2550 2692 2615 2752 sto¬

303 2716 446 2776 tificere
471 2715 560 2775 deres
579 2713 644 2773 ofte
669 2713 837 2773 gentagne
862 2708 1060 2768 Hovedper-
1085 2708 1180 2768 mer;
1199 2704 1373 2764 Paladsets
1392 2704 1487 2764 Sale,
1500 2703 1578 2763 hvor
1602 2701 1758 2761 Datteren
1783 2701 1830 2761 las

2672 2749 2679 2809 -
2704 2752 2947 2812 Umuligheden
2972 2749 3011 2809 af
3028 2749 3066 2809 at
3091 2749 3208 2809 komme
3233 2750 3248 2810 i
3264 2751 3295 2811 en

1864 2760 1903 2820 re
1930 2758 2143 2818 Kunstneres
2171 2755 2276 2815 Bern.
2304 2753 2383 2813 Ofte
2411 2752 2443 2812 er
2478 2752 2510 2812 de
2538 2752 2617 2812 fedt

1084 2767 1172 2827 dod,
1190 2765 1266 2825 skal
1291 2764 1373 2824 have
1403 2763 1544 2823 genlydt
1574 2761 1610 2821 af
1634 2761 1722 2821 hans
1746 2760 1810 2820 Jam

303 2779 389 2839 son,
409 2776 457 2836 den
489 2773 656 2833 elegante,
675 2770 866 2830 overlegne,
886 2767 953 2827 lidt
979 2767 1052 2827 træt

2642 2811 2732 2871 kelig
2764 2810 2915 2870 aandelig
2954 2809 3106 2869 Kontakt
3129 2809 3174 2869 til
3198 2809 3250 2869 sin
3282 2809 3319 2869 kl

1862 2817 1933 2877 med
1967 2814 1999 2874 et
2019 2814 2156 2874 splittet
2184 2814 2288 2874 Sind,
2308 2812 2340 2872 er
2367 2811 2524 2871 udstyret
2545 2811 2609 2871 med

303 2837 338 2897 te
357 2834 560 2894 Levemand,
573 2830 638 2890 med
663 2828 873 2888 Forfatteren
898 2826 981 2886 selv.
994 2824 1059 2884 Det
1090 2823 1240 2883 merraab
1270 2825 1306 2885 og
1337 2822 1600 2882 Forbandelser.
1619 2818 1733 2878 Dagen
1769 2815 1823 2875 der

2646 2868 2782 2928 tilbedte
2813 2865 2942 2925 Fader,
2966 2866 3018 2926 som
3057 2865 3125 2925 hun
3156 2865 3270 2925 troede

1866 2874 2163 2934 Tillebstalenter,
2188 2871 2244 2931 har
2269 2871 2505 2931 Skabertrang
2536 2867 2616 2927 mere

305 2895 436 2955 eneste,
455 2892 526 2952 man
557 2890 616 2950 med
647 2887 833 2947 Sikkerhed
864 2886 935 2946 véd,
954 2885 1007 2945 er,
1026 2886 1055 2946 at
1086 2885 1151 2945 paa
1182 2883 1236 2943 tog
1266 2883 1326 2943 han
1357 2880 1428 2940 hjem
1471 2880 1518 2940 til
1543 2877 1656 2937 Wien,
1675 2878 1771 2938 stille
1795 2879 1831 2939 og

2645 2928 2748 2988 hende
2778 2925 2851 2985 over
2881 2925 3050 2985 Hovedet.
3073 2925 3153 2985 Hun
3184 2925 3294 2985 havde

1862 2934 1921 2994 end
1957 2931 2187 2991 Skaberevne.
2212 2930 2312 2990 Ingen
2348 2928 2430 2988 Bern
2467 2928 2596 2988 trænge

311 2952 502 3012 Schnitzler
533 2949 641 3009 levede
672 2946 797 3006 adskilt
828 2945 875 3005 fra
906 2943 954 3003 sin
984 2943 1062 3003 ind-
1087 2942 1273 3002 forstenet,
1297 2941 1327 3001 en
1358 2940 1483 3000 Olding
1514 2938 1579 2998 paa
1610 2937 1640 2997 et
1664 2937 1778 2997 Dogn.

1144 3000 1211 3060 Der
1238 3000 1271 3060 er
1293 3000 1400 3060 blevet
1428 2997 1535 3057 gisnet
1563 2997 1597 3057 og
1631 2995 1759 3055 skrevet
1787 2994 1820 3054 om
1868 2991 1921 3051 som
1963 2991 2220 3051 Kunstnerbern
2247 2990 2287 3050 til
2308 2988 2443 3048 sjælelig
2471 2988 2558 3048 Rogt
2580 2989 2613 3049 og
2647 2987 2788 3047 igennem
2830 2985 2985 3045 udviklet
3006 2985 3039 3045 en
3074 2985 3134 3045 lidt
3162 2985 3283 3045 sygelig
3311 2985 3323 3045 1

307 3012 456 3072 tagende
487 3009 595 3069 Frue,
620 3007 673 3067 som
722 3006 806 3066 han,
837 3005 962 3065 trofast
993 3003 1041 3063 som

1868 3051 1965 3111 Pleje
1996 3050 2047 3110 for
2086 3050 2115 3110 at
2146 3049 2236 3109 blive
2267 3044 2499 3104 harmoniske,
2545 3045 2619 3105 hele
2650 3044 2694 3104 til
2717 3044 2755 3104 at
2778 3044 2860 3104 gere
2883 3043 2927 3103 sig
2958 3041 3138 3101 bemærket
3162 3041 3198 3101 af
3229 3042 3333 3102 Fader

309 3070 370 3130 han
405 3068 483 3128 var,
507 3066 665 3126 bevarede
694 3065 727 3125 et
756 3062 948 3122 ubrydeligt
983 3060 1067 3120 Ven-
1090 3059 1180 3119 dette
1204 3056 1395 3116 Selvmord,
1413 3056 1441 3116 en
1470 3056 1599 3116 19aarig
1623 3054 1701 3114 sund
1730 3053 1763 3113 og
1786 3054 1836 3114 soc

2645 3104 2855 3164 ligegyldigt
2884 3101 3003 3161 gennem
3053 3101 3136 3161 godt
3166 3100 3243 3160 eller
3286 3101 3327 3161 on

1868 3109 2092 3169 Mennesker;
2117 3109 2151 3169 og
2182 3107 2275 3167 ingen
2305 3104 2388 3164 Born
2424 3104 2600 3164 forsomme

1090 3116 1246 3176 Kvindes
1274 3116 1549 3176 tilsyneladende
1583 3113 1637 3173 saa
1675 3113 1826 3173 menings

313 3131 392 3191 skab
420 3128 472 3188 for
493 3128 532 3188 og
560 3128 593 3188 af
620 3125 652 3185 og
680 3124 726 3184 til
746 3124 873 3184 besogte
900 3122 913 3182 i
934 3121 1046 3181 Berlin

2646 3162 2717 3222 blot
2750 3161 2941 3221 bemærket.
2966 3160 3021 3220 Jeg
3062 3159 3117 3219 var
3150 3161 3261 3221 Vidne
3286 3158 3333 3218 til

1872 3167 1970 3227 mere.
1995 3167 2099 3227 Store
2125 3166 2322 3226 Kunstnere
2348 3164 2384 3224 er
2409 3164 2439 3224 jo
2471 3162 2507 3222 og
2545 3164 2612 3224 ma¬

1091 3177 1154 3237 lose
1189 3176 1386 3236 Handling.
1416 3175 1484 3235 Den
1520 3173 1746 3233 almindelige
1775 3170 1821 3230 Op

311 3191 394 3251 hvor
425 3186 485 3246 hun
522 3185 618 3245 boede
649 3184 787 3244 sammen
824 3181 890 3241 med
927 3179 1053 3239 Sonner

2653 3221 2762 3281 Træk,
2778 3221 2829 3281 der
2852 3219 2947 3279 synes
2970 3218 2999 3278 at
3022 3218 3176 3278 bekrafte
3199 3218 3301 3278 denne

1869 3229 1916 3289 til
1938 3226 1964 3286 en
2001 3224 2049 3284 vis
2071 3224 2161 3284 Grad
2193 3224 2272 3284 være
2299 3221 2542 3281 egocentriske,
2564 3224 2601 3284 op

1090 3236 1247 3296 fattelse,
1269 3233 1318 3293 som
1361 3235 1459 3295 ogsaa
1492 3231 1709 3291 Dagbladene
1743 3230 1845 3290 deler,

314 3247 503 3307 Heinrich,
528 3245 556 3305 en
592 3242 640 3302 fin
670 3245 704 3305 og
741 3241 1048 3301 gennemkultivere

2650 3277 2768 3337 Teori.
2785 3278 2854 3338 Lily
2879 3277 2910 3337 S.
2927 3277 2981 3337 var
3006 3277 3076 3337 ikke
3101 3277 3274 3337 udpræget
3290 3276 3313 3336 an

1871 3286 1966 3346 taget
1990 3284 2030 3344 af
2061 3283 2155 3343 deres
2186 3283 2286 3343 indre
2334 3280 2458 3340 Syner.
2506 3280 2606 3340 Derti

309 3305 545 3365 Skuespiller,
567 3301 705 3361 knyttet
733 3300 777 3360 til
800 3297 1064 3357 Statsteatrene.
1092 3296 1147 3356 er,
1164 3294 1202 3354 at
1225 3292 1280 3352 det
1302 3292 1412 3352 drejer
1434 3292 1478 3352 sig
1506 3292 1539 3352 om
1584 3289 1611 3349 et
1633 3288 1837 3348 Misforhole

1870 3346 2035 3406 kommer,
2056 3343 2088 3403 at
2109 3342 2361 3402 Beremtheders
2382 3338 2467 3398 Bern
2494 3337 2540 3397 alt
2567 3338 2613 3398 for
2647 3339 2666 3399 i
2687 3338 2732 3398 alt
2753 3337 2832 3397 Fald
2867 3337 2939 3397 ikke
2959 3336 3012 3396 saa
3039 3334 3124 3394 smuk
3152 3334 3204 3394 som
3244 3334 3290 3394 sin

1089 3353 1207 3413 mellem
1254 3349 1444 3409 Hjemmets
1477 3349 1543 3409 frie
1580 3349 1667 3409 Aand
1704 3347 1739 3407 og
1781 3346 1827 3406 Fa

374 3362 448 3422 Selv
478 3361 587 3421 levede
612 3361 669 3421 nan
699 3359 757 3419 ene
780 3358 791 3418 i
815 3358 861 3418 sin
885 3355 978 3415 store
1001 3353 1064 3413 Vil¬

2648 3397 2689 3457 nu
2726 3397 2809 3457 unge
2839 3397 2951 3457 Moder
2987 3394 3078 3454 (hvad
3114 3394 3170 3454 der
3199 3394 3234 3454 af
3263 3394 3297 3454 en

1091 3410 1326 3470 scistkresenes
1350 3409 1460 3469 Tvang
1489 3409 1523 3469 og
1553 3408 1719 3468 Tyranni.
1743 3406 1840 3466 Dette
1870 3403 1997 3463 tidligt
2020 3403 2123 3463 bliver
2147 3401 2320 3461 iagttaget
2344 3400 2378 3460 af
2401 3398 2603 3458 Omgivelser

315 3426 344 3486 la
375 3424 386 3484 i
412 3421 520 3481 Wiens
545 3418 683 3478 Udkant
708 3418 774 3478 med
805 3418 846 3478 sin
878 3415 962 3475 unge
987 3415 1058 3475 Dat

2648 3458 2737 3518 Pige
2766 3458 2864 3518 ogsaa
2892 3457 2954 3517 kan
2992 3457 3071 3517 feles
3101 3457 3153 3517 som
3208 3454 3244 3514 et
3272 3454 3324 3514 Tr.

1093 3471 1156 3531 har
1182 3470 1245 3530 Dr.
1265 3468 1449 3528 Schnitzler
1476 3468 1660 3528 imidlertid
1686 3466 1762 3526 over
1789 3466 1839 3526 for
1872 3467 1928 3527 ne.
1955 3463 2024 3523 Der
2057 3463 2158 3523 lyttes
2191 3460 2394 3520 uvilkaarlig
2434 3457 2516 3517 efter
2548 3457 2599 3517 for

312 3487 369 3547 ter
401 3483 496 3543 Lily.
523 3481 586 3541 For
618 3480 649 3540 et
676 3480 745 3540 Par
778 3477 847 3537 Aar
880 3477 962 3537 siden
1001 3474 1052 3534 gif
