3392 4320
1453 249 1573 309 box
1657 246 1883 306 43/25

153 267 276 327 12.
335 272 928 332 Schnitzler's
997 263 1235 323 Deatl

1709 779 1913 839 VER

1200 785 1544 845 OBSE

1326 840 1444 900 österr.
1461 840 1612 900 behördl.
1635 837 1921 897 konzessioniertes

1256 882 1487 942 Unternehmen
1514 880 1561 940 für
1583 879 1947 939 Zeitungs-Ausschnitte

1308 937 1448 997 WIEN,
1469 942 1513 1002 I.,
1533 939 1822 999 WOLLZEILE
1867 939 1905 999 11

1389 990 1603 1050 TELEPHON
1639 989 1818 1049 R-23-0-43

1262 1104 1301 1164 du
1332 1100 1507 1160 Journal:

1276 1191 1417 1251 het
1437 1161 1724 1221 Nantelslat.
1744 1127 1902 1187 Antere

1502 1233 1564 1293 25
1610 1207 1879 1267 OCTUBRE

1325 1396 1576 1456 Schmtzier
1630 1396 1864 1456 overleden

1272 1462 1320 1522 Uit
1352 1464 1512 1524 Weenen:
1531 1464 1598 1524 Het
1623 1464 1771 1524 stoffelijk
1808 1464 1975 1524 overschot

1234 1501 1285 1561 van
1322 1500 1438 1560 Arthur
1465 1501 1637 1561 Schnitzler
1666 1502 1688 1562 is
1718 1502 1761 1562 ter
1795 1502 1886 1562 aarde
1926 1498 1974 1558 be¬

1231 1537 1304 1597 steld
1342 1537 1363 1597 in
1397 1536 1448 1596 een
1485 1539 1640 1599 cere-graf
1670 1539 1725 1599 van
1762 1539 1972 1599 Israëlitische

1235 1573 1533 1633 Kultusgemeinde.

1261 1612 1436 1672 Schnitzler
1466 1613 1521 1673 had
1558 1613 1580 1673 in
1617 1613 1672 1673 zijn
1706 1612 1878 1672 testament
1926 1610 1973 1670 be¬

1228 1649 1315 1709 paald
1338 1649 1345 1709 :
1367 1647 1462 1707 «Geen
1488 1649 1642 1709 kransan,
1657 1649 1723 1709 geen
1753 1648 1973 1708 kennisgevin¬

1231 1686 1300 1746 gen,
1319 1685 1499 1745 begrafenis
1525 1685 1643 1745 laagste
1669 1683 1786 1743 klasse,
1809 1685 1860 1745 het
1883 1684 1974 1744 daar¬

1227 1721 1297 1781 door
1320 1722 1493 1782 bespaarde
1516 1721 1578 1781 geld
1605 1721 1649 1781 ten
1679 1721 1745 1781 bate
1772 1721 1823 1781 van
1853 1721 1975 1781 zicken¬

1224 1760 1349 1820 huizen,
1375 1760 1445 1820 geen
1486 1757 1710 1817 grafredenen,
1736 1758 1895 1818 geenerlei
1932 1755 1972 1815 ri¬

1226 1796 1322 1856 tuccle
1347 1796 1539 1856 ceremonie,
1553 1796 1624 1856 geen
1653 1796 1923 1856 rouvkleeding».

1256 1834 1300 1894 De
1330 1831 1465 1891 literaire
1499 1831 1723 1891 nalatenschap
1775 1831 1862 1891 komt
1907 1831 1962 1891 aan

1227 1870 1423 1930 Schnitzler's
1447 1870 1536 1930 zoon,
1552 1870 1650 1930 onder
1671 1870 1807 1930 toezicht
1831 1869 1882 1929 van
1910 1870 1964 1930 den

1224 1906 1377 1966 schrijver
1405 1903 1444 1963 Dr
1472 1906 1566 1966 Rich.
1586 1906 1861 1966 Beer-Hofmann.

1249 1942 1278 2002 In
1312 1944 1345 2004 de
1375 1942 1601 2002 nalatenschap
1634 1942 1790 2002 bevonden
1824 1943 1882 2003 zich
1916 1942 1971 2002 tal¬

1224 1979 1300 2039 rijke
1334 1978 1532 2038 fragmenten
1573 1978 1627 2038 van
1664 1979 1804 2039 novellen
1845 1981 1874 2041 en
1911 1979 1962 2039 een

1227 2014 1355 2074 voltooid
1386 2017 1598 2077 tooncelstuk,
1618 2017 1693 2077 «Zug
1724 2014 1776 2074 der
1800 2017 1966 2077 Schattens

1223 2052 1363 2112 getiteld.
1383 2051 1496 2111 Verder
1520 2051 1565 2111 een
1596 2052 1744 2112 volledige
1771 2052 1972 2112 autobiogra¬

1223 2089 1278 2149 fie,
1294 2088 1341 2148 die
1365 2088 1447 2148 eerst
1467 2089 1537 2149 over
1565 2091 1679 2151 veertig
1707 2091 1777 2151 jaar
1801 2090 1868 2150 mag
1896 2089 1970 2149 wor¬

1219 2127 1270 2187 den
1302 2127 1541 2187 gepubliceerd.

1249 2163 1294 2223 De
1329 2163 1493 2223 beroemde
1531 2164 1794 2224 Oostenrijksche
1833 2162 1970 2222 tooncel¬

1220 2200 1372 2260 schrijver
1399 2199 1429 2259 en
1463 2200 1580 2260 dichter
1611 2202 1786 2262 Schnitzler
1816 2201 1869 2261 had
1904 2199 1968 2259 ver¬

1217 2237 1323 2297 zocht,
1343 2237 1397 2297 dat
1425 2237 1480 2297 hem
1527 2237 1597 2297 voor
1629 2237 1660 2297 de
1692 2237 1872 2297 begrafenis
1907 2236 1958 2296 een

1220 2273 1322 2333 wonde
1356 2273 1378 2333 in
1411 2273 1466 2333 het
1492 2273 1561 2333 hart
1591 2273 1642 2333 zou
1691 2273 1815 2333 worden
1864 2271 1970 2331 toege¬

1221 2309 1325 2369 bracht
1346 2311 1386 2371 ten
1415 2312 1499 2372 einde
1520 2312 1576 2372 alle
1596 2309 1839 2369 mogalijkheid,
1852 2312 1904 2372 dat
1924 2314 1968 2374 hij

1216 2348 1242 2408 in
1271 2348 1319 2408 een
1348 2348 1487 2408 toestand
1517 2348 1568 2408 van
1601 2348 1780 2408 schijndooc
1810 2349 1861 2409 zou
1891 2350 1967 2410 wor¬

1220 2384 1269 2444 den
1301 2384 1472 2444 begraven,
1490 2386 1518 2446 te
1543 2387 1753 2447 voorkomen.

192 2411 556 2471 Schwäbischer
586 2411 777 2471 Merkur
817 2411 835 2471 -
865 2416 1114 2476 Stuttgart

1246 2423 1406 2483 Meerdere
1445 2422 1613 2482 eenakters
1667 2422 1719 2482 van
1777 2423 1972 2483 Schnitzler,

1219 2458 1428 2518 voorkomend
1460 2458 1481 2518 in
1503 2456 1534 2516 de
1563 2456 1825 2516 «Anatoleprecks
1846 2458 1959 2518 werden

404 2462 550 2522 Aelteste
571 2464 634 2524 und
660 2461 906 2521 bedeutendste

1207 2494 1246 2554 op
1278 2496 1372 2556 onzen
1404 2494 1490 2554 Kon.
1510 2497 1785 2557 Nederiandschen
1821 2497 1942 2557 Schouw

254 2510 355 2570 große
384 2509 622 2569 Tageszeltung
646 2509 1048 2569 Südwestdeutschlands

1215 2530 1288 2590 burg
1321 2533 1514 2593 opgevoerd.

472 2554 521 2614 mit
537 2554 637 2614 täglich
658 2554 668 2614 2
688 2554 834 2614 Ausgaben

1242 2568 1417 2628 Schnitzler
1441 2568 1567 2628 schreef
1592 2569 1670 2629 o.m.
1687 2569 1829 2629 Hazard,
1846 2569 1963 2629 Carna¬

1220 2603 1282 2663 val,
1322 2605 1509 2665 Casanova's
1553 2605 1740 2665 terugkeer,
1779 2605 1958 2665 Baddoktor

1214 2640 1375 2700 Graesler,
1391 2640 1481 2700 Else,
1497 2641 1540 2701 De
1564 2641 1721 2701 Eenzame
1749 2640 1832 2700 weg,
1852 2642 1918 2702 enz.

505 2642 671 2702 "Morgen¬

190 2658 373 2718 Ausschnitt
387 2655 440 2715 aus
462 2657 509 2717 del
543 2671 658 2731 Abend.
680 2657 828 2717 Ausgabe
843 2655 1121 2715 Nr.....

1241 2679 1363 2739 Arthur
1392 2679 1565 2739 Schnitzler
1593 2679 1731 2739 overleed
1786 2682 1956 2742 Woensdag

828 2715 923 2775 OKT.
948 2718 1003 2778 193

1206 2715 1308 2775 avond
1339 2718 1381 2778 ten
1411 2717 1537 2777 gevolge
1564 2715 1617 2775 van
1648 2717 1693 2777 een
1724 2715 1880 2775 beroerte,

490 2731 722 2791 ....

189 2733 331 2793 vom.....

1246 2754 1302 2814 Hij
1333 2754 1398 2814 was
1428 2754 1558 2814 vroeger
1592 2754 1645 2814 een
1680 2754 1801 2814 bekend
1836 2755 1965 2815 genees¬

1213 2792 1296 2852 heer,
1315 2791 1375 2851 was
1399 2793 1527 2853 militair
1551 2792 1676 2852 doctor,
1687 2791 1774 2851 maar
1802 2793 1865 2853 ging
1892 2793 1953 2853 zich

1213 2827 1273 2887 met
1297 2829 1349 2889 den
1380 2829 1429 2889 tijd
1460 2829 1482 2889 in
1513 2830 1684 2890 hoofdzaak
1715 2829 1767 2889 can
1802 2831 1832 2891 de
1859 2830 1965 2890 litera¬

944 2840 1019 2900 Bitte
1038 2841 1175 2901 wenden!

1210 2866 1280 2926 tuur
1308 2867 1434 2927 wijden,
1454 2867 1485 2927 na
1517 2867 1568 2927 het
1592 2867 1788 2927 verschijnen
1820 2868 1871 2928 van
1899 2869 1953 2929 zijn

1213 2905 1403 2965 «Luitenant
1422 2905 1545 2965 Gustl».

1245 2942 1358 3002 Vooral
1382 2942 1453 3002 door
1480 2944 1537 3004 zijn
1568 2943 1772 3003 tooneelwerk
1807 2942 1882 3002 werd
1913 2945 1962 3005 hij

1211 2980 1489 3040 wereldberoemd.
1508 2981 1595 3041 Bijna
1629 2981 1702 3041 alles
1728 2981 1753 3041 in
1786 2982 1841 3042 zijn
1874 2981 1951 3041 werk

580 2999 798 3059 Personalien

1210 3017 1231 3077 is
1258 3017 1463 3077 schakeering
1496 3017 1525 3077 en
1558 3020 1749 3080 stemming.
1768 3019 1834 3079 Zijn
1882 3020 1958 3080 hou¬

260 3058 326 3118 Auf
348 3058 399 3118 dem
446 3055 708 3115 Zentralfriedhof
735 3049 833 3109 wurde
864 3047 894 3107 am
942 3046 1060 3106 Freitag
1091 3044 1163 3104 mit¬

1205 3054 1275 3114 ding
1308 3055 1356 3115 ten
1389 3055 1529 3115 opzichte
1558 3052 1613 3112 van
1647 3055 1701 3115 zijn
1739 3055 1886 3115 personen
1923 3058 1952 3118 en

224 3097 269 3157 tag
306 3099 357 3159 der
388 3091 801 3151 Schriflheller-Arthur
838 3086 1085 3146 Schnetzler,
1106 3082 1157 3142 der

1206 3094 1262 3154 hun
1293 3091 1388 3151 daden
1415 3091 1437 3151 is
1465 3092 1802 3152 sceptisch-objectief.
1818 3093 1875 3153 Hij
1898 3093 1955 3153 was

1209 3128 1254 3188 een
1292 3129 1424 3189 meester
1459 3132 1511 3192 van
1550 3130 1602 3190 het
1633 3132 1697 3192 half
1731 3130 1947 3190 uitgesproken

226 3139 282 3199 wie
307 3139 469 3199 gemeldet,
489 3132 570 3192 Nurch
604 3131 685 3191 einen
714 3127 930 3187 Schlaganfall
949 3125 1073 3185 plötzlich
1107 3123 1159 3183 aus

1206 3169 1443 3229 tusschenspel.

225 3178 276 3238 dem
319 3178 411 3238 Leben
444 3174 565 3234 gerissen
603 3172 723 3232 worden
756 3169 835 3229 war,
859 3168 910 3228 zur
938 3164 1035 3224 letzten
1073 3163 1156 3223 Ruhe

1238 3206 1302 3266 Zijn
1336 3206 1412 3266 werk
1446 3206 1469 3266 is
1496 3205 1544 3265 een
1575 3205 1650 3265 enge
1681 3207 1863 3267 verbinding
1893 3208 1946 3268 van

228 3218 362 3278 geleitet.
382 3217 429 3277 An
458 3215 511 3275 der
540 3211 933 3271 Beisetzungsfeierlichkeit
958 3205 1082 3265 nahmen
1116 3202 1164 3262 die

1206 3244 1324 3304 novelle
1353 3242 1382 3302 en
1420 3244 1545 3304 drama.
1568 3244 1630 3304 Zijn
1667 3244 1822 3304 «Reigen»
1852 3244 1874 3304 is
1904 3245 1951 3305 een

233 3255 559 3315 Familienmitglieder
592 3251 652 3311 und
690 3251 764 3311 viele
798 3247 937 3307 Freunde
994 3246 1054 3306 und
1092 3241 1166 3301 Ver¬

1205 3282 1269 3342 stuk
1298 3279 1351 3339 dat
1372 3279 1418 3339 een
1447 3282 1525 3342 storm
1564 3280 1618 3340 van
1647 3282 1952 3342 verontwaardiging

226 3300 314 3360 ehrer
345 3297 394 3357 des
424 3294 563 3354 Dichters
583 3291 656 3351 teil.

1205 3319 1289 3379 heeft
1321 3318 1488 3378 ontketend
1523 3318 1555 3378 en
1595 3318 1739 3378 waarvan
1779 3321 1810 3381 de
1846 3321 1956 3381 opvoe¬

1205 3358 1267 3418 ring
1296 3357 1322 3417 in
1351 3356 1457 3416 enkele
1487 3357 1590 3417 steden
1623 3357 1773 3417 verboden
1806 3358 1901 3418 werd.

1236 3396 1411 3456 Schnitzler
1445 3393 1570 3453 schreef
1604 3394 1655 3454 ook
1695 3396 1746 3456 cen
1787 3399 1875 3459 groot
1909 3397 1956 3457 ro¬

1202 3432 1267 3492 man
1298 3432 1357 3492 «De
1383 3432 1438 3492 weg
1468 3432 1542 3492 naar
1564 3431 1620 3491 het
1638 3432 1753 3492 vrije».

1234 3468 1296 3528 Het
1315 3466 1392 3526 werk
1421 3467 1473 3527 van
1499 3467 1675 3527 Schnitzler
1694 3469 1778 3529 boeit
1797 3470 1870 3530 door
1889 3471 1944 3531 zijn

1205 3506 1315 3566 uiterst
1353 3506 1428 3566 fijne
1474 3506 1732 3566 psychologische
1778 3509 1956 3569 ontleding,

1199 3544 1271 3604 docr
1298 3543 1352 3603 zijn
1382 3543 1447 3603 spel
1470 3543 1521 3603 van
1551 3545 1774 3605 schakeering,
1793 3545 1866 3605 door
1888 3545 1943 3605 zijn

1199 3584 1293 3644 fijnen
1332 3581 1430 3641 geest,
1457 3583 1509 3643 zijn
1548 3581 1719 3641 weemoed,
1746 3581 1775 3641 en
1810 3583 1867 3643 zijn
1901 3583 1950 3643 be¬

1194 3623 1336 3683 korende
1362 3623 1518 3683 beelding,
1539 3623 1593 3683 zijn
1628 3623 1814 3683 melodieuze
1839 3623 1918 3683 taal.

2831 357 2926 417 Seite
2950 354 2967 414 3

2159 374 2205 434 ber
2240 373 2334 433 1931

2183 488 2232 548 der
2255 489 2343 549 Sarg
2366 486 2560 546 geschlossen.
2600 482 2643 542 Um
2683 481 2754 541 halb
2783 476 2816 536 12
2844 476 2910 536 Uhr
2949 474 3026 534 fuhr

2183 533 2234 593 das
2267 533 2468 593 Leichenauto
2510 527 2571 587 vor
2618 524 2669 584 dem
2716 521 2926 581 Sterbehause
2973 514 3029 574 vor

2188 575 2244 635 und
2281 573 2326 633 der
2358 574 2439 634 Sarg
2476 571 2583 631 wurde
2610 566 2877 626 hineingehoben.
2898 565 2944 625 In
2980 557 3031 617 der

2186 616 2491 676 Sternwartestraße
2529 613 2628 673 hatten
2666 610 2713 670 sich
2755 607 2834 667 viele
2871 605 3029 665 Tausende

2187 661 2437 721 angesammelt.

2378 733 2433 793 Am
2483 728 2862 788 Zentralfriedhof.

2224 795 2328 855 Schon
2364 793 2456 853 lange
2486 792 2537 852 vor
2567 788 2713 848 Ankunft
2742 783 2788 843 des
2824 783 3039 843 Leichenzuges

2187 839 2219 899 am
2263 838 2532 898 Zentralfriedhof
2549 833 2651 893 hatten
2679 827 2727 887 sich
2760 826 2830 886 dort
2852 827 2894 887 die
2917 825 3040 885 Reprä¬

2190 883 2344 943 sentanten
2376 880 2427 940 des
2459 878 2598 938 geistigen
2629 872 2717 932 Wien
2754 870 2779 930 in
2816 870 2903 930 einer
2929 868 3048 928 außer¬

2190 928 2348 988 ordentlich
2381 924 2491 984 großen
2523 920 2645 980 Anzahl
2672 915 2900 975 eingefunden.
2937 912 3037 972 Wenn

2192 970 2257 1030 man
2293 969 2328 1029 an
2364 967 2460 1027 diesem
2506 963 2607 1023 klaren
2663 960 2815 1020 sonnigen
2851 957 3043 1017 Oktobertag

2192 1012 2232 1072 die
2259 1011 2362 1071 Schar
2388 1008 2440 1068 der
2466 1004 2673 1064 Trauergäste
2705 1002 2761 1062 auf
2808 1001 2865 1061 dem
2932 998 3040 1058 weiten

2193 1055 2280 1115 Platz
2298 1055 2352 1115 vor
2380 1052 2430 1112 der
2459 1049 2751 1109 Zeremonienhalle
2774 1045 2823 1105 der
2852 1043 2951 1103 Reihe
2974 1040 3039 1100 nach

2192 1099 2378 1159 durchging,
2399 1095 2424 1155 so
2456 1093 2564 1153 konnte
2596 1093 2662 1153 man
2699 1090 2828 1150 wirklich
2860 1088 2968 1148 sagen,
2989 1085 3046 1145 daß

2191 1141 2284 1201 alles,
2312 1139 2373 1199 was
2407 1139 2495 1199 durch
2545 1135 2777 1195 künstlerisches
2805 1130 2927 1190 Wirken
2983 1127 3043 1187 und

2190 1187 2274 1247 durch
2305 1184 2401 1244 seinen
2432 1181 2552 1241 Namen
2583 1178 2654 1238 dazu
2684 1177 2810 1237 berufen
2846 1174 2926 1234 war,
2947 1172 3032 1232 einem

2193 1228 2302 1288 großen
2341 1225 2589 1285 österreichischen
2623 1219 2749 1279 Dichter
2782 1217 2837 1277 das
2871 1214 2953 1274 letzte
2981 1213 3046 1273 Ge¬

2198 1274 2266 1334 leite
2295 1275 2321 1335 zu
2356 1273 2466 1333 geben,
2487 1268 2576 1328 dieser
2604 1264 2720 1324 Pflicht
2748 1263 2885 1323 Genüge
2913 1263 3043 1323 geleistet

2199 1315 2294 1375 hatte.

2246 1360 2348 1420 Einige
2375 1357 2522 1417 Minuten
2548 1352 2605 1412 vor
2632 1352 2721 1412 zwölf
2748 1350 2811 1410 Uhr
2838 1348 2959 1408 erschien
2992 1347 3043 1407 das

2199 1401 2514 1461 Leichenauto.
2553 1396 2668 1456 Hinter
2719 1393 2768 1453 ihm
2836 1393 2907 1453 eine
2957 1391 3045 1451 schier

2194 1443 2315 1503 endlose
2342 1442 2496 1502 Schlange
2523 1439 2581 1499 von
2614 1437 2821 1497 Privatautos
2858 1436 2917 1496 und
2944 1434 3060 1494 Taxis.

2200 1488 2240 1548 Am
2287 1488 2431 1548 Eingang
2463 1483 2571 1543 wurde
2597 1482 2648 1542 der
2674 1483 2854 1543 Trauerzug
2891 1479 2947 1539 von
2984 1477 3029 1537 den

2205 1530 2352 1590 Vorstand
2406 1530 2458 1590 der
2501 1526 2722 1586 israelitischen
2765 1522 3049 1582 Kultusgemeinde

2200 1575 2363 1635 erwartet.
2411 1573 2469 1633 Als
2501 1571 2595 1631 erster
2623 1568 2727 1628 hinter
2760 1567 2807 1627 dem
2855 1566 2939 1626 Sarg
2976 1566 3044 1626 ging

2207 1619 2388 1679 Schnitzlers
2414 1616 2508 1676 Sohn
2540 1616 2704 1676 Heinrich,
2723 1613 2804 1673 dann
2842 1610 2937 1670 folgte
2969 1610 3050 1670 seine

2200 1661 2352 1721 Mutter.

2231 1706 2306 1766 Dem
2376 1703 2526 1763 Wunsche
2573 1698 2763 1758 Schnitzlers
2838 1696 3046 1756 entsprechend

2205 1750 2310 1810 wurde
2341 1748 2370 1808 in
2406 1748 2451 1808 der
2487 1746 2763 1806 Zermonienhalle
2794 1740 2854 1800 nur
2884 1739 2929 1799 ein
2965 1737 3055 1797 kur¬

2206 1794 2267 1854 zes
2308 1790 2455 1850 Gebet
2478 1788 2648 1848 gesprochen
2688 1787 2745 1847 und
2779 1785 2852 1845 dann
2892 1784 2938 1844 der
2967 1784 3051 1844 Sarg

2211 1834 2300 1894 sofort
2353 1832 2409 1892 zum
2478 1831 2687 1891 Erbgrab
2745 1827 2800 1887 der
2853 1825 3056 1885 Familie

2206 1878 2438 1938 Schnitzler
2470 1876 2577 1936 hinter
2609 1876 2658 1936 der
2690 1872 2974 1932 Zermonienhalle
3006 1867 3055 1927 ge¬

2206 1921 2333 1981 tragen.

2257 1966 2306 2026 Ein
2345 1963 2476 2023 ziemlich
2521 1963 2634 2023 starkes
2667 1959 2930 2019 Wacheaufgebot
2975 1954 3062 2014 hatte

2211 2007 2326 2067 Mühe,
2350 2008 2373 2068 in
2414 2007 2460 2067 den
2495 2006 2605 2066 dichten
2640 2005 2738 2065 Strom
2785 2002 2831 2062 der
2861 1997 3063 2057 Leidtragen¬

2209 2049 2259 2109 den
2311 2050 2372 2110 und
2424 2049 2542 2109 zufällig
2594 2046 2798 2106 anwesenden
2849 2043 3058 2103 Trauergäste

2211 2091 2309 2151 etwas
2344 2092 2506 2152 Ordnung
2543 2091 2565 2151 zu
2600 2088 2751 2148 bringen.

2259 2146 2300 2206 Am
2336 2143 2453 2203 offenen
2477 2142 2560 2202 Grab
2584 2141 2701 2201 standen
2732 2138 2826 2198 neben
2850 2136 2902 2196 den
2926 2133 3050 2193 engeren

2208 2188 2569 2248 Familienmitgliedern
2629 2184 2693 2244 und
2747 2181 2930 2241 Bekannten
2990 2177 3066 2237 alle,

2208 2231 2252 2291 die
2286 2230 2346 2290 mit
2375 2228 2430 2288 dem
2498 2227 2648 2287 einstigen
2704 2225 2764 2285 und
2799 2225 2920 2285 jetzigen
2960 2219 3065 2279 Burg¬

2209 2273 2326 2333 theater
2357 2270 2528 2330 irgendwie
2564 2270 2593 2330 zu
2629 2270 2682 2330 tun
2718 2268 2842 2328 hatten.
2884 2265 2960 2325 Fast
3002 2261 3066 2321 alle

2211 2316 2447 2376 bedeutenderen
2493 2312 2521 2372 in
2562 2312 2646 2372 Wien
2686 2310 2805 2370 tätigen
2845 2308 3059 2368 Schauspieler

2217 2357 2270 2417 und
2300 2357 2507 2417 Direktoren,
2549 2354 2608 2414 das
2638 2353 2857 2413 Volkstheater
2911 2351 2976 2411 war
3012 2348 3070 2408 fast

2214 2402 2385 2462 korporativ
2441 2399 2629 2459 erschienen,
2674 2396 2722 2456 die
2757 2393 3066 2453 Generalintendanz

2214 2443 2263 2503 der
2285 2440 2528 2500 Staatstheater
2562 2440 2644 2500 hatte
2672 2440 2721 2500 den
2755 2437 3070 2497 Generalintendan¬

2214 2487 2255 2547 ten
2285 2485 2629 2545 Schneiderhan
2659 2482 2718 2542 und
2748 2479 2866 2539 Hofrat
2885 2481 2949 2541 Dr.
2968 2476 3073 2536 Kar¬

2217 2530 2316 2590 path
2344 2527 2510 2587 entsandt;
2562 2527 2616 2587 den
2672 2524 2933 2584 Bürgermeister
2984 2518 3078 2578 Seitz

2216 2572 2335 2632 vertrat
2364 2569 2522 2629 Stadtrat
2545 2566 2755 2626 Tandler,
2801 2565 2858 2625 für
2910 2563 2954 2623 die
2984 2560 3074 2620 Con¬

2211 2617 2315 2677 cordia
2371 2613 2470 2673 waren
2532 2611 2703 2671 Präsident
2742 2608 2963 2668 Lipschütz
3002 2605 3062 2665 und

2236 2656 2451 2716 Lizepräsident
2480 2652 2746 2712 Reichmann
2786 2651 2973 2711 erschienen.
2997 2646 3069 2706 Das

2214 2700 2349 2760 Theater
2378 2697 2400 2757 in
2434 2697 2484 2757 der
2513 2694 2699 2754 Josefstadt,
2722 2694 2767 2754 die
2796 2691 2942 2751 Berliner
2971 2688 3072 2748 Rein¬

2219 2740 2455 2800 hardt=Bühnen
2491 2739 2593 2799 waren
2630 2738 2804 2798 vertreten,
2831 2736 2887 2796 und
2924 2733 2984 2793 auch
3021 2729 3067 2789 die

2218 2785 2308 2845 ersten
2337 2781 2558 2841 Schriftsteller
2582 2784 2637 2844 und
2666 2781 2791 2841 Dichter
2814 2778 2927 2838 Wiens
2951 2775 3063 2835 standen

2217 2829 2346 2889 beinahe
2372 2829 2555 2889 vollstandig
2585 2826 2614 2886 an
2645 2823 2738 2883 diesem
2787 2820 2910 2880 Grabe.

2260 2879 2325 2939 Dem
2374 2876 2517 2936 Wunsche
2548 2876 2601 2936 des
2632 2874 2782 2934 Dichters
2812 2873 2914 2933 gemäß
2951 2871 3004 2931 gab
3035 2867 3064 2927 es

2217 2921 2363 2981 keinerlei
2386 2919 2623 2979 Trauerreden.
2641 2915 2685 2975 Um
2731 2915 2781 2975 ¼1
2811 2914 2872 2974 Uhr
2896 2912 3002 2972 wurde
3025 2909 3070 2969 der

2215 2963 2337 3023 Sarg
2364 2963 2403 3023 in
2423 2963 2494 3023 die
2521 2960 2644 3020 Tiefe
2664 2959 2872 3019 gesenkt,
2886 2957 2943 3017 und
2970 2952 3074 3012 damit

2221 3005 2283 3065 war
2315 3006 2365 3066 die
2391 3005 2635 3065 offizielle
2667 2999 2981 3059 Trauerfeier
3013 2993 3075 3053 be¬

2764 3049 2814 3109 A

2218 3049 2371 3109 endet.

2396 3109 2907 3169 Trauerkundgebungen.

2257 3175 2334 3235 Das
2383 3175 2558 3235 Präsidium
2631 3175 2678 3235 des
2715 3171 2962 3231 Journalisten=
3011 3166 3071 3226 und

2224 3218 2569 3278 Schriftstellervereins
2603 3214 2869 3274 Concordia
2909 3211 2988 3271 hielt
3022 3210 3072 3270 ge¬

2220 3261 2297 3321 stern
2331 3261 2391 3321 eine
2414 3256 2775 3316 Trauersitzung
2798 3254 2853 3314 für
2875 3252 2930 3312 sein
2959 3251 3080 3311 Ehren¬

2223 3303 2358 3363 mitglied
2387 3300 2511 3360 Arthur
2534 3297 2726 3357 Schnitzler,
2767 3297 2795 3357 in
2830 3297 2880 3357 der
2909 3294 3078 3354 Präsident

2226 3343 2374 3403 Lipschütz
2395 3345 2480 3405 einen
2523 3345 2590 3405 war
2618 3342 2845 3402 empfundenen
2883 3339 2946 3399 und
2979 3336 3083 3396 gehal¬

2221 3388 2318 3448 vollen
2350 3387 2489 3447 Nachruf
2515 3384 2633 3444 sprach,
2675 3383 2706 3443 in
2742 3382 2793 3442 dem
2840 3381 2871 3441 er
2902 3381 2989 3441 unter
3021 3377 3077 3437 an¬

2223 3431 2305 3491 derem
2355 3429 2454 3489 sagte:
2488 3428 2625 3488 „Arthur
2654 3426 2824 3486 Schnitzler
2858 3423 2913 3483 hat
2941 3423 2990 3483 sich
3024 3422 3067 3482 ein

2224 3472 2527 3532 Leichenbegängnis
2572 3468 2671 3528 letzter
2699 3468 2804 3528 Klasse
2855 3464 2987 3524 bestellt,
3032 3463 3075 3523 die

2229 3514 2309 3574 Welt
2350 3515 2413 3575 hat
2455 3515 2506 3575 ihm
2553 3515 2598 3575 ein
2628 3511 2934 3571 Leichenbegängnis
2986 3506 3078 3566 erster

2224 3560 2330 3620 Klasse
2352 3557 2501 3617 bereitet.

2268 3611 2347 3671 Auch
2384 3609 2433 3669 der
2465 3608 2618 3668 Vorstand
2650 3605 2698 3665 des
2729 3605 2778 3665 S.
2804 3604 2852 3664 D.
2871 3603 2919 3663 S.
2946 3602 2994 3662 O.
3013 3601 3080 3661 trat

2227 3653 2394 3713 vorgestern
2431 3650 2520 3710 unter
2551 3650 2671 3710 Vorsitz
2714 3648 2815 3708 seines
2864 3644 3068 3704 Präsidenten

2226 3694 2369 3754 Fontana
2422 3694 2453 3754 zu
2510 3693 2592 3753 einer
2623 3690 2855 3750 Trauersitzung
2893 3685 3083 3745 zusammen,

2224 3736 2249 3796 in
2286 3736 2337 3796 der
2368 3736 2419 3796 der
2447 3733 2601 3793 Vorstand
2637 3733 2787 3793 beschloß,
2829 3731 2859 3791 zu
2892 3730 2989 3790 Ehren
3026 3726 3077 3786 des

2223 3779 2367 3839 Dichters
2403 3778 2470 3838 eine
2501 3777 2593 3837 große
2625 3775 2805 3835 Totenfeier
2836 3772 2867 3832 zu
2904 3769 3078 3829 veranstal¬

2228 3823 2289 3883 ten.
2310 3822 2444 3882 Weiters
2471 3820 2573 3880 wurde
2605 3818 2625 3878 im
2667 3816 2775 3876 Sinne
2801 3814 2920 3874 Arthur
2946 3811 3080 3871 Schnitz¬

2219 3866 2287 3926 lers
2340 3865 2535 3925 beschlossen,
2594 3861 2646 3921 dem
2721 3857 3074 3917 Unterstützungsfonds

2229 3907 2274 3967 des
2303 3909 2348 3969 S.
2366 3909 2416 3969 D.
2433 3909 2478 3969 S.
2496 3908 2541 3968 O.
2558 3905 2626 3965 eine
2649 3903 2779 3963 größere
2808 3903 2943 3963 Summe
2990 3898 3085 3958 zuzu¬

2224 3951 2376 4011 wenden.

2268 4002 2351 4062 Auch
2382 4002 2411 4062 in
2443 4001 2490 4061 der
2515 3997 2713 4057 Gesellschaft
2756 3993 2810 4053 der
2835 3995 2925 4055 Arzte
2968 3990 3076 4050 wurde

2227 4044 2615 4104 bemerkenswerterweise
2666 4041 2739 4101 eine
2768 4038 2970 4098 Trauerfeier
3022 4032 3077 4092 für

2227 4087 2350 4147 Arthur
2379 4085 2620 4145 Schnitzler
2655 4082 2817 4142 gehalten,
2863 4076 2992 4136 obgleich
3026 4074 3076 4134 der

2252 4130 2434 4190 Lerstorhene
2461 4132 2519 4192 kein
2553 4130 2696 4190 Mitalied
2730 4131 2781 4191 der
