3392 4320
897 189 1041 249 WIEN.
1067 195 1117 255 I.,
1143 195 1426 255 WOLLZEILE
1470 196 1514 256 11

988 242 1205 302 TELEPHON
1241 243 1413 303 R-23-0-43

788 383 1008 443 Ausschnitt
1034 384 1123 444 aus:

1093 476 1270 536 Radiewel

1137 544 1231 604 31.
1251 539 1384 599 OKT.
1406 534 1500 594 931

1682 733 2002 793 RADIOWELI

1511 753 1972 813 R

1069 1321 1195 1381 DER
1244 1324 1380 1384 RUF
1441 1324 1557 1384 DES
1607 1327 1860 1387 LEBENS

767 1393 1166 1453 Zwischenrufer:
1195 1397 1243 1457 Ich
1277 1399 1358 1459 habe
1392 1396 1440 1456 Sie

1538 1399 1634 1459 Nicht
1651 1400 1855 1460 verstummen
1885 1400 1960 1460 aber
1981 1400 2039 1460 soll
2056 1401 2110 1461 der
2132 1401 2190 1461 „Ru

732 1434 872 1494 gebeten,
890 1434 989 1494 meine
1010 1434 1146 1494 Herren,
1163 1436 1217 1496 daß
1242 1437 1300 1497 wir
1321 1437 1366 1497 die
1388 1435 1441 1495 Ge¬

1496 1438 1550 1498 des
1582 1438 1734 1498 Lebens”.
1762 1439 1871 1499 Gesagt
1902 1437 2019 1497 werden
2058 1439 2128 1499 muß
2164 1440 2210 1500 es,

727 1470 924 1530 denkstunde
955 1471 1006 1531 für
1041 1473 1152 1533 Arthur
1183 1476 1441 1536 Schnitzler

1489 1476 1555 1536 laut
1571 1476 1622 1536 und
1642 1476 1868 1536 vernehmlich,
1881 1476 1931 1536 daß
1955 1476 2010 1536 sich
2033 1476 2084 1536 mit
2100 1476 2197 1536 diesen

731 1512 907 1572 gemeinsam
947 1511 979 1571 am
1024 1512 1208 1572 Mikrophon
1245 1515 1445 1575 verbringen.

1500 1518 1780 1578 Schnitzler-Titeln
1812 1518 1884 1578 allzu
1917 1518 2012 1578 leicht
2037 1515 2117 1575 eines
2141 1517 2197 1577 von

731 1551 785 1611 Die
814 1550 898 1610 Töne
931 1550 994 1610 sind
1032 1551 1090 1611 nun
1124 1551 1333 1611 verklungen.
1383 1554 1441 1614 Der

1499 1556 1675 1616 Schönherr
1720 1556 1900 1616 verbindet:
1940 1554 2036 1614 „Herr
2081 1556 2201 1616 Doktor

731 1590 872 1650 Dichter,
903 1590 975 1650 falls
1010 1588 1060 1648 die
1100 1592 1215 1652 Klänge
1250 1593 1301 1653 ihn
1344 1593 1433 1653 durch

1500 1594 1595 1654 haben
1624 1593 1672 1653 Sie
1696 1593 1760 1653 was
1785 1593 1816 1653 zu
1845 1593 1965 1653 essen?"
1998 1593 2050 1653 Die
2074 1594 2206 1654 Schrift¬

731 1626 788 1686 den
826 1627 917 1687 Ather
951 1630 1137 1690 erreichten,
1166 1631 1286 1691 mochte
1320 1631 1352 1691 an
1390 1631 1439 1691 der

1499 1631 1593 1691 steller
1622 1632 1649 1692 im
1692 1632 1913 1692 allgemeinen,
1937 1631 1984 1691 die
2012 1631 2209 1691 österreichi¬

731 1667 1019 1727 Schubert-Musik,
1053 1667 1085 1727 an
1132 1669 1186 1729 dem
1240 1670 1428 1730 verklärung

1493 1671 1583 1731 schen
1618 1670 1640 1730 im
1690 1670 1875 1730 besonderen
1913 1670 1977 1730 sind
2011 1671 2207 1731 notleidend.

724 1706 895 1766 suchenden
951 1706 1109 1766 Adagietto
1165 1709 1300 1769 Mahlers
1360 1709 1443 1769 seine

1499 1709 1573 1769 Auch
1621 1709 1695 1769 über
1735 1709 1789 1769 dem
1845 1710 1931 1770 Haus
1975 1709 2053 1769 eines
2092 1712 2206 1772 Arthur

736 1743 852 1803 Freude
881 1745 997 1805 gehabt
1030 1748 1146 1808 haben,
1172 1747 1217 1807 die
1255 1748 1358 1808 Worte
1387 1747 1441 1807 der

1500 1751 1665 1811 Schnitzler
1690 1748 1815 1808 dräuten
1848 1748 1965 1808 dunkle
1994 1747 2119 1807 Wolken
2152 1749 2204 1809 der

742 1784 926 1844 Würdigung
958 1787 1112 1847 vielleicht
1140 1787 1360 1847 gutgeheißen,
1388 1789 1442 1849 mit

1496 1787 1728 1847 Ungewißheit;
1749 1786 1802 1846 der
1832 1787 1956 1847 Dichter
1985 1787 2105 1847 befaßte
2139 1787 2192 1847 sich

731 1822 784 1882 der
814 1824 980 1884 Besetzung
1013 1822 1113 1882 seines
1143 1823 1358 1883 „Paracelsus”
1392 1825 1441 1885 zu¬

1496 1825 1553 1885 mit
1575 1825 1824 1885 Tonfilmplänen
1846 1825 1896 1885 ...
1913 1826 2025 1886 „Ehret
2050 1825 2095 1885 die
2117 1825 2208 1885 deut¬

734 1861 847 1921 frieden
891 1862 1027 1922 gewesen
1071 1861 1149 1921 sein,
1185 1864 1282 1924 waren
1329 1864 1352 1924 ja
1396 1864 1442 1924 die

1500 1863 1584 1923 schen
1613 1864 1758 1924 Meister,”
1782 1864 1867 1924 sagen
1895 1864 1947 1924 wir
1968 1864 2040 1924 noch
2069 1864 2109 1924 als
2134 1864 2206 1924 drit¬

1497 1903 1538 1963 tes
1572 1902 1650 1962 Zitat
1679 1900 1691 1960 —
1742 1902 1845 1962 doch
1878 1902 1919 1962 zu
1953 1903 2077 1963 ihren
2106 1902 2205 1962 Leb¬

729 1900 861 1960 Spieler,
878 1902 936 1962 mit
953 1902 1069 1962 Namen
1098 1901 1152 1961 von
1181 1903 1280 1963 Rang,
1298 1905 1430 1965 sämtlich

1496 1941 1658 2001 zeiten.
1697 1941 1747 2001 Die
1782 1940 1966 2000 herrlichste
1996 1942 2200 2002 Gedenkfeier

731 1939 786 1999 aus
807 1941 859 2001 dem
896 1939 1040 1999 geliebten
1069 1942 1270 2002 Burgtheater
1287 1944 1335 2004 ...
1351 1944 1439 2004 Nicht

1496 1981 1588 2041 sühnt
1629 1980 1714 2040 nicht
1743 1981 2091 2041 Unbekümmertheiten
2140 1980 2196 2040 und

732 1980 841 2040 immer
867 1981 933 2041 ging
956 1981 986 2041 es
1008 1981 1060 2041 dem
1101 1981 1223 2041 Dichter
1245 1981 1294 2041 der
1320 1982 1438 2042 Wiener

1496 2019 1684 2079 Lauheiten,
1700 2018 1749 2078 die
1776 2018 1839 2078 man
1871 2019 1923 2079 dem
1965 2019 2120 2079 Lebenden
2154 2018 2206 2078 an¬

1500 2058 1600 2118 gelan.
1625 2056 1677 2116 Die
1709 2055 1846 2115 Arbeiter
1875 2055 1927 2115 des
1955 2058 2072 2118 Geistes
2100 2058 2197 2118 haben

1497 2095 1548 2155 den
1579 2096 1694 2156 Riemen
1720 2094 1810 2154 enger
1832 2097 2012 2157 geschnürt,
2025 2097 2080 2157 sie,
2094 2097 2137 2157 die
2154 2097 2188 2157 am

1500 2133 1665 2193 Webstuhl
1686 2133 1736 2193 der
1765 2134 1831 2194 Zeit
1852 2136 1989 2196 wirken,
2010 2136 2101 2196 haben
2134 2135 2204 2195 aus¬

1497 2174 1653 2234 gefranste
1682 2172 1782 2232 Hosen
1802 2175 1862 2235 ...,
1887 2175 1975 2235 mehr
2003 2172 2047 2232 als
2080 2175 2107 2235 zu
2144 2175 2196 2235 den

1494 2212 1618 2272 Zeiten,
1636 2212 1670 2272 da
1701 2213 1790 2273 ihnen
1825 2211 1924 2271 dieses
1950 2213 2014 2273 Lied
2049 2213 2199 2273 gesunget

1494 2249 1618 2309 wurde.
1640 2249 1833 2309 Großmacht
1859 2250 2022 2310 Rundfunk
2057 2251 2129 2311 hat
2160 2251 2189 2311 di

1498 2288 1609 2348 Mittel,
1636 2288 1675 2348 sie
1711 2288 1751 2348 ist
1783 2289 1836 2349 gut
1867 2291 2023 2351 gekleidet
2054 2290 2111 2350 und
2152 2291 2165 2351 h

1493 2327 1579 2387 einen
1611 2327 1701 2387 satten
1729 2327 1854 2387 Magen.
1871 2327 1917 2387 Sie
1937 2327 2024 2387 allein
2052 2329 2126 2389 kann

1500 2364 1649 2424 Fehlende
1693 2366 1916 2426 einigermaßen
1965 2366 2114 2426 ersetzen.

1499 2404 1589 2464 Wege
1631 2405 1688 2465 und
1734 2405 1970 2465 Möglichkeiten
2016 2408 2085 2468 dazu
2135 2408 2197 2468 sind

1494 2443 1668 2503 zahlreich.
1689 2443 1763 2503 Will
1788 2443 1833 2503 die
1859 2443 1958 2503 Ravag
1991 2444 2037 2504 die
2066 2443 2124 2503 Not
2149 2445 2202 2505 der

1494 2482 1706 2542 Erwerblosen
1735 2482 1818 2542 nicht
1843 2482 2048 2542 plakatieren,
2064 2483 2128 2543 gut,
2149 2483 2200 2543 wir

1496 2521 1601 2581 wollen
1627 2521 1657 2581 um
1695 2521 1943 2581 Bezeichnungen
1970 2521 2052 2581 nicht
2068 2521 2207 2581 rechten.

1496 2558 1550 2618 Die
1570 2561 1664 2621 Scham
1695 2560 1792 2620 bleibe
1812 2560 1965 2620 gewahrt,
1977 2561 2058 2621 wenn
2082 2563 2140 2623 nur
2156 2562 2203 2622 die

1500 2599 1581 2659 Hilje
1624 2601 1747 2661 schnell
1786 2600 1841 2660 ist.
1880 2601 1990 2661 Armut
2029 2599 2071 2659 ist
2115 2602 2199 2662 keine

1493 2637 1652 2697 Schande,
1688 2637 1727 2697 sie
1770 2637 1848 2697 kann
1895 2637 2102 2697 unsertwegen
2149 2640 2203 2700 mit

1497 2676 1552 2736 dem
1589 2676 1704 2736 Mantel
1725 2676 1776 2736 der
1797 2676 1941 2736 Prüderie
1962 2678 2105 2738 verdeckt
2126 2679 2201 2739 wer¬

1493 2713 1571 2773 den.
1587 2715 1653 2775 Man
1677 2715 1821 2775 schrecke
1845 2716 1922 2776 auch
1946 2715 2000 2775 vor
2024 2718 2203 2778 Schwierig-

1494 2753 1590 2813 keiten
1619 2754 1703 2814 nicht
1719 2754 1852 2814 zurück.
1865 2754 1937 2814 Eine
1961 2754 2207 2814 Bücherstunde,

1493 2792 1581 2852 wenn
1606 2793 1633 2853 es
1654 2793 1742 2853 schon
1771 2790 1847 2850 ohne
1872 2792 2025 2852 „Stunde"
2050 2795 2134 2855 nicht
2155 2795 2206 2855 ab-

1497 2832 1584 2892 geht,
1601 2830 1637 2890 ist
1659 2830 1915 2890 unumgänglich,
1932 2832 2015 2892 wenn
2048 2832 2110 2892 man
2140 2834 2197 2894 sich

1496 2868 1570 2928 auch
1602 2867 1625 2927 in
1656 2869 1699 2929 ein
1730 2870 1937 2930 Wespennest
1961 2870 2015 2930 von
2047 2870 2203 2930 Verleger¬

1495 2906 1659 2966 interessen
1691 2909 1890 2969 hineinsetzt.
1914 2907 1964 2967 Die
1992 2909 2207 2969 monopolisti¬

1493 2948 1563 3008 she
1592 2948 1692 3008 Ravag
1717 2948 1796 3008 kann
1825 2947 1891 3007 hier
1913 2946 1962 3006 die
1988 2948 2079 3008 eine
2104 2951 2203 3011 Rück-

1497 2984 1580 3044 sicht
1601 2987 1693 3047 gelten
1721 2987 1841 3047 lassen,
1859 2985 1906 3045 die
1931 2985 1983 3045 auf
2003 2986 2059 3046 das
2079 2987 2203 3047 Schick-

1494 3024 1541 3084 sal
1586 3024 1638 3084 der
1683 3026 1827 3086 geistigen
1881 3023 2017 3083 Arbeiter
2066 3026 2202 3086 Bedacht

850 3044 1015 3104 ARTHUR
1049 3044 1297 3104 SCHNITZLER

1497 3063 1621 3123 nimmt.
1637 3064 1750 3124 Scheut
1771 3062 1810 3122 sie
1831 3061 1927 3121 diesen
1960 3064 2049 3124 Weg,
2065 3064 2093 3124 so
2117 3065 2197 3125 kann

1496 3100 1535 3160 sie
1568 3103 1676 3163 immer
1708 3103 1780 3163 noch
1817 3101 1865 3161 die
1897 3103 2114 3163 Schriftsteller
2146 3103 2198 3163 vor

1496 3140 1551 3200 das
1577 3142 1759 3202 Mikrophon
1789 3142 1933 3202 bringen,
1955 3142 2052 3202 damit
2074 3142 2111 3202 sie
2142 3144 2196 3204 aus

724 3141 936 3201 Landschaft,
946 3142 994 3202 der
1016 3142 1291 3202 österreichischen
1314 3144 1393 3204 Seele
1416 3142 1437 3202 in

1496 3181 1582 3241 ihrem
1620 3181 1673 3241 und
1703 3179 1893 3239 überihr
1918 3181 1951 3241 in
1980 3181 2112 3241 Druck
2142 3181 2203 3241 be¬

732 3185 786 3245 dem
826 3184 951 3244 Studio,
968 3183 1022 3243 von
1054 3184 1097 3244 wo
1125 3184 1183 3244 aus
1203 3184 1261 3244 nun
1289 3184 1352 3244 sein
1380 3183 1438 3243 Lob

1497 3220 1747 3280 findliches
1797 3217 1915 3277 Werk
1979 3217 2198 3277 sprechen

733 3226 882 3286 gesungen
911 3223 1014 3283 ward,
1032 3223 1060 3283 so
1090 3223 1160 3283 gut.
1181 3223 1218 3283 Es
1243 3223 1296 3283 gab
1326 3223 1446 3283 Zeiten,

1495 3255 1574 3315 (was
1616 3258 1691 3318 noch
1741 3257 1812 3317 dazu
1855 3257 1937 3317 einen
1975 3258 2194 3318 interessanten

731 3261 765 3321 da
795 3261 842 3321 er,
860 3261 915 3321 der
946 3261 1005 3321 eine
1036 3261 1228 3321 prinzipielle
1259 3260 1362 3320 Fehde
1388 3261 1443 3321 mit

1494 3297 1782 3357 Programmpunkt
1803 3297 1953 3357 abgäbe).
1974 3296 2032 3356 Vor
2058 3298 2128 3358 allem

731 3300 786 3360 der
819 3300 919 3360 Ravag
952 3300 1117 3360 ausfocht,
1142 3300 1185 3360 ein
1223 3300 1443 3360 Honorarpro¬

1494 3334 1553 3394 das
1591 3336 1633 3396 ist
1663 3336 1708 3396 die
1747 3336 1928 3396 Forderung
1962 3333 2017 3393 des
2047 3335 2143 3395 Tages

729 3342 782 3402 zeß
820 3339 939 3399 (dessen
977 3339 1138 3399 Erträgnis
1175 3339 1204 3399 er
1237 3340 1431 3400 wohltätigen

1944 3374 2206 3434 österreichische

1737 3373 1867 3433 Werke,

1494 3375 1645 3435 deutsche

727 3376 875 3436 Zwecken
909 3379 1074 3439 gewidmet
1099 3379 1186 3439 hat),
1207 3378 1260 3438 auf
1286 3379 1339 3439 der
1369 3377 1438 3437 Pro¬

1502 3416 1646 3476 Autoren.
1670 3414 1728 3474 Das
1756 3414 1795 3474 ist
1822 3415 1865 3475 ein
1896 3414 2029 3474 schöner
2056 3414 2204 3474 Nationa¬

728 3417 969 3477 skriptionsliste
1003 3420 1112 3480 stand.
1137 3417 1178 3477 Er
1204 3417 1312 3477 wurde
1346 3418 1370 3478 ja
1400 3418 1428 3478 im

1497 3452 1605 3512 lismus
1625 3453 1673 3513 des
1694 3452 1822 3512 Geistes,
1834 3453 1887 3513 der
1907 3453 1959 3513 vor
1980 3453 2196 3513 Verkümmern

732 3457 826 3517 Laufe
847 3456 901 3516 von
930 3456 1000 3516 acht
1017 3456 1128 3516 Jahren
1153 3457 1367 3517 gelegentlich,
1388 3457 1437 3517 mit

1496 3494 1654 3554 geschützt
1671 3491 1787 3551 werden
1813 3491 1883 3551 soll.
1900 3491 1958 3551 Der
1975 3491 2125 3551 Spielplan
2150 3492 2200 3552 der

728 3495 796 3555 ein,
814 3494 886 3554 zwei
908 3496 1057 3556 Werken,
1070 3497 1267 3557 aufgeführt;
1289 3494 1314 3554 er
1336 3497 1438 3557 wurde

1500 3530 1697 3590 Radiobühne
1739 3530 1860 3590 enthält
1897 3530 2112 3590 krasserweise
2156 3528 2204 3588 ge¬

729 3536 803 3596 auch
833 3533 1032 3593 eingeladen,
1053 3535 1078 3595 im
1120 3535 1240 3595 Wiener
1269 3536 1435 3596 Rundfunk

1500 3569 1568 3629 rade
1592 3571 1677 3631 jetzt,
1697 3569 1854 3629 Dutzende
1879 3569 1935 3629 von
1964 3569 2093 3629 Werken
2122 3570 2202 3630 ohne

728 3574 756 3634 zu
795 3575 962 3635 sprechen.
987 3575 1091 3635 Damit
1121 3574 1188 3634 ist's
1217 3575 1292 3635 jetzt
1322 3575 1447 3635 vorbei.

1495 3608 1628 3668 Belang.
1648 3610 1729 3670 Kann
1765 3609 1827 3669 man
1863 3608 1917 3668 das
1944 3609 1999 3669 mit
2023 3609 2108 3669 gutem
2152 3609 2206 3669 Ge-

730 3614 797 3674 Wir
818 3612 934 3672 werden
967 3614 1047 3674 seine
1071 3614 1184 3674 warme
1209 3617 1333 3677 Stimme
1357 3617 1441 3677 nicht

1496 3647 1601 3707 wissen
1632 3647 1738 3707 weiter
1765 3647 1874 3707 treiben
1912 3647 1965 3707 und
1999 3647 2082 3707 einer
2109 3647 2203 3707 Über¬

733 3653 817 3713 mehr
838 3653 951 3713 hören.

1497 3688 1658 3748 fremdung
1692 3685 1716 3745 in
1750 3686 1845 3746 diesen
1883 3688 1978 3748 Tagen
2012 3687 2061 3747 des
2090 3688 2202 3748 Elends

766 3690 795 3750 In
837 3691 941 3751 seinem
987 3691 1204 3751 ermächtnis
1242 3691 1296 3751 hat
1330 3690 1438 3750 Arthur

1499 3724 1656 3784 Vorschub
1684 3724 1813 3784 leisten?

726 3727 899 3787 Schnitzler
931 3729 1101 3789 verboten,
1125 3729 1160 3789 an
1196 3730 1298 3790 seinem
1346 3729 1444 3789 Grabe

729 3766 827 3826 Reden
853 3766 882 3826 zu
911 3766 1027 3826 halten.
1046 3766 1257 3826 Verstummen
1283 3768 1359 3828 auch
1385 3768 1436 3828 wii

1534 3766 1630 3826 Ehret
1646 3768 1690 3828 die
1711 3769 1876 3829 deutschen
1904 3767 2021 3827 Meister
2041 3766 2049 3826 —
2094 3769 2145 3829 das
2166 3768 2202 3828 ist

728 3803 786 3863 und
827 3802 998 3862 überlassen
1039 3802 1093 3862 wir
1127 3802 1159 3862 es
1193 3804 1243 3864 den
1288 3805 1430 3865 Hundert

1500 3805 1547 3865 der
1580 3805 1640 3865 Ruf
1673 3805 1725 3865 des
1757 3805 1874 3865 Lebens

1966 3805 1996 3865 so
2032 3807 2125 3867 lange
2164 3806 2202 3866 sie

728 3841 895 3901 tausenden
932 3841 987 3901 von
1021 3841 1148 3901 Lesern,
1172 3841 1217 3901 die
1247 3841 1299 3901 von
1336 3842 1434 3902 seinen

1495 3841 1600 3901 leben.
1612 3841 1755 3901 Fördert,
1767 3844 1812 3904 die
1831 3846 1993 3906 kommen,
2009 3844 2050 3904 die
2069 3844 2204 3904 Jungen:

729 3879 949 3939 Schöpfungen
973 3880 1117 3940 beglückt
1134 3879 1278 3939 wurden,
1290 3879 1342 3939 von
1370 3879 1422 3939 dem

1495 3877 1571 3937 stehl
1590 3879 1652 3939 bei,
1671 3879 1722 3939 den
1756 3879 1854 3939 Alten,
1873 3881 1916 3941 die
1939 3880 2005 3940 ihre
2031 3879 2133 3939 Arbeit
2156 3880 2203 3940 ge-

1494 3916 1560 3976 tan.
1596 3918 1705 3978 Macht
1745 3918 1834 3978 keine
1878 3918 2112 3978 Uhterschiede,
2152 3918 2194 3978 wo

727 3918 849 3978 Dichter
872 3918 1008 3978 einzeln,
1026 3921 1048 3981 je
1075 3921 1145 3981 nach
1176 3921 1445 3981 Verbundenheit,

1491 3959 1666 4019 Schicksale
1703 3960 1947 4020 unverschuldet
1975 3960 2019 4020 ins
2056 3960 2191 4020 Wanken

729 3960 877 4020 Abschied
909 3960 940 4020 zu
972 3962 1124 4022 nehmen.
