3344 4384
134 408 259 468 12.
308 413 753 473 Schnitzle

893 398 910 458 s
968 398 1203 458 Death

1435 387 1561 447 box
1633 386 1815 446 44/4

1423 852 2139 912 DOBSERVER

1512 912 1538 972 I.
1552 912 1672 972 österr.
1682 908 1828 968 behördl.
1847 903 2145 963 konzessioniertes

1470 954 1701 1014 Unternehmen
1734 950 1778 1010 für
1802 945 2188 1005 Zeitungs-Ausschnitte

1517 1012 1667 1072 WIEN,
1695 1013 1743 1073 I.,
1771 1009 2058 1069 WOLLZEILE
2107 1005 2147 1065 11

1618 1062 1831 1122 TELEPHON
1869 1057 2039 1117 R-23-0-43

1421 1205 1643 1265 Ausschnitt
1672 1205 1756 1265 aus;

1392 1268 1468 1328 Neu
1501 1267 1544 1327 es
1588 1265 1772 1325 Wianer
1822 1262 2072 1322 Journal,

1692 1375 2048 1435 23.10.1931.

1429 1434 1535 1494 vom:

1367 1598 1577 1658 sasind
1668 1587 1984 1647 Wardiia
2047 1583 2331 1643 wieder

1750 1759 1973 1819 Wien

1580 1844 1731 1904 Gespräch
1760 1841 1818 1901 mit
1848 1841 1894 1901 dem
1936 1837 2098 1897 Künstler.

1350 1918 1389 1978 An
1424 1914 1536 1974 Gustav
1566 1913 1701 1973 Waldau
1730 1909 1837 1969 denken
1872 1907 1905 1967 ist
1922 1904 2188 1964 gleichbedeutend
2217 1901 2279 1961 mit
2302 1899 2352 1959 der
2376 1898 2431 1958 Er¬

1243 1966 1394 2026 innerung
1427 1964 1459 2024 an
1497 1961 1729 2021 unvergeßliche
1757 1954 1903 2014 Stunden
1936 1951 2157 2011 künstlerischen
2190 1948 2341 2008 Genusses
2374 1945 2427 2005 und

1243 2014 1433 2074 ebensoviele
1454 2011 1567 2071 andere
1588 2008 1819 2068 vergnügtester
1846 2002 1963 2062 Laune,
1979 1999 2128 2059 losgelöst
2149 1999 2200 2059 von
2227 1996 2303 2056 allem
2340 1994 2437 2054 Druck

1241 2064 1286 2124 des
1323 2059 1648 2119 sorgenumschatteten
1685 2055 1809 2115 Tages,
1830 2051 1917 2111 wenn
1954 2050 2026 2110 man
2063 2047 2119 2107 mit
2151 2046 2197 2106 ihm
2249 2044 2306 2104 und
2337 2042 2435 2102 seiner

1241 2116 1321 2176 Frau
1365 2109 1392 2169 im
1446 2109 1549 2169 Kreise
1582 2107 1640 2167 von
1684 2102 1851 2162 Freunden
1895 2098 1938 2158 saß
1982 2096 2041 2156 und
2079 2095 2127 2155 bis
2166 2094 2192 2154 in
2236 2092 2284 2152 die
2323 2090 2425 2150 frühen

1243 2159 1508 2219 Morgenstunden
1546 2152 1662 2212 heitere
1695 2152 1817 2212 Gelage
1850 2146 1977 2206 feierte.
2004 2144 2099 2204 Wenn
2142 2141 2221 2201 dann
2264 2140 2290 2200 in
2328 2140 2439 2200 vorge¬

1243 2208 1356 2268 rückter
1384 2205 1513 2265 Stunde
1541 2202 1670 2262 „Gustl“
1703 2199 1757 2259 das
1785 2196 1870 2256 Glas
1898 2195 1951 2255 hob
1985 2191 2044 2251 und
2077 2190 2141 2250 eine
2169 2187 2266 2247 seiner
2293 2185 2439 2245 berühmt

1241 2256 1441 2316 gewordenen
1474 2250 1679 2310 italienischen
1712 2245 1886 2305 Tischreden
1918 2241 2008 2301 hielt,
2029 2241 2135 2301 mußte
2162 2238 2230 2298 auch
2262 2235 2309 2295 der
2336 2232 2442 2292 misel¬

1249 2304 1396 2364 süchtigste
1433 2301 1586 2361 Raunzer
1624 2297 1702 2357 seine
1735 2292 1872 2352 schlechte
1910 2289 2014 2349 Laune
2052 2286 2242 2346 beurlauben
2285 2282 2342 2342 und
2385 2282 2437 2342 den

1248 2352 1380 2412 Ausflug
1412 2350 1464 2410 ins
1502 2349 1581 2409 Land
1619 2345 1671 2405 des
1709 2344 1840 2404 Lachens
1879 2339 2079 2399 mitmachen.
2106 2336 2180 2396 Wer
2212 2332 2286 2392 aber
2318 2328 2434 2388 Gustav

1248 2399 1378 2459 Waldau
1411 2396 1541 2456 wirklich
1568 2395 1671 2455 kennt,
1694 2393 1769 2453 weiß
1797 2390 1883 2450 auch,
1905 2386 1959 2446 daß
1993 2383 2084 2443 dieses
2112 2382 2204 2442 ewige
2231 2381 2307 2441 Kind
2335 2376 2448 2436 inner¬

1251 2450 1298 2510 lich
1336 2448 1377 2508 ein
1409 2446 1599 2506 tiefernster,
1620 2442 1789 2502 ringender
1816 2436 1963 2496 Künstler
1990 2432 2047 2492 und
2080 2431 2127 2491 ein
2159 2428 2280 2488 Mensch
2307 2426 2364 2486 von
2396 2424 2448 2484 be¬

1254 2498 1396 2558 gnadetem
1449 2494 1591 2554 Reichtum
1639 2490 1691 2550 der
1723 2487 1817 2547 Seele
1850 2485 1907 2545 und
1944 2483 1991 2543 des
2029 2480 2165 2540 Herzens
2197 2477 2249 2537 ist,
2276 2475 2360 2535 einer
2387 2474 2439 2534 der

1254 2546 1361 2606 immer
1387 2543 1520 2603 seltener
1547 2540 1726 2600 werdenden
1757 2534 1958 2594 Mischungen
1989 2529 2045 2589 von
2076 2527 2230 2587 Kavalier
2256 2525 2302 2585 des
2333 2522 2435 2582 ancien

1252 2595 1373 2655 regime
1430 2590 1490 2650 und
1524 2590 1684 2650 Boheme,
1734 2588 1795 2648 wie
1851 2585 1889 2645 sie
1940 2579 2178 2639 bezaubernder
2217 2576 2295 2636 nicht
2329 2573 2455 2633 gedacht

1253 2644 1375 2704 werden
1407 2641 1505 2701 kann.

1360 2689 1424 2749 keun
1460 2688 1495 2748 ist
1519 2686 1555 2746 er
1585 2686 1649 2746 nach
1679 2683 1744 2743 fast
1769 2679 1987 2739 zweijähriger
2017 2674 2235 2734 Abwesenheit
2260 2668 2313 2728 von
2349 2668 2454 2728 Wien,

1257 2741 1312 2801 das
1345 2740 1378 2800 er
1406 2737 1438 2797 so
1472 2736 1521 2796 ins
1555 2735 1637 2795 Herz
1671 2731 1841 2791 geschlossen
1880 2728 1951 2788 hat,
1979 2723 2095 2783 wieder
2123 2722 2183 2782 da,
2206 2720 2244 2780 um
2294 2719 2343 2779 bis
2377 2717 2431 2777 zum

1260 2787 1403 2847 Februar
1431 2784 1463 2844 am
1508 2782 1639 2842 Theater
1668 2781 1695 2841 in
1723 2779 1772 2839 der
1800 2776 1971 2836 Josefstadt
1999 2774 2026 2834 zu
2054 2769 2197 2829 bleiben.
2214 2764 2373 2824 Verliebt,
2396 2764 2450 2824 wie

1257 2837 1289 2897 er
1323 2836 1345 2896 in
1384 2832 1433 2892 die
1467 2830 1648 2890 Umgebung
1682 2826 1786 2886 Wiens
1820 2823 1902 2883 schon
1942 2819 2062 2879 einmal
2091 2816 2140 2876 ist,
2168 2814 2300 2874 benutzte
2328 2811 2360 2871 er
2394 2810 2443 2870 den

1257 2883 1348 2943 ersten
1381 2881 1574 2941 Nachmittag
1613 2878 1677 2938 nach
1710 2873 1801 2933 seiner
1834 2871 1991 2931 Ankunft,
2013 2868 2044 2928 um
2088 2864 2147 2924 auf
2169 2863 2223 2923 den
2256 2862 2395 2922 Kobenzl
2417 2860 2444 2920 zu

1257 2936 1366 2996 fahren
1405 2931 1460 2991 und
1499 2928 1553 2988 auf
1582 2925 1658 2985 diese
1692 2923 1752 2983 Art
1780 2922 1829 2982 die
1863 2919 1961 2979 Stadt
1995 2918 2022 2978 zu
2061 2913 2154 2973 seinen
2193 2912 2297 2972 Füßen
2336 2907 2451 2967 wieder

1260 2987 1335 3047 ganz
1363 2982 1389 3042 in
1429 2979 1525 3039 Besitz
1548 2979 1579 3039 zu
1613 2974 1742 3034 nehmen
1782 2968 1792 3028 —
1846 2967 1884 3027 da
1917 2966 1943 3026 er
1977 2965 2052 3025 aber
2085 2964 2106 3024 in
2145 2960 2242 3020 seiner
2275 2956 2362 3016 Liebe
2395 2955 2448 3015 kein

1258 3029 1329 3089 Maß
1363 3029 1473 3089 kennt,
1496 3026 1573 3086 blieb
1607 3024 1640 3084 er
1668 3024 1701 3084 zu
1735 3019 1829 3079 lange
1863 3018 1884 3078 im
1935 3015 2045 3075 Freien
2079 3011 2156 3071 sitzen
2196 3009 2251 3069 und
2290 3006 2373 3066 holte
2401 3006 2450 3066 sich

1257 3079 1327 3139 eine
1355 3074 1452 3134 kleine
1480 3074 1675 3134 Erkältung,
1703 3068 1745 3128 die
1773 3065 1821 3125 ihm
1871 3063 1952 3123 einen
1985 3061 2055 3121 Tag
2088 3058 2246 3118 Bettruhe
2273 3052 2468 3112 aufnötigte.

1264 3130 1359 3190 Heute
1388 3125 1461 3185 aber
1490 3123 1591 3183 fühlte
1620 3121 1653 3181 er
1682 3120 1726 3180 sich
1755 3115 1834 3175 schon
1874 3113 1987 3173 wieder
2016 3108 2038 3168 so
2067 3107 2174 3167 wohl,
2191 3105 2247 3165 daß
2281 3104 2309 3164 er
2338 3099 2462 3159 pflicht¬

1258 3177 1346 3237 eifrig
1380 3176 1429 3236 ins
1464 3171 1602 3231 Theater
1636 3170 1725 3230 kam,
1748 3166 1786 3226 um
1836 3163 1914 3223 seine
1948 3160 2019 3220 erste
2053 3158 2159 3218 Probe
2193 3153 2220 3213 zu
2259 3150 2453 3210 absolvieren

1265 3224 1323 3284 und
1355 3222 1423 3282 vier
1455 3219 1598 3279 Stunden
1636 3217 1693 3277 auf
1720 3213 1772 3273 der
1804 3212 1921 3272 Bühne
1948 3210 1979 3270 zu
2016 3206 2132 3266 stehen.
2154 3207 2201 3267 In
2239 3200 2323 3260 einer
2350 3198 2455 3258 kurzen

1263 3273 1360 3333 Pause
1383 3268 1507 3328 erzählt
1529 3265 1561 3325 er
1589 3265 1670 3325 mir,
1687 3261 1751 3321 was
1779 3258 1811 3318 er
1839 3256 1865 3316 in
1898 3256 1990 3316 diesen
2029 3253 2104 3313 zwei
2126 3252 2223 3312 letzten
2257 3249 2397 3309 Jahren,
2419 3248 2451 3308 da

1266 3320 1322 3380 wir
1351 3320 1396 3380 ihn
1430 3316 1628 3376 entbehrten,
1646 3313 1718 3373 alles
1747 3308 1900 3368 getrieben
1929 3305 1984 3365 hat
1996 3304 2052 3364 ...

1376 3388 1435 3448 „Es
1466 3385 1501 3445 ist
1527 3380 1701 3440 schrecklich,
1720 3379 1779 3439 wie
1804 3377 1852 3437 ihr
1883 3373 1942 3433 mir
1967 3370 2027 3430 alle
2052 3369 2172 3429 gefehlt
2197 3364 2269 3424 habt
2312 3363 2342 3423 in
2372 3361 2462 3421 dieser

1266 3439 1374 3499 langen
1407 3435 1509 3495 Zeit!"
1537 3433 1714 3493 versicherte
1737 3427 1785 3487 er.
1801 3426 1887 3486 „Der
1915 3420 2125 3480 Wienerwald
2158 3413 2217 3473 und
2245 3412 2298 3472 das
2326 3410 2460 3470 Theater

1272 3484 1326 3544 und
1364 3480 1407 3540 die
1440 3480 1623 3540 Menschen,
1667 3475 1720 3535 die
1748 3474 1942 3534 Ringstraße
1976 3469 2035 3529 und
2090 3466 2148 3526 das
2181 3463 2392 3523 Kaffeehaus,
2420 3461 2468 3521 die

1272 3530 1364 3590 Musik
1396 3528 1452 3588 und
1484 3528 1535 3588 der
1561 3525 1633 3585 gute
1659 3524 1746 3584 Wein
1788 3522 1850 3582 und
1881 3519 2061 3579 überhaupt
2088 3514 2232 3574 alles...
2253 3513 2309 3573 Ich
2341 3508 2407 3568 war
2434 3508 2459 3568 ja

1273 3585 1298 3645 so
1324 3579 1474 3639 gerührt,
1490 3574 1546 3634 wie
1573 3573 1624 3633 ihr
1651 3571 1717 3631 hier
1733 3570 1790 3630 alle
1816 3570 1934 3630 meiner
1950 3566 2079 3626 gedacht
2096 3563 2183 3623 habt,
2205 3559 2250 3619 als
2277 3558 2318 3618 ich
2345 3555 2463 3615 meinen

1272 3627 1434 3687 sechzigsten
1479 3618 1674 3678 Geburtstag
1714 3615 1836 3675 feierte,
1866 3612 1993 3672 wieviel
2028 3608 2248 3668 Telegramme
2288 3603 2346 3663 und
2386 3603 2464 3663 liebe

1269 3675 1373 3735 Briefe
1399 3672 1456 3732 aus
1488 3667 1577 3727 Wien
1609 3663 1786 3723 gekommen
1823 3660 1958 3720 sind..!
1985 3657 2027 3717 Es
2058 3657 2126 3717 war
2152 3652 2309 3712 schrecklich
2346 3651 2476 3711 lieb..!

1274 3722 1326 3782 Wo
1353 3722 1395 3782 ich
1427 3718 1600 3778 inzwischen
1638 3710 1759 3770 überall
1780 3707 1869 3767 war?
1897 3707 1943 3767 In
1976 3704 2086 3764 Berlin
2123 3703 2170 3763 bei
2197 3698 2376 3758 Reinhardt
2403 3695 2460 3755 und

1272 3775 1297 3835 in
1339 3768 1513 3828 München.
1555 3758 1926 3818 Hundertachtzehnmal
1973 3751 2055 3811 hab'
2102 3749 2138 3809 ich
2195 3747 2225 3807 in
2262 3745 2370 3805 Berlin
2411 3743 2462 3803 den

1278 3818 1530 3878 „Schwierigen“
1556 3809 1612 3869 von
1644 3805 1901 3865 Hofmannsthal
1922 3800 2066 3860 gespielt,
2087 3797 2144 3857 und
2175 3795 2200 3855 es
2227 3795 2293 3855 war
2319 3794 2370 3854 für
2397 3792 2463 3852 mich

1278 3869 1419 3929 geradezu
1457 3860 1696 3920 überraschend,
1719 3854 1777 3914 wie
1805 3851 1897 3911 dieses
1930 3851 2038 3911 Stück,
2066 3846 2120 3906 das
2153 3846 2191 3906 ich
2224 3843 2250 3903 so
2278 3842 2375 3902 liebe,
2403 3842 2473 3902 dort

1278 3913 1498 3973 eingeschlagen
1537 3910 1607 3970 hat,
1629 3904 1704 3964 weil
1732 3902 1764 3962 es
1791 3902 1861 3962 doch
1900 3899 2056 3959 eigentlich
2089 3896 2115 3956 so
2148 3893 2402 3953 urösterreichisch
2435 3890 2462 3950 in

1278 3964 1369 4024 seinen
1408 3960 1564 4020 Menschen
1603 3954 1662 4014 und
1695 3952 1943 4012 Geschehnissen,
1992 3945 2019 4005 in
2058 3945 2154 4005 seinem
2198 3939 2463 3999 hochgezüchteten

1279 4012 1391 4072 Dialog
1426 4009 1487 4069 und
1522 4006 1618 4066 seiner
1647 4002 1805 4062 gescheiten
1840 3997 1997 4057 Dialektik
2026 3994 2077 4054 ist,
2101 3994 2157 4054 daß
2191 3991 2258 4051 man
2299 3989 2383 4049 hätte
2412 3985 2468 4045 an¬

1281 4060 1407 4120 nehmen
1446 4057 1578 4117 können,
1607 4054 1650 4114 ein
1684 4050 1766 4110 nicht
1794 4045 2042 4105 österreichisches
2076 4041 2230 4101 Publikum
2280 4038 2385 4098 würde
2419 4035 2468 4095 der

1275 4108 1377 4168 Sache
1410 4105 1474 4165 mit
1507 4102 1713 4162 mangelndem
1767 4096 1972 4156 Verständnis
2010 4090 2361 4150 gegenüberstehen...
2410 4088 2475 4148 Ja,

1279 4157 1338 4217 also
1372 4154 1449 4214 dann
1489 4152 1560 4212 hab'
1583 4152 1621 4212 ich
1655 4152 1720 4212 noch
1754 4148 1886 4208 „Julien
1926 4143 1981 4203 und
2015 4139 2169 4199 Juliette"
2203 4137 2346 4197 gespielt,
2369 4132 2473 4192 ferner

1275 4205 1329 4265 den
1367 4200 1508 4260 Antoine
1541 4201 1567 4261 im
1616 4197 1821 4257 „Schwachen
1860 4191 2065 4251 Geschlecht",
2094 4188 2120 4248 in
2164 4185 2315 4245 München
2353 4183 2380 4243 in
2418 4181 2472 4241 der

1283 4254 1377 4314 „Fee“
1410 4251 1467 4311 von
1504 4248 1641 4308 Molnar
1668 4245 1725 4305 und
1757 4242 1809 4302 den
1841 4242 1963 4302 Narren
2000 4240 2026 4300 in
2058 4239 2147 4299 „Wie
2179 4236 2205 4296 es
2237 4236 2300 4296 euch
2332 4229 2473 4289 gefällt".
