3392 4320
159 273 197 333 2

1422 273 1557 333 box
1637 275 1826 335 42/6

314 279 900 339 Schnitzler's
969 276 1193 336 Death

515 727 1238 787 OBSERVER

603 778 629 838 I.
642 778 763 838 österr.
773 783 925 843 behördl.
938 789 1237 849 konzessloniertes

560 818 794 878 Unternehmen
826 822 874 882 für
896 829 1286 889 Zeitungs-Ausschnitte

612 876 759 936 WIEN,
787 884 831 944 I.,
857 888 1147 948 WOLLZEILE
1193 891 1237 951 11

702 932 923 992 TELEPHON
954 940 1129 1000 R-23-0-43

501 1070 724 1130 Ausschnitt
746 1075 836 1135 aus:

825 1154 986 1214 PRAGER
1026 1145 1247 1205 TAEEIIT

491 1294 618 1354 vom:

830 1297 920 1357 22.
942 1305 1063 1365 OKT.
1095 1311 1196 1371 1937

1579 1428 1727 1488 lösbarer
1761 1433 1883 1493 Fragen
1917 1433 1944 1493 zu
1983 1432 2115 1492 weisen.
2149 1434 2198 1494 Es
2227 1436 2298 1496 geht
2326 1440 2408 1500 nicht
2431 1440 2491 1500 an,

633 1455 1516 1515 KUNST-BUCH-BULTUF

1569 1473 1594 1533 zu
1634 1474 1757 1534 Beginn
1793 1473 1846 1533 des
1882 1479 2031 1539 Dramas
2071 1479 2145 1539 seine
2180 1483 2378 1543 Wirkungen
2414 1485 2472 1545 dar

1573 1515 1636 1575 aus
1668 1518 1689 1578 zu
1727 1521 1838 1581 holen,
1860 1521 1917 1581 daß
1950 1522 1992 1582 ein
2024 1523 2114 1583 freier
2141 1525 2252 1585 Wille,
2274 1529 2326 1589 daß
2359 1530 2496 1590 Schuld,

1569 1563 1851 1623 Verantwortung
1906 1569 1970 1629 und
2020 1569 2168 1629 Gewissen
2228 1574 2277 1634 als
2302 1577 2484 1637 unbedingt

682 1596 861 1656 Arthur
899 1600 1174 1660 Schnitzler
1213 1607 1496 1667 gestorben

1572 1607 1758 1667 vorhanden
1793 1610 2031 1670 angenommen
2070 1613 2209 1673 werden,
2233 1616 2295 1676 also
2324 1618 2377 1678 die
2401 1619 2487 1679 Welt

1577 1649 1669 1709 unter
1722 1655 1851 1715 ethische
1883 1655 1996 1715 Oesetze
2048 1659 2079 1719 zu
2116 1661 2214 1721 stellen
2251 1659 2260 1719 —
2323 1663 2385 1723 und
2416 1665 2468 1725 zum

671 1659 835 1719 Wien.
882 1666 1031 1726 Arthur
1068 1673 1342 1733 Schnitzler
1399 1677 1445 1737 ist
1487 1680 1548 1740 ge¬

1573 1694 1715 1754 Schlusse
1742 1699 1784 1759 an
1837 1700 1931 1760 freiem
1980 1703 2116 1763 Willen,
2159 1704 2296 1764 Schuld,
2338 1710 2486 1770 Verant¬

624 1706 715 1766 stern
753 1709 974 1769 nachmittag
1006 1713 1036 1773 im
1080 1716 1141 1776 70.
1154 1720 1388 1780 Lebensjahr
1419 1723 1517 1783 einem
1568 1739 1727 1799 wortung
1759 1744 1789 1804 zu
1827 1742 1961 1802 zweifeln
1993 1748 2061 1808 und
2092 1750 2141 1810 die
2166 1751 2258 1811 Welt
2308 1755 2400 1815 unter
2431 1757 2486 1817 der

629 1756 909 1816 Schlaganfall
932 1760 1101 1820 erlegen.

1565 1787 1843 1847 ausschließlichen
1887 1791 2067 1851 Herrschaft
2117 1796 2172 1856 der
2227 1799 2423 1859 Kausalität
2451 1802 2478 1862 zu

1571 1827 1681 1887 sehen.
1714 1831 1819 1891 Wenn
1846 1834 1898 1894 der
1925 1837 2067 1897 Akrobat
2088 1840 2130 1900 die
2152 1843 2373 1903 Zentnerlast,
2389 1844 2431 1904 die
2453 1844 2484 1904 er

670 1858 797 1918 Arthur
825 1864 996 1924 Schnitzler
1046 1868 1084 1928 ist
1129 1871 1167 1931 am
1223 1875 1272 1935 15.
1295 1876 1372 1936 Mai
1400 1876 1477 1936 1862
1511 1877 1532 1937 ir

1568 1873 1715 1933 mühelos
1747 1877 1772 1937 zu
1803 1879 1951 1939 stemmen
1982 1882 2099 1942 schien,
2115 1885 2150 1945 am
2192 1886 2278 1946 Ende
2304 1888 2401 1948 fallen
2427 1891 2483 1951 und

620 1904 710 1964 Wien
742 1906 900 1966 geboren,
922 1911 969 1971 als
1001 1913 1091 1973 Soyn
1123 1917 1176 1977 des
1208 1921 1420 1981 ordentlichen
1457 1920 1541 1980 Pro=
1573 1919 1631 1979 das
1658 1920 1817 1980 Publikum
1859 1926 1976 1986 merken
2003 1927 2092 1987 läßt,
2103 1930 2155 1990 daß
2182 1930 2213 1990 es
2241 1931 2304 1991 eine
2326 1936 2484 1996 Attrappe

624 1951 734 2011 jessors
786 1953 826 2013 an
862 1954 917 2014 der
963 1956 1100 2016 Wiener
1152 1963 1359 2023 Universität
1405 1969 1541 2029 Johann

1571 1963 1635 2023 aus
1666 1969 1903 2029 Pappendeckel
1929 1972 2014 2032 war,
2040 1972 2085 2032 die
2111 1973 2141 2033 er
2167 1975 2196 2035 in
2233 1976 2282 2036 der
2313 1982 2414 2042 Faust
2435 1980 2489 2040 ge¬

617 1996 805 2056 Schnitzler,
826 1999 876 2059 der
897 2000 948 2060 sich
974 2002 1024 2062 als
1050 2008 1280 2068 Laryngologe
1306 2013 1392 2073 einen
1419 2014 1535 2074 Namen

1571 2008 1700 2068 halten,
1731 2011 1757 2071 so
1793 2015 1865 2075 mag
1907 2017 1963 2077 das
2000 2018 2051 2078 als
2088 2019 2253 2079 erlaubter
2285 2024 2481 2084 Clownspaß

622 2043 768 2103 gemacht
788 2043 858 2103 hat.
874 2045 919 2105 Er
940 2049 1070 2109 wandte
1092 2054 1161 2114 sich,
1177 2058 1273 2118 gleich
1299 2058 1394 2118 seinem
1435 2058 1545 2118 Vater,

1562 2052 1681 2112 gelten.
1721 2055 1805 2115 Aber
1830 2058 1899 2118 auch
1930 2058 1984 2118 das
2014 2063 2138 2123 Drama
2168 2064 2247 2124 wird
2272 2067 2371 2127 dazu,
2391 2070 2475 2130 wenn

615 2085 671 2145 der
703 2088 942 2148 medizinischen
1000 2095 1171 2155 Laufbahn
1208 2100 1259 2160 zu,
1307 2103 1457 2163 sndlerte
1509 2104 1535 2164 in

1572 2097 1616 2157 ein
1646 2100 1763 2160 hoher,
1783 2103 1926 2163 ethischer
1956 2104 2049 2164 Wert
2074 2108 2128 2168 vom
2168 2112 2260 2172 ersten
2296 2113 2344 2173 zum
2384 2115 2477 2175 letzten

622 2127 711 2187 Wien
743 2133 806 2193 und
838 2136 1059 2196 promovierte
1086 2142 1154 2202 hier
1181 2143 1280 2203 1885.
1318 2147 1422 2207 Seine
1444 2146 1543 2206 prak¬
1566 2144 1634 2204 Akt
1655 2144 1692 2204 an
1729 2145 1871 2205 Gewicht
1898 2150 2013 2210 immer
2040 2153 2166 2213 leichter
2219 2157 2276 2217 und
2314 2158 2350 2218 am
2398 2160 2482 2220 Ende

617 2175 725 2235 tischen
761 2178 869 2238 Jahre
899 2184 1083 2244 verbrachte
1113 2187 1147 2247 er
1177 2187 1271 2247 (1886
1306 2188 1355 2248 bis
1385 2189 1484 2249 1888)
1514 2196 1538 2256 in

1568 2190 1635 2250 aus
1656 2191 1744 2251 einer
1766 2196 1978 2256 Zentnerlast
2000 2202 2051 2262 zur
2072 2202 2285 2262 Flaumfeder
2306 2205 2493 2265 geworden.

609 2220 652 2280 K.
672 2220 711 2280 K.
731 2225 969 2285 Allgemeeinen
999 2231 1267 2291 Krankenhaus,
1287 2236 1393 2296 wurde
1423 2239 1520 2299 daran

615 2265 766 2325 Assistent
792 2267 828 2327 an
865 2270 923 2330 der
955 2273 1173 2333 Universitäts
1184 2279 1362 2339 Poliklinik
1394 2284 1456 2344 und
1488 2285 1534 2345 ein

614 2312 707 2372 Jahr
727 2315 831 2375 später
851 2315 1038 2375 praktischer
1058 2322 1141 2382 Arzt.
1172 2326 1274 2386 Schon
1300 2327 1373 2387 nach
1394 2329 1536 2389 wenigen

622 2357 745 2417 Jahren
788 2360 860 2420 aber
897 2363 954 2423 gab
996 2363 1026 2423 er
1063 2367 1166 2427 seinen
1224 2372 1395 2432 ärztlichen
1437 2375 1545 2435 Veruf

617 2400 695 2460 auf.
720 2403 754 2463 um
805 2405 853 2465 sich
888 2408 976 2468 ganz
1022 2409 1075 2469 der
1125 2413 1297 2473 Literatur
1332 2416 1465 2476 widmen
1505 2420 1529 2480 zu

612 2443 755 2503 können.
795 2449 898 2509 Seine
924 2452 1032 2512 Werke
1057 2456 1116 2516 sind
1147 2458 1176 2518 in
1206 2460 1294 2520 einer
1320 2462 1517 2522 Gesamkaus

616 2492 690 2552 gabe
719 2491 770 2551 des
805 2495 948 2555 Verlags
983 2497 1028 2557 S.
1046 2500 1195 2560 Fischer,
1213 2506 1327 2566 Berlin
1362 2509 1545 2569 vereinigt.

654 2584 768 2644 Arthur
798 2587 999 2647 Schnitzler:

659 2655 1061 2715 Bemerkungen

692 2713 760 2773 Ans
789 2715 829 2775 dem
871 2719 940 2779 Buch
969 2722 1013 2782 der
1042 2727 1164 2787 Sprüche
1189 2729 1245 2789 und
1270 2734 1437 2794 Bedenken,
1453 2737 1542 2797 Kapi¬

647 2748 688 2808 tel
714 2752 743 2812 8,
765 2754 865 2814 „Werk
895 2756 949 2816 und
979 2760 1159 2820 Widerhall“

656 2800 728 2860 Wir
761 2805 915 2865 wundern
952 2808 1016 2868 uns
1053 2814 1167 2874 immer
1199 2818 1336 2878 wieder,
1359 2822 1450 2882 wenn
1487 2825 1532 2885 ein

607 2845 701 2905 Port.
717 2849 766 2909 der
792 2850 851 2910 uns
877 2853 946 2913 eine
966 2855 1056 2915 Welt
1076 2856 1125 2916 der
1151 2862 1285 2922 Pracht,
1301 2863 1355 2923 des
1381 2867 1519 2927 Glanzes

608 2888 663 2948 der
689 2894 820 2954 feineren
851 2900 1108 2960 Lebensgenüsse
1129 2906 1265 2966 erschuf,
1286 2906 1331 2966 als
1357 2909 1396 2969 ein
1427 2912 1538 2972 salop¬

605 2937 677 2997 per,
707 2939 872 2999 äußerlich
911 2950 1212 3010 spernachlässigter
1247 2953 1426 3013 Vohemien

605 2979 689 3039 wenn
723 2983 788 3043 uns
812 2983 868 3043 der
897 2991 1023 3051 Dichter
1052 2993 1137 3053 eines
1170 2994 1297 3054 Buches
1325 2999 1381 3059 von
1415 3002 1513 3062 hyhem

604 3029 748 3089 sittlichen
789 3029 887 3089 Ernst
918 3035 972 3095 als
1008 3037 1057 3097 ein
1097 3042 1361 3102 oberflächlicher
1396 3046 1529 3106 frivoler

605 3070 750 3130 Geselle,
774 3074 783 3134 —
843 3075 934 3135 wenn
973 3080 1035 3140 uns
1065 3082 1118 3142 der
1148 3086 1317 3146 Verfasser
1347 3090 1433 3150 eines
1467 3092 1520 3152 von

602 3114 756 3174 #delsinn
809 3120 876 3180 und
925 3126 1185 3186 Menschemiebe
1238 3133 1522 3193 Werströmenden

598 3160 718 3220 Werkes
764 3165 818 3225 als
864 3168 909 3228 ein
959 3174 1169 3234 engherziger
1214 3175 1294 3235 oder
1325 3179 1385 3239 gar
1415 3183 1529 3243 harter

600 3205 726 3265 Mensch
765 3214 1018 3274 entgegentritt,
1052 3220 1113 3280 und
1151 3220 1179 3280 in
1227 3223 1353 3283 unserer
1392 3229 1532 3289 Enttäu¬

608 3251 713 3311 schung
755 3256 819 3316 sind
860 3257 921 3317 wir
957 3261 1048 3321 leicht
1079 3267 1225 3327 geneigt,
1256 3270 1352 3330 solche
1393 3270 1534 3330 Schrift¬

610 3296 705 3356 steller
736 3300 792 3360 für
828 3307 1092 3367 schwindelhafte
1123 3312 1204 3372 oder
1250 3316 1311 3376 gar
1357 3318 1529 3378 verlogene

599 3342 755 3402 Subfekte
782 3348 986 3408 anzusehen.

643 3390 759 3450 Damit
781 3391 832 3451 tun
868 3394 929 3454 wir
955 3397 1047 3457 ihnen
1079 3399 1227 3459 unrecht.
1248 3400 1294 3460 Re
1320 3403 1380 3463 sind
1412 3408 1534 3468 keines¬

593 3430 675 3490 wegs
708 3438 937 3498 Schwindler,
956 3441 988 3501 es
1021 3443 1084 3503 sind
1113 3446 1186 3506 eben
1223 3450 1406 3510 Literaten,
1430 3454 1517 3514 deren

595 3480 921 3540 Schaffensmethode
940 3487 1205 3547 gewissermaßen
1234 3494 1257 3554 in
1291 3494 1362 3554 zwei
1376 3497 1517 3557 Etappen

598 3519 652 3579 vor
683 3524 732 3584 sich
768 3527 871 3587 geht;
897 3528 937 3588 sie
972 3533 1151 3593 beginnen,
1176 3537 1340 3597 durchaus
1375 3541 1460 3601 nicht
1490 3542 1519 3602 in

600 3569 797 3629 unehrlicher
831 3572 966 3632 Absicht,
991 3578 1120 3638 sondern
1164 3581 1246 3641 einem
1294 3585 1428 3645 inneren
1463 3587 1525 3647 Ge¬

604 3614 652 3674 setz
671 3617 819 3677 folgend,
839 3620 959 3680 damit,
978 3621 1035 3681 daß
1065 3623 1103 3683 sie
1127 3625 1184 3685 vor
1209 3628 1290 3688 allem
1334 3630 1453 3690 einmal
1477 3633 1525 3693 die

597 3658 721 3718 Gestalt
757 3661 840 3721 eines
880 3664 1029 3724 Dichters
1059 3667 1218 3727 schaffen,
1244 3671 1298 3731 der
1343 3673 1393 3733 sich
1443 3676 1516 3736 dazu

595 3702 714 3762 eignet,
737 3706 796 3766 aus
824 3705 924 3765 seinem
971 3710 1030 3770 von
1063 3714 1154 3774 ihnen
1191 3717 1374 3777 erdichteten
1411 3718 1516 3778 Wesen

598 3748 718 3808 heraus
753 3749 796 3809 ein
830 3749 921 3809 Werk
956 3754 979 3814 zu
1019 3757 1158 3817 dichten,
1183 3760 1240 3820 das
1275 3760 1313 3820 sie
1342 3763 1405 3823 aus
1439 3765 1525 3825 ihrer

595 3793 726 3853 oigenen
754 3796 861 3856 Natur
890 3797 918 3857 zu
951 3799 1077 3859 schaffen
1110 3802 1194 3862 nicht
1218 3807 1372 3867 imstande
1401 3809 1527 3869 wären.

638 3835 772 3895 Freilich
804 3840 845 3900 ist
867 3841 918 3901 die
950 3845 1127 3905 Wahrheit
1153 3848 1199 3908 ein
1232 3850 1262 3910 so
1294 3853 1527 3913 unwiderstey¬

593 3881 687 3941 liches
717 3885 880 3945 Eliment,
901 3888 959 3948 daß
995 3890 1029 3950 an
1064 3891 1148 3951 chdie
1178 3894 1445 3954 bedeutendsten,
1466 3899 1529 3959 auf

607 3926 697 3986 solche
732 3928 832 3988 Weise
871 3933 1024 3993 zustande
1058 3936 1283 3996 gekommenen
1327 3939 1436 3999 Werke
1470 3942 1508 4002 an

595 3969 803 4029 irgendeiner
826 3975 949 4035 Stelle,
963 3978 1149 4038 manchmal
1168 3984 1245 4044 auch
1273 3984 1295 4044 in
1323 3985 1373 4045 der
1396 3988 1509 4048 ganzen

593 4017 870 4077 Durchführung,
895 4021 953 4081 das
984 4024 1181 4084 Geheimnis
1212 4029 1300 4089 ihres
1330 4031 1517 4091 Ursprung¬

595 4060 763 4120 verraten,
787 4064 873 4124 wäre
901 4065 927 4125 es
960 4067 1033 4127 auch
1065 4071 1124 4131 nur
1152 4071 1243 4131 durch
1280 4075 1320 4135 ein
1353 4076 1516 4136 seltsames

598 4109 813 4169 Unbehagen,
828 4110 884 4170 das
914 4112 947 4172 sie
971 4115 1095 4175 erregen
1129 4117 1186 4177 und
1215 4117 1272 4177 das
1301 4119 1343 4179 sich
1373 4121 1420 4181 bis
1444 4121 1496 4181 zum
