3392 4352
545 171 787 231 Tiebeler,
807 172 864 232 aus
905 174 981 234 einem
1030 175 1185 235 Spalwerk
1225 175 1272 235 der

1528 180 1628 240 Tn

525 209 812 269 Monolog=Novelle
846 210 1076 270 „Fräulein
1111 211 1239 271 Else“.

3055 216 3243 276 verstandlich

1331 226 1567 286 Christine:
1587 227 1674 287 Wer?
1705 228 1783 288 Sag'
1803 228 1837 288 du
1867 228 1950 288 mir's
1980 230 2014 290 (zu
2049 231 2152 291 Mizzi)
2177 228 2240 288 auch
2265 230 2314 290 von
2339 231 2442 291 Ihnen
2467 231 2643 291 gesprochen.

559 246 621 306 Die
651 246 742 306 beiden
776 249 891 309 Zitate,
916 249 959 309 die
988 249 1041 309 wir
1070 252 1277 312 voranstellen,

3035 258 3118 318 mich
3157 261 3207 321 für
3241 261 3285 321 ein

1308 273 1347 333 ...
1357 273 1420 333 Du,
1446 274 1558 334 Vater?
1588 276 1691 336 (Keine
1721 276 1873 336 Antwort.
1903 276 1956 336 Sie
1991 276 2049 336 will
2079 276 2137 336 fort

2200 279 2436 339 Christine:
2455 279 2525 339 Auch
2554 279 2606 339 von
2639 279 2691 339 mir
2720 280 2766 340 hat
2791 281 2819 341 er
2843 282 3003 342 gesprochen

527 285 584 345 sind
614 285 657 345 dem
701 285 842 345 Einakter
871 288 1122 348 „Lebendige
1147 290 1272 350 Stun¬

3048 300 3177 360 übrigen
3216 303 3287 363 kann

516 323 608 383 den“
640 323 696 383 (dem
743 324 825 384 ersten
861 324 912 384 aus
944 325 990 385 dem
1032 327 1253 387 gleichnamigen
1290 322 1424 382 Weiring
1450 322 1512 382 hölt
1533 323 1569 383 sie
1595 322 1713 382 zurück.)
1734 326 1785 386 Ich
1812 325 1899 385 werde
1925 324 1981 384 doch
2008 324 2131 384 erfahren
2168 324 2245 384 Auch
2271 324 2322 384 von
2354 324 2425 384 mir!
2467 326 2529 386 Und
2561 327 2607 387 von
2638 327 2699 387 was
2726 329 2792 389 denn
2824 330 2911 390 noch?
2953 327 3014 387 Vor

3044 344 3160 404 reden.
3199 345 3281 405 Auch

530 362 655 422 Zyklus)
679 360 887 420 entnommen.
929 363 994 423 Ihr
1027 365 1156 425 gleichsam
1203 364 1267 424 pro=
1296 367 1416 427 dürfen,
1440 369 1495 429 wer
1523 368 1564 428 ihn
1597 368 1783 428 umgebracht
1807 370 1871 430 hat,
1895 370 1950 430 und
1978 370 2071 430 wofür
2094 371 2145 431 —!
2173 371 2228 431 wie
2257 372 2317 432 viel
2345 372 2460 432 anderen
2498 374 2623 434 Leuten,
2642 374 2692 434 von
2725 374 2776 434 wie
2809 374 2869 434 viel
2897 375 3017 435 anderen

3049 385 3134 445 Papa
3165 386 3221 446 hat
3241 389 3286 449 kon

519 398 671 458 phetischer
699 398 796 458 Bezug
834 398 884 458 auf
912 401 958 461 die
987 401 1139 461 traurigen
1177 404 1268 464 letzten

1325 416 1537 476 Theodor:
1557 418 1596 478 Es
1621 419 1744 479 war...
1759 419 1798 479 ein
1828 419 1961 479 nichtiger
1986 419 2128 479 Grund..

2161 419 2295 479 Sachen,
2320 419 2363 479 die
2393 421 2435 481 ihm
2484 423 2551 483 grad
2586 422 2609 482 so
2639 422 2696 482 viel
2726 423 2846 483 gewesen
2880 423 2937 483 sind
2972 422 3010 482 wi

3048 428 3133 488 wenn
3172 428 3200 488 es
3229 431 3277 491 sich

523 437 624 497 Jahre
644 437 692 497 des
721 437 851 497 Dichters
886 438 938 498 und
963 437 1054 497 seinen
1084 440 1141 500 Tod
1171 441 1272 501 erhellt

2162 466 2223 526 ich?
2255 464 2270 524 —
2322 466 2384 526 Von
2426 469 2482 529 mir
2514 470 2601 530 auch!
2628 470 2643 530 O
2690 470 2845 530 Gott!...
2872 470 2933 530 Und
2965 471 3016 531 von
3047 470 3104 530 den
3141 474 3285 534 dreißigte

1328 473 1561 533 Christine:
1583 473 1640 533 Sie
1662 476 1742 536 sagen
1774 476 1847 536 nicht
1869 476 1911 536 die
1938 478 2112 538 Wahrheit.

518 473 570 533 von
603 476 694 536 selbst.
716 476 780 536 Wir
807 476 941 536 brauchen
974 477 1059 537 ihnen
1092 480 1178 540 nichts
1211 480 1253 540 hin

521 513 688 573 zuzufügen

2170 515 2260 575 seinem
2306 515 2400 575 Vater
2432 515 2486 575 und
2518 518 2567 578 von
2604 517 2694 577 seiner
2726 518 2843 578 Mutter
2880 518 2933 578 und
2966 518 3010 578 von
3047 515 3254 575 abgewendet

1289 519 1442 579 Warum,
1462 521 1599 581 warum.

564 551 744 611 „Lebendige
771 551 931 611 Stunden“
967 553 1029 613 war
1071 553 1096 613 im
1144 556 1267 616 übrigen

3043 556 3199 616 sondern,

2161 562 2256 622 seinen
2295 563 2449 623 Freunden
2488 565 2540 625 und
2579 565 2627 625 von
2666 565 2757 625 seinem
2801 565 2935 625 Zimmer
2969 564 3017 624 und

1328 568 1529 628 Theodor:
1561 568 1643 628 Liebe
1670 571 1856 631 Christine..

520 589 574 649 das
604 587 703 647 Werk,
728 589 777 649 das
808 590 965 650 Schnitzler
1000 590 1025 650 im
1070 592 1169 652 Jahre
1199 595 1267 655 1903

3045 598 3189 658 Glaubst
3217 601 3248 661 du

2163 613 2217 673 vom
2258 611 2403 671 Frühling
2431 611 2480 671 und
2508 610 2557 670 von
2585 611 2630 671 der
2653 613 2747 673 Stadt
2771 613 2820 673 und
2848 613 2897 673 von
2929 613 2997 673 allom

1328 616 1544 676 Christine
1582 616 1634 676 (als
1661 616 1756 676 wollte
1783 618 1814 678 sie
1841 619 2063 679 unterbrechen,
2084 618 2142 678 geh¬

516 625 567 685 den
600 628 894 688 Bauernfeld=Preis
922 631 1040 691 eintrug
1074 631 1125 691 und
1160 631 1201 691 die
1226 631 1258 691 be

3050 643 3167 703 Prozeß
3195 643 3296 703 Erbe¬

1295 664 1332 724 sie
1360 664 1408 724 auf
1430 664 1473 724 ihn
1506 664 1532 724 zu
1565 664 1575 724 —
1624 664 1721 724 spricht
1749 666 1872 726 anfangs
1900 667 1986 727 nicht,
2003 667 2073 727 sieht
2095 665 2137 725 ihn
2170 660 2224 720 von
2257 659 2354 719 allem,
2376 660 2435 720 was
2462 660 2483 720 so
2511 661 2564 721 mit
2581 661 2645 721 dazu
2673 661 2775 721 gehört
2792 663 2845 723 hat
2862 663 2888 723 zu
2921 660 3007 720 seinen

520 664 577 724 rüch
602 666 659 726 igte
689 667 925 727 Interpellation
964 669 983 729 im
1032 670 1268 730 Abgeordneten¬

3050 685 3098 745 dem
3153 688 3239 748 Paxa
3272 687 3293 747 si

2161 706 2254 766 Leben
2289 706 2343 766 und
2374 709 2432 769 was
2462 709 2491 769 er
2521 709 2585 769 grad
2616 709 2640 769 so
2670 709 2718 769 hat
2744 709 2876 769 verlassen
2912 711 3014 771 müssen

517 703 589 763 haus
626 704 811 764 veranlaßte,
838 706 889 766 von
925 706 971 766 der
1003 709 1106 769 gestern
1143 709 1168 769 in
1205 708 1261 768 un=
1293 709 1323 769 an
1355 711 1411 771 und
1437 712 1530 772 schreit
1551 712 1623 772 dann
1649 714 1799 774 plötzlich):
1820 715 1923 775 Wegen
1954 715 2026 775 einer
2042 714 2114 774 Frau

3046 730 3286 790 verständlich!

518 745 594 805 serem
634 745 727 805 Blatt
750 743 788 803 die
816 745 893 805 Rede
916 745 992 805 war.

2167 753 2222 813 wie
2247 753 2374 813 mich...
2395 753 2444 813 von
2475 755 2545 815 allem
2587 756 2637 816 hat
2658 756 2682 816 er
2708 756 2763 816 mit
2784 759 2880 819 Ihnen
2911 757 3021 817 gespro¬

1328 768 1538 828 Theodor:
1569 770 1641 830 Nein
1666 767 1677 827 —

3045 769 3102 829 von
3140 771 3191 831 den
3218 774 3301 834 Erbe

789 789 804 849 *
830 789 846 849 *
872 791 887 851 *

2165 801 2294 861 chen...
2310 802 2367 862 und
2393 804 2475 864 auch
2502 801 2548 861 von
2580 804 2677 864 mir..

3042 813 3086 873 ich
3115 815 3193 875 bitte
3216 816 3271 876 dich

1330 828 1561 888 Christine:
1596 829 1636 889 Ja
1678 826 1689 886 —
1747 829 1793 889 für
1829 828 1892 888 eine
1927 828 2072 888 Frau...
2102 830 2135 890 (zu

2197 849 2386 909 Theodor
2420 852 2575 912 (bewegt):
2598 851 2642 911 Er
2671 851 2726 911 hat
2755 852 2810 912 Sie
2839 852 2933 912 gewiß
2961 852 3017 912 lieb
3051 856 3218 916 versichere
3241 856 3296 916 dich

450 865 660 925 Heinrich:
683 867 759 927 Aber
781 869 858 929 sagen
887 867 943 927 Sie
965 869 1056 929 selbst,
1078 873 1147 933 Herr
1170 872 1267 932 Haus¬

1293 875 1389 935 Mizzi
1418 876 1593 936 gewendet):
1616 877 1666 937 für
1690 876 1796 936 diese
1825 876 1904 936 Frau
1939 873 1949 933 —
2001 875 2045 935 für
2074 873 2141 933 diese

2170 897 2290 957 gehabt.

3042 898 3096 958 ihm
3141 902 3168 962 ja
3201 900 3283 960 einsa

403 912 517 972 dorfer:
555 914 632 974 Sind
676 913 719 973 die
748 914 834 974 Leuie
873 915 949 975 nicht
988 915 1135 975 eigentlich
1169 918 1272 978 benei¬

1295 924 1392 984 Frau,
1410 924 1452 984 die
1475 924 1501 984 er
1523 924 1692 984 geliebt
1714 924 1762 984 hat
1785 924 1795 984 —
1839 924 1893 984 und
1921 924 1964 984 ihr
1991 923 2121 983 Mann-

2203 948 2433 1008 Christine:
2463 945 2549 1005 Lieb!
2579 945 2590 1005 —
2637 947 2705 1007 Er?
2729 946 2746 1006 —
2793 948 2850 1008 Ich
2879 948 2925 1008 bin
2961 948 3006 1008 ihm
3053 945 3151 1005 haben
3181 945 3209 1005 es
3238 944 3284 1004 ern

409 959 573 1019 denswert,
596 960 685 1020 denen
718 961 745 1021 es
779 962 806 1022 so
834 964 938 1024 schnell
967 965 1094 1025 gelingt,
1122 966 1166 1026 sich
1199 966 1265 1026 hin-
1299 968 1343 1028 ja,
1360 971 1404 1031 ja,
1426 971 1470 1031 ihr
1493 970 1586 1030 Mann
1620 971 1669 1031 hat
1692 970 1735 1030 ihn
1769 969 2007 1029 umgebracht...
2029 971 2084 1031 Und
2107 968 2145 1028 ich

3045 985 3147 1045 etwas
3183 986 3265 1046 aanz

2166 995 2259 1055 nichts
2288 993 2409 1053 gewesen
2444 995 2487 1055 als
2527 995 2565 1055 ein
2598 995 2792 1055 Zeitvertreib
2821 995 2836 1055 —
2887 995 2942 1055 und
2976 994 3003 1054 fü

399 1007 592 1067 auszuretten
624 1008 634 1068 —
689 1007 710 1067 in
748 1009 829 1069 ihren
862 1008 974 1068 Beruf,
1002 1010 1028 1070 in
1061 1012 1125 1072 ihre
1153 1013 1265 1073 Kunst!

1287 1016 1413 1076 ...was
1440 1019 1482 1079 bin
1514 1017 1582 1077 denn
1614 1016 1672 1076 ich?
1699 1017 1767 1077 Was
1789 1017 1830 1077 bin
1863 1016 1931 1076 denn
1952 1018 1983 1078 ich
2016 1019 2057 1079 ihm
2100 1014 2142 1074 ge¬

3044 1030 3138 1090 einem
3176 1031 3288 1091 Mensa

2167 1038 2226 1098 eine
2257 1040 2357 1100 andere
2384 1040 2419 1100 ist
2439 1040 2469 1100 er
2495 1040 2636 1100 gestorben
2662 1038 2716 1098 —!
2737 1040 2797 1100 Und
2823 1040 2858 1100 ich
2884 1040 2954 1100 hab'
2975 1038 3014 1098 ihr

411 1055 458 1115 die
495 1055 632 1115 vielleicht
669 1058 753 1118 sogar
796 1058 837 1118 die
880 1058 1072 1118 wunderbare
1115 1060 1265 1120 Fähigkeit
1296 1066 1464 1126 wesen...?
1489 1065 1680 1125 Theodor...
1699 1065 1783 1125 haben
1808 1064 1861 1124 Sie
1886 1064 1952 1124 denn
1982 1064 2030 1124 gar
2055 1062 2138 1122 nichts

3045 1072 3084 1132 um
3135 1071 3224 1131 zwölf
3250 1073 3294 1133 mu

2164 1086 2336 1146 angebetet!
2361 1085 2370 1145 —
2419 1085 2480 1145 Hat
2505 1088 2533 1148 er
2558 1088 2624 1148 denn
2654 1088 2706 1148 das
2736 1088 2807 1148 nicht
2832 1088 3009 1148 gewußt?..

412 1103 522 1163 haben,
548 1106 621 1166 ihren
658 1106 794 1166 Schmerz
819 1106 844 1166 in
875 1107 954 1167 ihrer
986 1106 1078 1166 Weise
1103 1109 1128 1169 zu
1165 1109 1257 1169 gestal

3106 1112 3187 1172 Wer
3213 1113 3250 1173 ist

1296 1112 1343 1172 für
1373 1116 1502 1176 mich...
1527 1115 1580 1175 hat
1610 1115 1639 1175 er
1669 1115 1757 1175 nichts
1793 1113 2141 1173 niedergeschrieben....

2167 1136 2230 1196 Daß
2259 1136 2293 1196 ich
2323 1133 2363 1193 ihm
2404 1136 2473 1196 alles
2497 1136 2612 1196 gegeben
2642 1136 2716 1196 hab',
2735 1136 2792 1196 was
2816 1138 2855 1198 ich
2879 1138 2919 1198 ihm
2960 1135 3006 1195 hab

400 1151 471 1211 ten,
512 1152 583 1212 statt
610 1151 655 1211 ihn
696 1151 721 1211 in
755 1153 892 1213 nutzlosen
926 1153 1044 1213 Tränen
1084 1156 1254 1216 hinströmen

3041 1156 3266 1216 unerbittlich.

1296 1162 1356 1222 Hat
1384 1162 1417 1222 er
1445 1163 1544 1223 Ihnen
1583 1161 1638 1221 kein
1672 1160 1760 1220 Wort
1794 1162 1837 1222 für
1871 1160 1937 1220 mich
1976 1162 2142 1222 gesagt....

2166 1183 2252 1243 geben
2287 1183 2408 1243 können,
2432 1183 2478 1243 daß
2507 1183 2541 1243 ich
2571 1183 2617 1243 für
2647 1183 2686 1243 ihn
2722 1183 2861 1243 gestorben
2890 1183 2999 1243 wär'¬

403 1203 434 1263 zu
466 1199 586 1259 lassen!

3042 1201 3200 1261 Rancune
3228 1201 3281 1261 dab

1296 1210 1390 1270 Haben
1433 1209 1485 1269 Sie
1523 1210 1612 1270 nichts
1649 1210 1854 1270 gefunden...
1886 1207 1965 1267 einen
2002 1209 2123 1269 Brief..

2163 1229 2214 1289 daß
2260 1231 2287 1291 er
2323 1231 2395 1291 mein
2436 1231 2577 1291 Herrgott
2607 1231 2731 1291 gewesen
2766 1231 2805 1291 ist
2834 1231 2890 1291 und
2925 1231 3020 1291 meine

3046 1243 3232 1303 licherweise
3261 1246 3293 1306 un

453 1246 746 1306 Hausdorfer:
792 1246 968 1306 Gestalten?
1001 1249 1099 1309 Weckt
1132 1250 1184 1310 das
1217 1252 1262 1312 die
1302 1256 1380 1316 einen
1407 1255 1510 1315 Zette,

2163 1280 2312 1340 Seligkeit
2340 1277 2350 1337 —
2401 1279 2450 1339 hat
2478 1279 2510 1339 er
2539 1281 2588 1341 das
2622 1281 2671 1341 gar
2704 1279 2776 1339 nicht
2805 1279 2948 1339 bemerkt?
2976 1280 3019 1340 Er
3048 1284 3163 1344 Gottes
3197 1285 3296 1345 willer

400 1294 494 1354 Toten
525 1294 632 1354 wieder
656 1293 727 1353 auf!

1325 1312 1519 1372 Theodor
1559 1312 1695 1372 (schüttelt
1719 1312 1770 1372 den
1799 1313 1901 1373 Kopf).

2166 1330 2219 1390 hat
2236 1329 2289 1389 von
2317 1327 2370 1387 mir
2393 1327 2538 1387 fortgehen
2565 1327 2689 1387 können,
2706 1327 2759 1387 mit
2776 1327 2856 1387 einem
2895 1327 3024 1387 Lächeln,
3051 1330 3148 1390 „kann
3186 1331 3250 1391 man

444 1342 656 1402 Heinrich:
682 1342 725 1402 So
757 1342 850 1402 wenig
883 1343 926 1403 als
958 1343 1001 1403 die
1027 1344 1164 1404 Tränen.
1208 1348 1257 1408 Ich

1327 1368 1559 1428 Christine:
1591 1368 1645 1428 Und
1683 1368 1720 1428 an
1757 1369 1806 1429 dem
1849 1370 2008 1430 Abend...
2033 1368 2076 1428 wo
2108 1368 2138 1428 er
2169 1376 2310 1436 fortgehen
2347 1374 2402 1434 aus
2433 1374 2519 1434 diesem
2563 1374 2691 1434 Zimmer
2722 1374 2777 1434 und
2808 1374 2857 1434 sich
2882 1376 2931 1436 für
2962 1373 3023 1433 eine
3048 1373 3133 1433 Geld
3159 1373 3189 1433 am
3232 1374 3281 1434 fün

411 1392 476 1452 sage
510 1392 575 1452 auch
601 1392 699 1452 nicht,
717 1392 765 1452 daß
799 1392 848 1452 die
873 1392 988 1452 Frende
1014 1392 1046 1452 an
1080 1392 1128 1452 der
1162 1398 1269 1458 Arbeit
1294 1416 1326 1476 da
1360 1417 1442 1477 war,
1468 1416 1508 1476 wo
1534 1416 1590 1476 Sie
1624 1416 1665 1476 ihn
1699 1416 1731 1476 da
1765 1418 1904 1478 abgeholt
1930 1416 2077 1476 haben...
2111 1420 2135 1480 da
2169 1424 2275 1484 andere
2309 1422 2523 1482 nirderschießen
2565 1424 2713 1484 lassen...
2739 1422 2845 1482 Vater,
2862 1422 2960 1482 Vater

3047 1418 3076 1478 in
3107 1416 3221 1476 Fialas
3245 1418 3286 1478 Hä

408 1440 460 1500 das
491 1441 555 1501 Leid
585 1443 655 1503 über
686 1443 727 1503 ein
769 1443 1023 1503 entschwundenes
1065 1443 1153 1503 Leben
1201 1446 1230 1506 au

3040 1460 3159 1520 lassen,
3183 1461 3296 1521 vielme

1291 1471 1342 1531 hat
1372 1467 1423 1527 er's
1452 1466 1522 1526 schon
1551 1466 1684 1526 gewußt,
1702 1467 1730 1527 da
1760 1467 1811 1527 hat
1835 1468 1863 1528 er
1888 1467 2014 1527 gewußt,
2032 1467 2084 1527 daß
2114 1468 2142 1528 er
2171 1473 2304 1533 verstehst
2328 1473 2356 1533 du
2380 1470 2449 1530 das?

407 1488 511 1548 wiegt.
530 1491 603 1551 Aber
635 1491 665 1551 ist
685 1491 715 1551 es
740 1491 813 1551 nicht
838 1491 942 1551 endlich
968 1491 1017 1551 das
1048 1495 1183 1555 Einzige,
1202 1496 1257 1556 war

3043 1503 3172 1563 Höning
3202 1506 3248 1566 ihn

1291 1516 1360 1576 mich
1383 1515 1522 1575 vielleicht
1540 1515 1586 1575 nie
1604 1515 1685 1575 mehr
1697 1515 1748 1575 ...
1766 1515 1824 1575 Und
1848 1516 1871 1576 er
1894 1515 1928 1575 ist
1946 1515 1993 1575 von
2017 1515 2045 1575 da
2069 1515 2126 1575 weg

2197 1521 2414 1581 Weiring:
2447 1521 2607 1581 Christin'!
2634 1521 2697 1581 (Bei
2723 1521 2793 1581 ihr).

408 1539 471 1599 uns
497 1539 586 1599 übrig
612 1539 720 1599 bleibt:
746 1541 898 1601 arbeiten?
950 1539 1064 1599 Werden
1103 1542 1159 1602 Sie
1186 1543 1249 1603 nich

3046 1544 3093 1604 die
3120 1547 3259 1607 Summe

1286 1566 1458 1626 gogangen,
1478 1565 1509 1625 um
1556 1565 1600 1625 sich
1626 1564 1671 1624 für
1697 1563 1754 1623 eine
1781 1562 1882 1622 andere
1909 1562 2082 1622 umbringen
2108 1564 2133 1624 zu

408 1588 507 1648 Ihren
533 1586 646 1646 Garten
672 1588 784 1648 pflegen
809 1588 866 1648 wie
892 1589 997 1649 zuvor?
1023 1589 1080 1649 und
1106 1589 1142 1649 ich
1168 1589 1180 1649 —
1225 1593 1268 1653 ja,

3049 1590 3167 1650 Doktor
3194 1591 3239 1651 F.
3259 1589 3291 1649 üb

3045 1634 3198 1694 gerettet.
3237 1636 3288 1696 In

410 1636 449 1696 ich
484 1634 599 1694 ersehne
633 1635 687 1695 den
722 1637 802 1697 Tag,
837 1637 863 1697 da
898 1637 938 1697 ich
965 1637 1067 1697 wieder
1094 1639 1175 1699 fähig
1210 1640 1256 1700 sein

3043 1676 3213 1736 geschieht.
3231 1676 3289 1736 G.a

404 1682 518 1742 werde,
539 1685 628 1745 etwas
654 1684 860 1744 Ordentliches
886 1687 911 1747 zu
944 1685 1059 1745 schaffen
1085 1688 1143 1748 wie
1169 1688 1264 1748 früher

3048 1720 3237 1780 Geringste,
3256 1720 3298 1780 mi

405 1731 539 1791 einmal.
570 1733 636 1793 Ins
675 1733 921 1793 Unabänderliche
959 1735 1063 1795 müssen
1102 1736 1161 1796 wir
1199 1739 1258 1799 uns

3042 1763 3191 1823 anfangs
3221 1762 3298 1822 Beb¬

402 1782 508 1842 fügen.

2210 1793 2691 1853 Muscteer
2763 1793 2846 1853 am

1396 1795 1741 1855 Brief
1834 1795 2031 1855 der

3043 1807 3204 1867 Versuche
3229 1804 3280 1864 gen

3044 1849 3117 1909 ten.
3160 1849 3246 1909 Aber
3271 1849 3289 1909 e

443 1871 735 1931 Hausdorfer:
784 1873 854 1933 Was
911 1873 973 1933 soll
1013 1873 1084 1933 man
1140 1876 1266 1936 machen,

3046 1891 3206 1951 gedommne
3218 1890 3245 1950 n.

403 1921 618 1981 Borromäus?
643 1919 723 1979 Jetzt
748 1922 803 1982 sitzt
828 1921 870 1981 ein
902 1921 1024 1981 anderer
1056 1923 1104 1983 auf
1136 1924 1246 1984 meinem

3046 1937 3188 1997 zweifelt
3230 1936 3290 1996 seir

1654 1940 2238 2000 Fräulein
2363 1937 2620 1997 Else

404 1970 503 2030 Platz,
523 1970 579 2030 und
605 1968 717 2028 wenn's
749 1968 799 2028 der
825 1968 919 2028 erlebt
944 1968 994 2028 wie
1019 1971 1075 2031 ich,
1114 1971 1207 2031 kriegt
1233 1972 1257 2032 er

3046 1980 3076 2040 jo
3114 1982 3180 2042 sehr
3212 1980 3292 2040 wege

407 2019 474 2079 auch
499 2016 610 2076 einmal
636 2016 709 2076 seine
734 2018 882 2078 Pension,
901 2019 955 2079 und
981 2017 1042 2077 brin
1074 2019 1098 2079 im
1135 2019 1258 2079 Bureau

1333 2022 1347 2082 :
1364 2023 1432 2083 Nun
1464 2025 1494 2085 ist
1511 2025 1541 2085 er
1565 2025 1657 2085 offen,
1681 2025 1728 2085 der
1744 2025 1851 2085 Brief,
1868 2025 1921 2085 und
1945 2025 1983 2085 ich
2007 2024 2060 2084 hab
2085 2021 2139 2081 gar
2171 2021 2232 2081 wir
2264 2022 2363 2082 waren
2403 2023 2456 2083 ja,
2480 2022 2565 2082 Gott
2590 2025 2658 2085 sei's
2690 2023 2829 2083 geklagt,
2853 2024 2930 2084 schon
2970 2022 3015 2082 ein
3055 2022 3101 2082 die
3125 2022 3217 2082 Leute

2168 2067 2243 2127 paar
2275 2065 2356 2125 Mal
2375 2069 2407 2129 in
2445 2067 2526 2127 einer
2552 2067 2708 2127 ähnlichen
2747 2067 2935 2127 Sttuation,
2961 2065 3016 2125 und
3055 2066 3205 2126 nehmen.
3244 2066 3262 2126 D

405 2069 461 2129 sitzt
478 2067 585 2127 wieder
608 2066 647 2126 ein
676 2064 810 2124 anderer!
828 2064 838 2124 —
890 2066 962 2126 Aber
985 2067 1041 2127 wer
1064 2067 1097 2127 da
1121 2067 1182 2127 drin
1211 2068 1261 2128 auf
1290 2070 1373 2130 nicht
1402 2071 1554 2131 bemerkt,
1577 2071 1627 2131 daß
1667 2069 1706 2129 ich
1746 2069 1790 2129 ihn
1831 2068 2021 2128 aufgemacht
2050 2068 2123 2128 habe

3053 2109 3164 2169 Papas
3197 2109 3294 2169 Freun

1293 2115 1346 2175 Ich
1377 2116 1442 2176 setze
1467 2115 1538 2175 mich
1569 2113 1641 2173 aufs
1666 2112 1882 2172 Fensterbrett
1906 2112 1966 2172 und
1991 2112 2051 2172 lese
2075 2109 2141 2169 ihn.
2166 2109 2213 2169 die
2244 2110 2388 2170 Familie
2419 2109 2472 2169 hat
2503 2110 2616 2170 immer
2647 2111 2930 2171 herausgeholfen.
2961 2108 3020 2168 Zu¬

404 2112 516 2172 meinem
560 2114 653 2174 Platze
680 2115 748 2175 sitzt,
768 2113 817 2173 das
849 2114 886 2174 ist
906 2115 981 2175 ganz
1001 2116 1081 2176 egal,
1107 2115 1156 2175 das
1189 2115 1232 2175 kam

2164 2153 2228 2213 letzt
2253 2152 2299 2212 hat
2323 2153 2352 2213 es
2377 2153 2429 2213 sich
2453 2154 2506 2214 gar
2536 2153 2565 2213 um
2613 2153 3013 2213 hundertzwanzigtausend
3049 2151 3090 2211 ich
3120 2151 3237 2211 meine.

402 2160 472 2220 bald
493 2160 583 2220 einer.
610 2162 681 2222 Aber
708 2162 746 2222 ein
773 2162 889 2222 Dichter
909 2161 922 2221 —
968 2161 1019 2221 das
1046 2163 1078 2223 ist
1098 2163 1162 2223 schon
1196 2160 1254 2220 eine
1287 2156 1475 2216 Achtgeben,
1502 2156 1553 2216 daß
1593 2156 1631 2216 ich
1664 2156 1748 2216 nicht
1775 2156 2041 2216 hinunterstürze.
2068 2154 2132 2214 Wit

1283 2198 1345 2258 uns
1374 2201 1429 2261 aus
1458 2201 1520 2261 San
1554 2198 1701 2258 Martino
1730 2198 1881 2258 gemeldet
1899 2199 1995 2259 wird,
2018 2198 2068 2258 hat
2085 2198 2130 2258 sich
2159 2196 2350 2256 gehandelt.
2391 2196 2474 2256 Aber
2498 2198 2622 2258 damals
2656 2197 2706 2257 hat
2730 2197 2780 2257 der
2808 2198 2898 2258 Papa
2933 2195 3017 2255 einen
3052 2196 3124 2256 ken.
3170 2194 3260 2254 Papa

406 2210 513 2270 andere
538 2208 598 2268 Art
622 2208 670 2268 von
707 2209 814 2269 Mensch
845 2207 899 2267 wie
923 2210 1109 2270 unsereiner,
1140 2211 1242 2271 Borro

1284 2246 1358 2306 dort
1388 2245 1416 2305 im
1462 2243 1560 2303 Hotel
1589 2244 1733 2304 Fratazza
1774 2243 1820 2303 ein
1855 2243 2132 2303 beklagenswerter
2167 2240 2288 2300 Revers
2318 2240 2559 2300 unterschreiben
2589 2240 2727 2300 müssen,
2745 2240 2796 2300 daß
2826 2240 2854 2300 er
2883 2240 3016 2300 niemals
3057 2240 3114 2300 und
3149 2240 3177 2300 in
3213 2241 3298 2301 Wirk

404 2258 509 2318 mäns.
548 2258 641 2318 Wenn
674 2259 698 2319 so
730 2258 811 2318 einer
837 2258 861 2318 in
894 2258 1018 2318 Pension
1051 2261 1131 2321 geht,
1157 2261 1244 2321 kann'

2164 2285 2281 2345 wieder
2312 2283 2346 2343 an
2383 2284 2429 2344 die
2459 2285 2694 2345 Verwandten,
2737 2287 2860 2347 speziell
2884 2285 2919 2345 an
2961 2285 3013 2345 den
3049 2282 3161 2342 leicht?

1286 2288 1401 2348 Unfall
1429 2288 1583 2348 ereignet.
1606 2288 1754 2348 Fräulein
1787 2285 1858 2345 Else
1886 2287 1941 2347 T.,
1964 2288 2007 2348 ein
2041 2285 2112 2345 neun

400 2307 567 2367 passieren,
592 2309 646 2369 daß
689 2306 730 2366 die
767 2306 868 2366 Stelle
899 2307 971 2367 recht
1008 2308 1079 2368 lang
1122 2309 1248 2369 unbesetz

3049 2327 3248 2387 gekommen,
3269 2327 3281 2387 u

1284 2333 1501 2393 zehnjähriges
1532 2330 1713 2390 bildschönes
1744 2330 1914 2390 Mädchen,
1933 2327 2056 2387 Tochter
2080 2329 2132 2389 des
2163 2327 2268 2387 Onkel
2298 2329 2487 2389 Bernhard,
2517 2327 2710 2387 herantreten
2752 2326 2864 2386 wird."

402 2353 514 2413 bleibt.
542 2357 601 2417 Ja,
622 2356 648 2416 so
682 2354 761 2414 einer
795 2356 861 2416 muß
895 2356 947 2416 auf
975 2356 1020 2416 sich
1049 2356 1181 2416 schauen,
1208 2358 1254 2418 das

3047 2370 3158 2430 schläft
3177 2371 3205 2431 er
3230 2371 3264 2431 en

1283 2376 1453 2436 bekannten
1493 2374 1741 2434 Advokaten...
1769 2374 1929 2434 Naturlich
1968 2372 2073 2432 wurde
2101 2370 2133 2430 es
2167 2370 2293 2430 weiter,
2316 2371 2443 2431 weiter,
2466 2371 2509 2431 wo
2543 2371 2609 2431 will
2637 2371 2709 2431 denn
2748 2371 2802 2431 das
2831 2371 2907 2431 hin?
2941 2371 3018 2431 Was

404 2406 446 2466 ist
468 2405 496 2465 er
518 2404 567 2464 der
589 2404 674 2464 Welt
696 2403 809 2463 schuldig
839 2402 852 2462 —
903 2405 1038 2465 verstehen
1075 2406 1124 2466 S',
1146 2408 1259 2468 Borro=
1289 2416 1416 2476 heißen,
1431 2421 1473 2481 ich
1495 2419 1581 2479 hätte
1603 2419 1674 2479 mich
1703 2419 1902 2479 umgebracht
1917 2417 1973 2477 aus
2002 2413 2138 2473 unglück-
2167 2412 2238 2472 kann
2274 2414 2345 2474 denn
2374 2414 2416 2474 ich
2438 2413 2523 2473 dabei
2545 2413 2623 2473 tun?
2645 2414 2658 2474 —
2709 2416 2795 2476 „Der
2817 2415 2966 2475 Einzige,
2981 2414 3016 2474 an
3052 2413 3151 2473 lieber
3180 2411 3258 2471 nicht

405 2452 516 2512 mäns?

2160 2455 2217 2515 den
2252 2458 2321 2518 man
2356 2458 2511 2518 eventuell
2541 2458 2604 2518 noch
2640 2458 2749 2518 denken
2784 2458 2911 2518 könnte,
2935 2458 3015 2518 wäre
3050 2457 3119 2517 ihn.
3137 2456 3148 2516 —
3194 2458 3269 2518 „Ich

1284 2464 1378 2524 licher
1408 2464 1502 2524 Liebe
1533 2461 1603 2521 oder
1633 2461 1716 2521 weil
1746 2461 1781 2521 ich
1823 2461 1852 2521 in
1888 2461 1941 2521 der
1977 2461 2130 2521 Hoffnun¬

780 2491 877 2551 ...

2163 2501 2218 2561 der
2249 2501 2353 2561 Onkel
2378 2503 2507 2563 Viktor,
2532 2503 2580 2563 der
2612 2503 2746 2563 befindet
2772 2502 2820 2562 sich
2852 2502 2925 2562 aber
2956 2501 3017 2561 un¬
3049 2500 3103 2560 auf
3135 2502 3177 2562 die
3208 2500 3281 2560 Post

1279 2509 1369 2569 war.
1392 2506 1596 2566 Unglückliche
1625 2506 1732 2566 Liebe,
1750 2508 1800 2568 ah,
1824 2506 1908 2566 nein.

2165 2544 2429 2604 glücklicherweise
2460 2546 2513 2606 auf
2545 2544 2628 2604 einer
2653 2545 2742 2605 Reise
2773 2546 2821 2606 zum
2870 2544 3014 2604 Nordkap
3051 2544 3086 2604 am
3123 2544 3237 2604 dritten
3262 2540 3273 2600 h

1327 2550 1443 2610 „Mein
1474 2550 1572 2610 liebes
1604 2547 1701 2607 Kind"
1733 2544 1751 2604 —
1801 2548 1861 2608 Ich
1899 2547 1966 2607 will
1991 2546 2052 2606 mir
2083 2544 2138 2604 vor

2162 2587 2236 2647 oder
2268 2586 2337 2646 nach
2370 2589 2555 2649 Schottland

2666 2589 2739 2649 Ja,
2759 2589 2808 2649 der
2846 2589 2926 2649 hat's
2952 2592 3026 2652 gut,
3051 2586 3249 2646 vorgestellt?

624 2592 984 2652 Raeshelel

1277 2594 1361 2654 allem
1398 2594 1446 2654 den
1477 2592 1586 2652 Schluß
1611 2592 1781 2652 anschaun.
1800 2592 1811 2652 —
1860 2593 1945 2653 „Also
1970 2589 2127 2649 nochmals

3047 2631 3097 2691 gen
3132 2631 3177 2691 nie
3201 2628 3275 2688 aus.

1285 2639 1326 2699 sei
1350 2637 1408 2697 uns
1433 2637 1514 2697 nicht
1533 2637 1614 2697 böse,
1633 2636 1709 2696 mein
1733 2636 1826 2696 liebes
1857 2634 1944 2694 gutes
1969 2634 2050 2694 Kind
2075 2632 2127 2692 und
2164 2631 2216 2691 der
2246 2631 2393 2691 ekelhafte
2423 2631 2499 2691 Kerl
2523 2629 2540 2689 —
2594 2630 2675 2690 „und
2706 2631 2746 2691 ist
2770 2631 2899 2691 absolut
2924 2629 3005 2689 uner

554 2672 647 2732 Aus
679 2670 752 2730 der
785 2669 1097 2729 Schlufiszene

1716 2679 1757 2739 Um
1805 2679 1916 2739 Gottes
1952 2677 2075 2737 willen,
2099 2678 2134 2738 sie
2164 2675 2322 2735 reichbar,
2341 2673 2523 2733 wenigstens
2554 2675 2600 2735 für
2630 2676 2677 2736 den
2713 2674 2877 2734 Moment.
2895 2676 2942 2736 An
2972 2675 3018 2735 die
3048 2674 3124 2734 day,
3149 2676 3189 2736 ich
3225 2672 3283 2732 besc

1290 2681 1329 2741 sei
1358 2680 1560 2740 tausendmal

2165 2718 2332 2778 Kollegen,
2357 2719 2483 2779 speziell
2508 2719 2579 2779 Dr.
2604 2718 2694 2778 Sch.,
2725 2718 2772 2778 der
2809 2718 2893 2778 Papa
2929 2719 3013 2779 schon
3050 2719 3127 2779 fort,
3146 2718 3206 2778 wie
3225 2715 3254 2775 es

1279 2724 1402 2784 werden
1438 2724 1485 2784 sich
1507 2724 1568 2784 doch
1596 2724 1671 2784 nicht
1693 2721 1892 2781 umgebracht
1913 2721 2022 2781 haben!
2044 2721 2119 2781 Nein

3049 2761 3094 2821 laß
3128 2762 3180 2822 dir
3207 2759 3246 2819 um

1347 2765 1376 2825 in
1406 2767 1452 2827 dem
1488 2765 1564 2825 Fall
1583 2765 1647 2825 wär
1671 2765 1717 2825 ein
1748 2765 1929 2825 Telegramm
1971 2764 2024 2824 von
2054 2765 2136 2825 Rudi
2166 2762 2242 2822 öfter
2272 2762 2471 2822 ausgeholfen
2507 2758 2571 2818 hat"
2602 2755 2613 2815 —
2666 2762 2831 2822 Herrgott,
2849 2762 2907 2822 wie
2937 2760 3007 2820 stehr

440 2800 652 2860 Christine
686 2801 734 2861 (sie
760 2801 849 2861 greift
875 2801 923 2861 sich
949 2801 981 2861 an
1014 2799 1063 2859 die
1088 2801 1194 2861 Stirn,
1219 2799 1251 2859 si.

2161 2804 2228 2864 wir
2253 2804 2289 2864 da
2321 2801 2332 2861 —
2388 2807 2444 2867 „ist
2469 2805 2554 2865 nicht
2579 2807 2665 2867 mehr
2690 2809 2721 2869 zu
2752 2807 2887 2867 denken,
2912 2808 2960 2868 seit
2986 2806 3016 2866 er
3048 2804 3090 2864 ist
3116 2804 3139 2864 ja
3177 2804 3281 2864 trauri

1380 2807 1395 2867 —
1472 2811 1585 2871 „Mein
1618 2810 1709 2870 liebes
1748 2810 1850 2870 Kind,
1872 2808 1904 2868 du
1943 2807 2050 2867 kannst
2078 2807 2121 2867 mi

3050 2847 3160 2907 solchen
3187 2847 3258 2907 Fall

2166 2851 2216 2911 sich
2245 2849 2358 2909 wieder
2381 2849 2573 2909 verheiratet
2596 2848 2663 2908 hat"
2687 2846 2703 2906 —
2749 2849 2810 2909 also
2839 2849 2901 2909 was
2929 2849 3024 2909 denn,

394 2851 524 2911 begreift
550 2852 574 2912 es
606 2852 693 2912 nicht,
712 2852 743 2912 sie
769 2850 830 2910 geht
856 2849 912 2909 auf
931 2849 1062 2909 Theodor
1081 2850 1130 2910 zu,
1150 2848 1255 2908 nimmt
1288 2855 1444 2915 glauben,
1463 2855 1519 2915 wie
1551 2854 1606 2914 leid
1632 2853 1662 2913 es
1701 2852 1756 2912 mir
1788 2852 1850 2912 tut,
1876 2852 1925 2912 daß
1957 2852 2000 2912 ich
2032 2852 2075 2912 dir
2101 2850 2125 2910 in

3050 2889 3099 2949 den
3128 2891 3227 2951 kann,
3245 2889 3277 2949 ab

1865 2891 1869 2951 -
1892 2892 1947 2952 Als
1980 2894 2063 2954 wenn
2092 2893 2130 2953 ich
2163 2890 2235 2950 was
2263 2893 2363 2953 denn,
2386 2891 2451 2951 was
2479 2893 2568 2953 wollt
2596 2891 2639 2951 ihr
2674 2892 2745 2952 denn
2779 2893 2834 2953 von
2868 2892 2950 2952 mir?

400 2897 448 2957 ihn
480 2900 534 2960 beim
572 2900 633 2960 Arm
670 2898 682 2958 —
732 2897 780 2957 wie
812 2898 1082 2958 wahnsinnig...):
1101 2900 1143 2960 Er
1168 2899 1260 2959 ist...
1291 2900 1377 2960 deine
1403 2900 1518 2960 schönen
1550 2897 1801 2957 Ferialwochen"

1284 2941 1364 3001 nicht
1388 2941 1502 3001 immer
1526 2941 1635 3001 Ferien
1665 2938 1751 2998 hätt,
1769 2937 1860 2997 leider
1884 2934 1895 2994 —
1954 2939 2028 2999 „mit
2052 2937 2132 2997 einer
2167 2936 2253 2996 „Und
2289 2935 2317 2995 da
2352 2935 2386 2995 ist
2410 2935 2473 2995 nun
2508 2935 2570 2995 dein
2600 2935 2698 2995 Brief
2716 2937 2917 2997 gekommen,
2935 2938 3016 2998 mein
3051 2934 3137 2994 einem
3178 2933 3269 2993 Steir

398 2947 444 3007 tot
458 2947 583 3007 ...?...
611 2947 663 3007 (als
691 2947 770 3007 frage
798 2947 830 3007 sie
858 2949 903 3009 sich
924 2947 1030 3007 selbst).

2155 2980 2257 3040 liebes
2291 2980 2393 3040 Kind,
2416 2980 2461 3040 wo
2496 2980 2530 3040 du
2570 2980 2665 3040 unter
2694 2980 2825 3040 anderen
2865 2980 3012 3040 Dorsday
3052 2977 3115 3037 mir
3138 2977 3188 3037 tut
3206 2977 3233 3037 es
3262 2975 3284 3035 ie

1289 2986 1312 3046 so
1344 2987 1607 3047 unangenehmen
1638 2983 1804 3043 Nachricht
1835 2981 2049 3041 hineinplatze.

435 2995 649 3055 Weiring:
679 2995 766 3055 Mein
802 2994 877 3054 Kind

3049 3022 3172 3082 Jahren
3219 3020 3290 3080 solch

2164 3024 2335 3084 erwähnst,
2365 3022 2412 3082 der
2442 3022 2488 3082 sich
2524 3025 2595 3085 auch
2631 3025 2654 3085 im
2702 3025 2849 3085 Fratazza
2885 3025 3008 3085 aufhält

1286 3031 1382 3091 Einen
1422 3029 1613 3089 furchtbaren
1648 3028 1721 3088 Stil
1750 3025 1879 3085 schreibt
1931 3025 2043 3085 Mama

435 3046 650 3106 Christine
683 3043 787 3103 (wehrt
812 3043 850 3103 ihn
883 3043 955 3103 ab):
972 3045 1019 3105 So
1044 3046 1171 3106 sprechen
1204 3042 1251 3102 Si.

1944 3068 2044 3128 bleibt
2074 3069 2133 3129 mir
2163 3067 2227 3127 und
2251 3067 2310 3127 das
2341 3067 2375 3127 ist
2400 3067 2458 3127 uns
2500 3067 2559 3127 wie
2601 3067 2641 3127 ein
2683 3067 2937 3127 Schicksalswink
2974 3065 3020 3125 er¬
3044 3064 3145 3124 glaub
3181 3066 3257 3126 mir,

1283 3076 1387 3136 „Aber
1427 3074 1493 3134 nach
1532 3072 1681 3132 reiflicher
1714 3071 1891 3131 Überlegun

393 3094 478 3154 doch,
497 3094 645 3154 Theodor.

3052 3107 3146 3167 selber
3178 3107 3271 3167 daran

2161 3110 2317 3170 schienen.
2358 3110 2409 3170 Du
2451 3111 2549 3171 weißt
2572 3112 2619 3172 ja,
2642 3112 2699 3172 wie
2735 3112 2775 3172 oft
2805 3112 2949 3172 Dorsday
2990 3110 3013 3170 in

1284 3118 1416 3178 wirklich
1451 3117 1543 3177 nichts
1573 3115 1706 3175 andeves
1735 3116 1844 3176 übrig.
1868 3115 1960 3175 Also,
1978 3115 2047 3175 kurz
2076 3112 2127 3172 und

435 3141 644 3201 Theodor:
671 3141 722 3201 Sie
749 3141 840 3201 wissen
874 3141 958 3201 alles.

3084 3150 3227 3210 „Nun,
3245 3151 3279 3211 ho

1287 3159 1355 3219 gut,
1379 3162 1424 3222 die
1454 3160 1551 3220 Sache
1587 3159 1644 3219 mit
1673 3159 1759 3219 Papa
1794 3158 1834 3218 ist
1858 3156 1933 3216 akut
1962 3157 2134 3217 geworden.
2164 3153 2307 3213 früheren
2343 3154 2458 3214 Jahren
2488 3154 2516 3214 zu
2545 3155 2602 3215 uns
2632 3154 2804 3214 gekommen
2834 3152 2885 3212 ist"
2908 3150 2919 3210 —
2966 3154 3000 3214 na

434 3190 675 3250 Christine:
705 3191 763 3251 Ich
793 3189 866 3249 weiß
897 3186 1050 3246 nichts...
1087 3189 1153 3249 Ich
1176 3187 1248 3247 weif

2166 3197 2216 3257 gar
2242 3196 2274 3256 so
2300 3198 2344 3258 oft
2370 3196 2382 3256 —
2428 3197 2478 3257 „es
2511 3198 2548 3258 ist
2568 3198 2619 3258 der
2645 3199 2728 3259 veine
2761 3199 2881 3259 Zufall,
2901 3199 2952 3259 daß
2985 3198 3016 3258 er
3042 3192 3271 3252 Erbesheimer

1291 3210 1343 3270 Ich
1373 3204 1449 3264 weiß
1479 3204 1538 3264 mir
1568 3204 1644 3264 nicht
1668 3201 1691 3261 zu
1727 3201 1832 3261 raten,
1851 3201 1921 3261 noch
1951 3200 1974 3260 zu
2004 3199 2098 3259 helfen

400 3239 489 3299 nicht,
520 3240 579 3300 was
617 3241 754 3301 geschehen
797 3239 887 3299 ist...
918 3237 1038 3297 glauben
1075 3234 1135 3294 Sie
1147 3236 1195 3296 ...
1220 3237 1255 3297 ich

2161 3240 2208 3300 sich
2239 3240 2298 3300 seit
2323 3240 2413 3300 zwei,
2450 3240 2522 3300 drei
2547 3240 2672 3300 Jahren
2728 3242 2854 3302 seltener
2909 3241 3011 3301 blicken
3048 3239 3077 3299 in
3108 3237 3234 3297 unserer

1912 3246 1977 3306 „Es
2011 3244 2121 3304 handel

1290 3240 1301 3300 —
1354 3248 1440 3308 Wozu
1476 3249 1522 3309 die
1546 3248 1643 3308 vielen
1674 3244 1800 3304 Worte?
1830 3240 1841 3300 -

3042 3281 3121 3341 paar
3155 3282 3280 3342 Wochen

1958 3288 2130 3348 lächerliche
2162 3283 2247 3343 läßt;
2266 3285 2297 3345 er
2328 3285 2383 3345 soll
2402 3285 2426 3345 in
2458 3285 2593 3345 ziemlich
2618 3285 2704 3345 festen
2736 3285 2865 3345 Banden
2896 3286 2951 3346 sein

399 3288 469 3348 kann
500 3289 559 3349 jetzt
577 3288 654 3348 nicht
678 3288 748 3348 alles
773 3285 927 3345 hören...
945 3286 998 3346 wie
1023 3284 1058 3344 ist
1076 3282 1122 3342 das
1153 3285 1229 3345 gekom

1289 3291 1338 3351 sich
1389 3294 1433 3354 um
1502 3292 1571 3352 eine
1622 3289 1910 3349 verhältnismäßig

3041 3323 3132 3383 wäre
3156 3323 3218 3383 doch
3247 3323 3275 3383 ei

1972 3323 1983 3383 —
2026 3328 2133 3388 lächer=
2164 3328 2254 3388 unter
2285 3327 2362 3387 uns,
2381 3326 2477 3386 nichts
2508 3326 2567 3386 sehr
2598 3326 2730 3386 Feines"
2761 3323 2772 3383 —
2827 3328 2935 3388 warum

400 3337 527 3397 men...
566 3335 719 3395 Vater...
751 3335 948 3395 Theodor...
987 3335 1025 3395 (zu
1064 3334 1172 3394 Mizzi)
1218 3333 1249 3393 du
1282 3335 1428 3395 Summe
1454 3335 1466 3395 —
1511 3333 1759 3393 dreißigtausend
1786 3331 1906 3391 Gulden

1286 3379 1361 3439 lich?
1394 3377 1412 3437 —
1477 3381 1540 3441 „die
1579 3379 1604 3439 in
1643 3377 1712 3437 drei
1745 3376 1846 3436 Tagen
1892 3372 2134 3432 herbeigeschafft
2167 3372 2275 3432 „unter
2301 3368 2402 3428 uns?"
2429 3369 2441 3429 —
2492 3373 2555 3433 „Im
2594 3371 2811 3431 Resibenzklub
2850 3371 2907 3431 hat
2927 3370 3016 3430 Papa
3048 3369 3271 3429 dreißigtausen

399 3386 514 3446 weißt's
545 3386 606 3446 auch
625 3384 673 3444 ...

3105 3408 3170 3468 Sie
3201 3409 3278 3469 mein

2064 3417 2113 3477 Um
2157 3416 2245 3476 jeden
2279 3415 2488 3475 Donnerstag
2533 3416 2599 3476 noch
2638 3416 2753 3476 iremer
2787 3416 2869 3476 seine
2903 3416 3018 3476 Whist¬

1290 3422 1346 3482 sein
1376 3422 1512 3482 müssen,
1535 3422 1614 3482 sonst
1638 3420 1677 3480 ist
1701 3420 1774 3480 alles
1809 3419 1967 3479 verloren.

435 3434 644 3494 Theodor:
678 3431 736 3491 Ein
769 3431 972 3491 unglücklicher
999 3432 1104 3492 Zufall
1131 3429 1143 3489 —

3047 3455 3098 3515 sich
3119 3455 3217 3515 selber

2159 3461 2263 3521 partie
2297 3458 2357 3518 mit
2380 3460 2462 3520 ihm,
2491 3458 2545 3518 und
2579 3458 2606 3518 im
2657 3460 2855 3520 verflossenen
2894 3458 3015 3518 Winter

1283 3466 1396 3526 Gottes
1429 3465 1553 3525 willen,
1575 3464 1634 3524 was
1667 3464 1753 3524 heißt
1780 3461 1856 3521 das?
1878 3461 1893 3521 —
1943 3463 2050 3523 „Denk
2078 3464 2121 3524 dir

433 3484 673 3544 Christine:
697 3482 791 3542 Was,
809 3479 890 3539 was?

3054 3500 3119 3560 noch
3152 3497 3274 3557 schlimn

2160 3506 2217 3566 hat
2246 3503 2275 3563 er
2305 3500 2356 3560 ihm
2403 3503 2431 3563 im
2478 3503 2593 3563 Prozeß
2629 3505 2715 3565 gegen
2756 3503 2843 3563 einen
2878 3503 3010 3563 anderer

1282 3511 1358 3571 mein
1389 3509 1536 3569 geliebtes
1567 3507 1667 3567 Kind,
1685 3507 1738 3567 daß
1768 3506 1815 3566 der
1845 3506 1951 3566 Baron
1975 3506 2117 3566 Höning"

431 3532 644 3592 Theodor:
673 3529 719 3589 Er
748 3529 782 3589 ist
806 3529 927 3589 gefallen

1830 3553 1835 3613 —
1872 3550 1937 3610 „sich
1968 3548 2039 3608 heut
2064 3547 2124 3607 früh
2160 3547 2395 3607 Kunsthändler
2432 3547 2473 3607 ein
2534 3544 2672 3604 hübsches
2727 3544 2823 3604 Stück
2860 3546 2937 3606 Geld
2968 3544 3015 3604 ge¬
3046 3542 3148 3602 Kind,
3172 3541 3208 3601 ich
3239 3541 3268 3601 ho

1282 3547 1298 3607 —
1351 3550 1425 3610 wie,
1447 3552 1494 3612 der
1522 3550 1787 3610 Staatsanwalt?

439 3582 675 3642 Christine:
703 3578 776 3638 Was
804 3577 878 3637 heißt
906 3577 972 3637 das.
987 3578 1027 3638 Er
1055 3580 1142 3640 ist...

3176 3580 3182 3640 —
3220 3584 3265 3644 Un

1284 3595 1335 3655 den
1370 3595 1462 3655 Papa
1491 3595 1548 3655 hat
1578 3593 1716 3653 kommen
1751 3595 1860 3655 lassen.
1884 3592 1936 3652 Du
1971 3592 2063 3652 weißt
2092 3592 2138 3652 ja,
2161 3589 2271 3649 rettet.
2306 3591 2357 3651 Im
2398 3589 2548 3649 übrigen,
2566 3589 2675 3649 warum
2716 3589 2796 3649 sollst
2820 3590 2849 3650 du
2884 3590 2912 3650 es
2942 3588 3022 3648 nicht
3045 3586 3102 3646 den

434 3630 645 3690 Theodor:
676 3628 719 3688 Er
743 3628 779 3688 ist
804 3628 821 3688 im
865 3627 955 3687 Duell
974 3627 1113 3687 gefallen.

2166 3631 2286 3691 wissen,
2312 3634 2343 3694 er
2370 3634 2407 3694 ist
2434 3634 2510 3694 schon
2543 3634 2650 3694 früher
2683 3633 2798 3693 einmal
2824 3634 2874 3694 dem
2920 3633 3009 3693 Papa
3048 3628 3124 3688 über
3157 3628 3207 3688 die
3240 3628 3284 3688 Fe

1283 3641 1345 3701 wie
1363 3639 1413 3699 der
1436 3637 1538 3697 Baron
1573 3637 1617 3697 den
1646 3638 1731 3698 Papa
1760 3637 1941 3697 hochschätzt,
1959 3638 2003 3698 ja,
2015 3637 2133 3697 gerade¬

3036 3673 3117 3733 oder
3140 3673 3262 3733 zehnten

434 3679 654 3739 Christine
692 3676 883 3736 (Aufschrei):
913 3676 1037 3736 Ah!...
1076 3676 1134 3736 (Sie
1171 3673 1237 3733 droh

1285 3688 1312 3748 zu
1341 3685 1431 3745 liebt.
1454 3682 1515 3742 Vor
1544 3682 1724 3742 anderthalb
1753 3682 1899 3742 Jahren,
1917 3679 2057 3739 damals,
2075 3680 2130 3740 wie
2159 3678 2440 3738 beigesprungen."
2481 3672 2491 3732 —
2548 3674 2615 3734 Hab
2644 3676 2683 3736 ich
2718 3676 2779 3736 mir
2808 3676 2948 3736 gedacht.

3042 3715 3282 3775 Unseretweger

1283 3728 1316 3788 es
1345 3726 1412 3786 auch
1447 3723 1480 3783 an
1514 3723 1598 3783 einem
1644 3725 1727 3785 Haar
1751 3725 1908 3785 gehangen
1937 3723 2004 3783 hat,
2027 3723 2077 3783 hat
2100 3723 2128 3783 er
2162 3723 2229 3783 „Es
2263 3720 2319 3780 hat
2348 3720 2392 3780 sich
2427 3720 2556 3780 damals
2591 3720 2629 3780 um
2675 3720 2742 3780 eine
2771 3720 2933 3780 Bagatelle
2962 3718 2995 3778 ge

399 3726 601 3786 umzusinken,
620 3726 750 3786 Weiring
780 3724 840 3784 hält
864 3724 893 3784 sie
917 3723 982 3783 auf,
1001 3725 1060 3785 gibt
1085 3723 1131 3783 dem
1168 3723 1238 3783 Theo

3040 3759 3153 3819 Grüße
3178 3758 3225 3818 die
3249 3757 3266 3817 T

2159 3765 2308 3825 handelt,
2325 3762 2513 3822 achttausend
2541 3763 2662 3823 Gulden
2690 3760 2706 3820 —
2757 3764 2823 3824 aber
2851 3765 3011 3825 schließlick

1283 3771 1452 3831 persönlich
1481 3768 1537 3828 mit
1561 3768 1611 3828 den
1640 3768 1928 3828 Hauptgläubigern
1957 3765 2125 3825 gesprocher

398 3774 454 3834 dor
477 3775 516 3835 ein
546 3777 681 3837 Zeichen,
699 3774 727 3834 er
756 3774 829 3834 möge
852 3776 914 3836 jetzt
938 3771 1039 3831 gehen.

2208 3808 2354 3868 dreißig
2383 3807 2524 3867 bedeuten
2559 3807 2609 3867 für
2638 3807 2779 3867 Dorsday
2813 3807 2880 3867 auch
2909 3807 3004 3867 keinen
3045 3802 3118 3862 Also
3147 3801 3287 3861 nochmal

1291 3816 1350 3876 und
1377 3815 1420 3875 die
1442 3813 1539 3873 Sache
1561 3811 1625 3871 noch
1652 3811 1679 3871 im
1718 3810 1809 3870 letzten
1842 3812 1987 3872 Moment
2009 3811 2030 3871 in
2058 3810 2138 3870 Ord¬

438 3825 653 3885 Christine
693 3822 790 3882 (merkt
823 3824 869 3884 es,
896 3822 960 3882 faßt
987 3819 1150 3879 Theodor):
1176 3819 1260 3879 Blei¬

3042 3846 3146 3906 Kind,
3166 3846 3225 3906 und
3251 3844 3277 3904 se

1283 3863 1371 3923 nung
1393 3858 1547 3918 gebracht.
1570 3855 1646 3915 Aber
1675 3855 1812 3915 diesmal
1835 3857 1868 3917 ist
1891 3854 2017 3914 absolut
2040 3853 2127 3913 nichts
2161 3852 2298 3912 Betrag.
2343 3851 2453 3911 Darum
2504 3850 2558 3910 hab
2586 3849 2624 3909 ich
2658 3850 2718 3910 mir
2746 3852 2884 3912 gedacht,
2912 3849 2944 3909 ob
2978 3851 3005 3911 da

398 3870 448 3930 ben
483 3873 539 3933 Sie
551 3873 602 3933 ...
625 3872 703 3932 Alles
738 3870 800 3930 muß
835 3869 874 3929 ich
903 3868 1015 3928 wissen.
1039 3867 1157 3927 Meinen
1192 3870 1248 3930 Sie

1286 3905 1318 3965 zu
1345 3902 1480 3962 machen,
1501 3900 1585 3960 wenn
1611 3898 1663 3958 das
1690 3897 1767 3957 Geld
1794 3899 1871 3959 nicht
1891 3899 2027 3959 beschafft
2048 3897 2138 3957 wird.
2165 3896 2223 3956 uns
2249 3896 2333 3956 nicht
2354 3895 2392 3955 die
2419 3894 2502 3954 Liebe
2529 3893 2665 3953 erweisen
2699 3895 2750 3955 und
2783 3895 2841 3955 mit
2861 3897 3010 3957 Dorsday
3044 3889 3147 3949 schon.

395 3922 455 3982 Sie
484 3921 583 3981 dürfen
617 3920 672 3980 mir
700 3918 761 3978 jetzt
789 3917 849 3977 noch
878 3916 966 3976 etwas
1000 3915 1243 3975 verschweigen..

1283 3946 1354 4006 Und
1388 3944 1547 4004 abgesehen
1587 3941 1702 4001 davon,
1731 3942 1785 4002 daß
1824 3942 1879 4002 wir
1913 3941 1967 4001 alle
1996 3941 2133 4001 ruiniert
2167 3939 2249 3999 reden
2283 3936 2449 3996 könntest."
2477 3933 2487 3993 —
2538 3934 2636 3994 Was?
2664 3932 2681 3992 —
2731 3938 2824 3998 „Dich
2853 3939 2907 3999 hat
2930 3937 2957 3997 er
2985 3935 3012 3995 ja

434 3969 648 4029 Theodor:
677 3966 750 4026 Was
785 3965 886 4025 wollen
920 3962 977 4022 Sie
1011 3962 1107 4022 weiter
1141 3965 1231 4025 wissen

1286 3986 1365 4046 sind,
1388 3989 1466 4049 wird
1501 3987 1528 4047 es
1557 3986 1602 4046 ein
1636 3984 1794 4044 Skandal,
1818 3986 1873 4046 wie
1902 3985 1930 4045 er
1959 3983 2026 4043 noch
2055 3983 2133 4043 nicht
2163 3982 2280 4042 immer
2304 3980 2467 4040 besonders
2496 3980 2563 4040 gern
2592 3980 2733 4040 gehabt."
2762 3975 2772 4035 —
2818 3979 2885 4039 Hab
2920 3982 3009 4042 nichts

444 4020 676 4080 Christine:
703 4013 814 4073 Warum
867 4013 883 4073 —
927 4013 1030 4073 warum
1074 4013 1125 4073 hat
1152 4013 1185 4073 er
1212 4015 1245 4075 sid

1285 4028 1320 4088 da
1351 4034 1434 4094 war.
1453 4033 1536 4093 Denk
1561 4031 1620 4091 dir,
1639 4030 1680 4090 ein
1711 4028 1866 4088 Advokat,
1885 4029 1927 4089 ein
1957 4028 2131 4088 berühnter
2162 4026 2263 4086 davon
2294 4025 2443 4085 gemerkt.
2486 4023 2551 4083 Die
2582 4023 2695 4083 Wange
2732 4025 2779 4085 hat
2810 4025 2840 4085 er
2870 4025 2936 4085 mir
2960 4023 3014 4083 ge¬

3054 4030 3138 4090 Der.
3162 4032 3267 4092 Zyllus

402 4067 562 4127 duellieri?

2166 4070 2331 4130 streichelt,
2351 4067 2408 4127 wie
2441 4067 2478 4127 ich
2511 4067 2607 4127 zwölf
2633 4067 2702 4127 oder
2736 4067 2869 4127 dreizehn
2908 4070 3010 4130 Jahre

3040 4071 3273 4131 SchauspielL

1284 4077 1443 4137 Advokat,
1461 4075 1472 4135 —
1520 4075 1585 4135 der,
1603 4075 1614 4135 —
1662 4073 1750 4133 nein,
1768 4073 1803 4133 ich
1828 4072 1898 4132 kann
1928 4071 1957 4131 es
1981 4070 2033 4130 gar
2058 4072 2116 4132 nich

3034 4112 3164 4172 Berlin,
3183 4109 3226 4169 die
3246 4106 3263 4166 9

428 4114 634 4174 Theodor:
654 4114 708 4174 Ich
738 4112 826 4172 kenne
851 4110 895 4170 den
930 4109 1032 4169 Grund
1062 4108 1150 4168 nicht.

1285 4120 1567 4180 niederschreiben.
1612 4115 1667 4175 Ich
1699 4115 1818 4175 kämpfe
1850 4115 1962 4175 immer
1994 4114 2050 4174 mit
2076 4114 2125 4174 den
2164 4114 2214 4174 alt
2246 4114 2333 4174 war.
2377 4112 2496 4172 „Schon
2535 4112 2578 4172 ein
2616 4112 2722 4172 ganzes
2755 4111 2942 4171 Fräulein."

3123 4150 3244 4210 oina

435 4168 662 4228 Christine:
680 4163 746 4223 Mit
764 4162 856 4222 wem,
874 4160 923 4220 mit
941 4159 999 4219 wem
1034 4159 1050 4219 —
1111 4159 1177 4219 Wer
1203 4159 1244 4219 ihn
1279 4165 1430 4225 Tränen.
1448 4165 1497 4225 Du
1532 4165 1632 4225 weißt
1650 4165 1700 4225 ja,
1727 4165 1827 4225 Kind,
1853 4165 1878 4225 du
1912 4163 1970 4223 bist
1997 4162 2021 4222 ja
2056 4165 2131 4225 klug,
2165 4162 2249 4222 „Und
2275 4159 2308 4219 da
2342 4159 2427 4219 Papa
2453 4156 2511 4216 seit
2529 4156 2578 4216 den
2613 4157 2797 4217 achttaufend
2824 4158 3000 4218 glücklicher
