3392 4320
292 275 876 335 Schitzlens
942 274 1174 334 Death

985 2987 1069 3047 sein
1099 2987 1174 3047 Sohn
1204 2984 1342 3044 Heinrich

1394 264 1521 324 box
1597 264 1837 324 43/15

3110 590 3247 650 ent

3130 695 3188 755 e

1807 934 2261 994 MTOR
2379 940 3101 1000 SCHNTTELE

2328 1059 2411 1119 Von
2454 1064 2717 1124 Henriette
2753 1064 2837 1124 von
2879 1064 3022 1124 Cleve

2006 1151 2128 1211 Arthur
2159 1156 2343 1216 Schnitzler
2374 1157 2412 1217 ist
2439 1157 2640 1217 gestorben.

2003 1210 2046 1270 Es
2072 1211 2114 1271 ist
2136 1213 2368 1273 personlicher
2395 1216 2549 1276 Schmerz
2580 1216 2635 1276 und
2670 1216 2881 1276 persônliche
2916 1216 3053 1276 Trauer,
3075 1216 3126 1276 die
3153 1216 3199 1276 ich
3230 1217 3264 1277 en

1943 1267 1995 1327 und
2027 1271 2106 1331 doch
2137 1273 2217 1333 habe
2244 1273 2288 1333 ich
2315 1273 2367 1333 ihn
2399 1273 2443 1333 nie
2470 1276 2634 1336 gekannt.
2670 1273 2740 1333 Der
2762 1276 2886 1336 Begriff
2909 1276 3068 1336 „leimai
3113 1276 3139 1336 im
3179 1276 3276 1336 geruh

1937 1328 2036 1388 stillen
2066 1330 2162 1390 Sinne
2192 1330 2229 1390 ist
2255 1330 2313 1390 uns
2339 1333 2585 1393 Osterreichern
2611 1333 2782 1393 abhanden
2816 1333 3041 1393 gekommen!
3067 1331 3134 1391 Vor
3155 1333 3259 1393 lauter

1941 1387 2060 1447 l'ilmen
2099 1389 2159 1449 mit
2185 1393 2284 1453 sûßen
2323 1393 2450 1453 Madels
2481 1391 2540 1451 und
2579 1393 2759 1453 Leutnants
2794 1390 2905 1450 wissen
2944 1390 3004 1450 wir
3034 1392 3124 1452 nicht
3154 1393 3261 1453 mehr,

1943 1443 2084 1503 wirklich
2118 1447 2200 1507 war.
2243 1449 2273 1509 In
2303 1449 2505 1509 Schnitzlers
2532 1449 2668 1509 Werken
2703 1449 2780 1509 aber
2806 1449 2922 1509 spüren
2957 1447 3016 1507 wir
3043 1449 3154 1509 Wien,
3176 1449 3283 1509 niema

1943 1503 1996 1563 wie
2026 1504 2059 1564 er
2084 1506 2134 1566 die
2164 1508 2334 1568 lächelnde
2364 1506 2576 1566 Schwermut
2597 1506 2688 1566 ciner
2718 1507 2988 1567 untergehenden
3022 1507 3155 1567 Epoche
3185 1507 3217 1567 zu
3251 1509 3284 1569 ze

1946 1563 2162 1623 verstanden.

2006 1628 2074 1688 Und
2107 1624 2147 1684 als
2171 1625 2257 1685 dann
2289 1624 2431 1684 wirklich
2463 1624 2540 1684 alles
2564 1625 2760 1685 unterging,
2784 1625 2810 1685 im
2852 1625 2952 1685 Krieg
2985 1622 3044 1682 und
3076 1624 3149 1684 nach
3181 1625 3236 1685 dem

1702 3252 1769 3312 war
1797 3252 1828 3312 er
1852 3252 1901 3312 es,
1920 3252 1979 3312 der
2007 3252 2093 3312 seine
2121 3253 2243 3313 l'inger
2271 3255 2330 3315 vor
2358 3255 2448 3315 jedem

1704 3309 1858 3369 Schmutz
1890 3309 2076 3369 bewahrte,
2105 3314 2200 3374 nicht
2227 3315 2300 3375 cine
2332 3312 2459 3372 cinzige

1697 3369 1792 3429 Zeile
1820 3366 1874 3426 zum
1921 3369 2048 3429 Ruhme
2076 3371 2135 3431 des
2163 3372 2305 3432 Krieges
2333 3371 2469 3431 stammt

1700 3426 1755 3486 aus
1785 3425 1895 3485 seiner
1921 3423 2035 3483 l'eder.

1768 3483 1826 3543 Ein
1881 3485 2008 3545 Mensch
2068 3485 2126 3545 und
2182 3488 2349 3548 Kunstler
2395 3486 2459 3546 von

1696 3539 1854 3599 höchster
1902 3542 1962 3602 und
2014 3542 2229 3602 untadeliger
2271 3546 2468 3606 Lauterkeit

2049 3602 2093 3662 ist
2133 3605 2197 3665 mit
2237 3604 2285 3664 ihm
2345 3603 2443 3663 dahin

2048 3659 2252 3719 gegangen!

2098 3715 2168 3775 Sein
2195 3717 2281 3777 Sohn
2308 3720 2458 3780 Heinrich

2055 3775 2252 3835 Schnitzler,
2304 3778 2456 3838 Mitglied

2184 3835 2451 3895 Staatstheaters

2049 3894 2147 3954 sollie
2171 3894 2194 3954 in
2228 3894 2331 3954 diesem
2373 3894 2467 3954 Win-

2050 3954 2101 4014 ter
2134 3954 2332 4014 „Professor
2369 3953 2473 4013 Bern-

2056 4013 2165 4073 hardi"
2208 4011 2235 4071 in
2277 4011 2373 4071 Wien
2415 4008 2441 4068 in

2048 4069 2239 4129 zchleren.
2257 4071 2336 4131 1)el
2353 4068 2448 4128 reude

2067 4128 2216 4188 eiS
