3392 4256
172 198 288 258 12.
349 206 788 266 Schnitzle

908 204 935 264 s
1005 206 1238 266 Death

1467 207 1590 267 box
1669 213 1854 273 42/7

388 956 650 1016 OBS

832 959 1102 1019 RVER

475 1022 496 1082 I.
510 1022 636 1082 österr.
645 1025 798 1085 behördl.
812 1028 1118 1088 konzessioniertes

426 1064 664 1124 Unternehmen
691 1067 739 1127 für
766 1070 1155 1130 Zeitungs-Ausschnitte

482 1120 627 1180 WIEN,
654 1126 700 1186 I.,
727 1129 1012 1189 WOLLZEILE
1059 1132 1098 1192 11

580 1177 794 1237 TELEPHON
833 1180 1009 1240 R-23-0-43

380 1317 596 1377 Ausschnitt
625 1318 710 1378 aus:

296 1428 555 1488 Münchner
603 1431 815 1491 Neueste
874 1443 1255 1503 Nachrichten,

374 1541 484 1601 vom:

579 1547 957 1607 2.10.1951

725 1804 973 1864 Arthur
1033 1810 1396 1870 Schnitzler
1442 1796 1475 1856 7

245 1903 368 1963 Arthur
387 1905 571 1965 Schnitzler,
584 1905 634 1965 der
653 1905 843 1965 bedeutende
863 1905 1097 1965 österreichische

1168 1907 1337 1967 Vielleicht
1353 1908 1432 1968 ließe
1453 1908 1496 1968 sich
1517 1908 1570 1968 vom
1607 1908 1749 1968 Tonfall,
1766 1908 1818 1968 vom
1851 1908 2051 1968 Rhythmus,

1156 1944 1203 2004 der
1233 1945 1395 2005 Melodie,
1415 1947 1438 2007 in
1472 1947 1524 2007 der
1554 1947 1596 2007 all
1621 1947 1673 2007 das
1702 1947 1759 2007 auf
1788 1947 1907 2007 weiche,
1932 1947 2046 2007 wiene¬

198 1948 338 2008 Dichter,
359 1950 393 2010 ist
414 1950 529 2010 gestern
560 1947 656 2007 abend
687 1948 726 2008 um
772 1947 822 2007 ¼7
848 1947 913 2007 Uhr
944 1949 968 2009 in
999 1950 1084 2010 Wien

1151 1983 1239 2043 rische
1265 1983 1333 2043 Art
1354 1983 1462 2043 gesagt
1487 1986 1536 2046 ist,
1556 1980 1566 2040 —
1615 1986 1768 2046 vielleicht
1793 1983 1872 2043 ließe
1897 1986 1946 2046 sich
1976 1986 2045 2046 auch

204 1992 223 2052 im
259 1992 304 2052 70.
325 1992 536 2052 Lebensjahre
562 1992 592 2052 an
623 1992 673 2052 den
704 1995 819 2055 Folgen
850 1992 936 2052 eines
962 1995 1092 2055 Schlag¬

1152 2022 1230 2082 über
1250 2022 1295 2082 die
1315 2022 1467 2082 Dichtung
1497 2022 1684 2082 Schnitzlers
1709 2022 1758 2082 der
1778 2025 1866 2085 Titel
1882 2025 2053 2085 schreiben,

204 2036 337 2096 anfalles
360 2037 537 2097 gestorben.

1151 2061 1203 2121 der
1228 2061 1284 2121 uns
1314 2061 1366 2121 von
1400 2061 1600 2121 Grillparzer
1629 2061 1676 2121 her
1701 2064 1839 2124 geläufig
1868 2062 1920 2122 ist:
1940 2062 2035 2122 Leben

1149 2097 1212 2157 und
1235 2099 1376 2159 Traum;
1394 2096 1471 2156 denn
1499 2099 1539 2159 ein
1567 2099 1771 2159 unbändiges
1794 2099 2034 2159 Leben=Wollen

1155 2137 1188 2197 ist
1212 2135 1240 2195 in
1275 2138 1350 2198 allen
1389 2137 1541 2197 Gestalten
1580 2138 1791 2198 Schnitzlers,
1825 2138 1891 2198 eine
1920 2138 2044 2198 schwel¬

1147 2176 1276 2236 gerische
1305 2174 1556 2234 Daseinsfreude
1580 2177 1640 2237 und
1674 2177 1710 2237 ein
1743 2177 1953 2237 kennerisches
1981 2176 2041 2236 Ge¬

238 2195 306 2255 Mit
330 2196 457 2256 Arthur
481 2195 654 2255 Schnitzler
678 2195 753 2255 geht
776 2196 856 2256 einer
886 2195 932 2255 der
962 2195 1094 2255 hervor¬

1151 2213 1257 2273 nießen
1291 2213 1336 2273 des
1365 2213 1486 2273 Seins,
1505 2213 1556 2273 wie
1580 2213 1608 2273 es
1636 2214 1692 2274 vor
1720 2216 1766 2276 dem
1809 2216 1902 2276 Krieg
1930 2216 1953 2276 in
1986 2216 2037 2276 den

197 2234 373 2294 ragendsten
401 2234 655 2294 österreichischen
683 2237 800 2297 Dichter
828 2235 877 2295 der
896 2234 1091 2294 Gegenwart

1152 2252 1415 2312 Rebengeländen
1469 2252 1564 2312 rings
1613 2253 1655 2313 um
1718 2255 1771 2315 die
1819 2255 1943 2315 „Stadt
1992 2252 2044 2312 der

200 2273 305 2333 dahin.
325 2275 381 2335 Ein
415 2273 506 2333 Stück
531 2273 693 2333 Alt=Wien
727 2273 760 2333 ist
785 2275 809 2335 in
838 2273 885 2333 die
910 2272 1014 2332 Werke
1039 2273 1086 2333 des

1158 2290 1320 2350 Phäaken“
1345 2290 1503 2350 erblühte.
1523 2290 1623 2350 Schon
1652 2290 1676 2350 in
1711 2290 1758 2350 dem
1802 2293 2036 2353 wundervollen

200 2311 424 2371 Verstorbenen
463 2311 678 2371 versponnen.
708 2311 961 2371 Theresianische
995 2311 1095 2371 Kärt¬

1150 2329 1235 2389 einen
1265 2328 1326 2388 Akt
1346 2328 1393 2388 der
1422 2329 1632 2389 „Lebendigen
1661 2330 1857 2390 Stunden“,
1872 2332 1900 2392 da
1929 2330 2043 2390 spricht

194 2350 343 2410 lichkeiten
376 2350 488 2410 sangen
526 2350 549 2410 in
587 2350 685 2410 seinem
732 2350 834 2410 Blut,
858 2350 918 2410 und
951 2350 1007 2410 von
1041 2350 1091 2410 der

1146 2365 1178 2425 es
1211 2365 1285 2425 diese
1319 2368 1594 2428 Vormarzgestalt
1623 2367 1674 2427 des
1707 2368 1814 2428 Anton
1852 2370 2043 2430 Haushofer

198 2386 400 2446 Darstellung
422 2387 470 2447 des
497 2389 664 2449 modernen
691 2388 809 2448 Lebens
836 2388 902 2448 wich
929 2387 954 2447 er
977 2387 1087 2447 immer

1151 2406 1239 2466 gegen
1272 2406 1318 2466 den
1351 2404 1467 2464 Sohn,
1482 2407 1528 2467 dem
1570 2404 1622 2464 der
1646 2407 1710 2467 Tod
1739 2407 1789 2467 der
1813 2407 1944 2467 Mutter
1972 2410 2023 2470 zum

193 2425 278 2485 mehr
308 2427 332 2487 im
380 2428 615 2488 „Medardus“,
635 2428 658 2488 im
702 2428 793 2488 „Ruf
813 2425 865 2485 des
895 2425 1034 2485 Lebens“
1063 2425 1086 2485 in

1152 2443 1280 2503 Gedicht
1305 2443 1400 2503 wird,
1419 2443 1500 2503 aus:
1520 2445 1615 2505 „Was
1644 2446 1682 2506 ist
1706 2446 1782 2506 denn
1816 2446 1916 2506 Deine
1940 2446 2040 2506 ganze

201 2462 259 2522 sene
287 2464 350 2524 still
373 2464 609 2524 verrinnenden
646 2464 750 2524 Zeiten
787 2464 909 2524 zurück,
932 2464 954 2524 in
991 2464 1081 2524 denen

1148 2479 1367 2539 Schreiberei,
1391 2480 1455 2540 und
1489 2481 1572 2541 wenn
1615 2483 1661 2543 Du
1703 2481 1754 2541 das
1792 2484 1903 2544 größte
1936 2484 2038 2544 Genie

199 2499 243 2559 sich
273 2502 326 2562 der
361 2502 494 2562 Begriff
519 2502 740 2562 österreichisch
779 2502 838 2562 und
873 2500 927 2560 der
962 2499 1093 2559 Begriff

1156 2520 1220 2580 bist:
1244 2518 1309 2578 was
1342 2518 1374 2578 ist
1398 2520 1434 2580 sie
1458 2518 1532 2578 denn
1565 2522 1658 2582 gegen
1691 2520 1718 2580 so
1747 2521 1811 2581 eine
1840 2522 1988 2582 Stunde,
2007 2521 2035 2581 so

196 2538 368 2598 wienerisch
402 2539 497 2599 durch
536 2538 839 2598 Schubert=Weisen
887 2538 949 2598 und
988 2538 1098 2598 Grill¬

1147 2556 1210 2616 eine
1243 2556 1407 2616 lebendige
1444 2559 1589 2619 Stunde,
1618 2559 1644 2619 in
1681 2559 1736 2619 der
1773 2558 1873 2618 Deine
1906 2562 2042 2622 Mutter

192 2577 523 2637 parzer=Dichtungen
567 2577 603 2637 am
660 2577 758 2637 besten
805 2577 916 2637 erfüllt
955 2577 1029 2637 hat,
1062 2575 1085 2635 in

1150 2595 1214 2655 hier
1244 2595 1297 2655 auf
1323 2595 1371 2655 dem
1416 2597 1588 2657 Lehnstuhl
1608 2598 1735 2658 gesessen
1766 2600 1804 2660 ist
1829 2598 1888 2658 und
1913 2601 1942 2661 zu
1977 2600 2036 2660 uns

188 2614 281 2674 denen
323 2615 374 2675 das
412 2616 519 2676 harte,
543 2615 612 2675 feste
646 2613 711 2673 und
744 2616 869 2676 kantige
903 2613 1019 2673 Dasein
1057 2613 1084 2673 in

1153 2631 1274 2691 geredet
1298 2634 1367 2694 hat,
1381 2634 1451 2694 oder
1475 2634 1539 2694 auch
1568 2637 1763 2697 geschwiegen
1797 2634 1805 2694 —
1853 2636 1922 2696 aber
1950 2637 1978 2697 da
2006 2637 2043 2697 ist

191 2652 467 2712 Versonnenheit,
495 2655 522 2715 in
563 2652 676 2712 Traum
731 2652 789 2712 und
826 2652 980 2712 Märchen
1021 2651 1093 2711 ver¬

1153 2669 1181 2729 nie
1211 2669 1345 2729 gewesen
1379 2669 1388 2729 —
1441 2671 1493 2731 da!
1518 2672 1590 2732 Und
1619 2672 1657 2732 sie
1687 2674 1739 2734 hat
1763 2675 1883 2735 gelebt,
1903 2675 2027 2735 gelebt!

191 2690 309 2750 gleitet.
332 2690 423 2750 Denn
455 2690 482 2750 es
515 2690 578 2750 sind
611 2690 724 2750 immer
752 2690 902 2750 Märchen
939 2689 1098 2749 gewesen,

1152 2711 1219 2771 Und
1253 2711 1424 2771 Schnitzler
1459 2711 1511 2771 hat
1545 2711 1568 2771 in
1612 2711 1708 2771 diesem
1756 2714 1889 2774 Kleinod
1933 2714 2033 2774 seiner

188 2729 257 2789 was
300 2729 476 2789 Schnitzler
518 2729 709 2789 geschrieben
761 2729 830 2789 hat.
872 2726 956 2786 Auch
1007 2726 1095 2786 dort,

1149 2747 1255 2807 Kunst
1279 2749 1321 2809 ein
1345 2750 1442 2810 wenig
1462 2750 1550 2810 gegen
1574 2750 1621 2810 sich
1645 2753 1742 2813 selber
1761 2753 1971 2813 polemisiert,
1990 2753 2041 2813 hat

193 2768 235 2828 wo
283 2765 317 2825 er
365 2768 416 2828 den
468 2768 686 2828 Vibrationen
746 2768 797 2828 der
849 2765 1089 2825 Gegenwarts¬

1151 2786 1209 2846 mit
1232 2786 1282 2846 der
1305 2787 1500 2847 souveranen
1533 2789 1646 2849 Allüre
1674 2790 1723 2850 der
1751 2789 2015 2849 „Ganz=Großen

188 2806 279 2866 Seele
304 2810 517 2870 nachgespürt
541 2807 609 2867 hat,
629 2807 652 2867 im
696 2804 977 2864 „Zwischenspiel“
1002 2804 1098 2864 etwa,

1153 2825 1194 2885 sich
1228 2822 1325 2882 selber
1354 2823 1381 2883 in
1415 2825 1461 2885 die
1485 2825 1582 2885 Feder
1615 2827 1676 2887 und
1709 2828 1783 2888 über
1817 2828 1863 2888 den
1900 2830 2040 2890 Papier¬

194 2843 220 2903 da
253 2846 352 2906 drang
385 2845 417 2905 er
445 2843 471 2903 so
499 2843 558 2903 tief
581 2842 645 2902 und
673 2841 700 2901 so
732 2843 823 2903 innig
855 2842 905 2902 ins
937 2840 1092 2900 heimliche

1151 2863 1225 2923 rand
1258 2863 1397 2923 geschaut
1425 2863 1481 2923 und
1514 2863 1565 2923 hat
1589 2863 1616 2923 in
1649 2866 1747 2926 diesem
1789 2866 1938 2926 Einakter
1966 2868 2021 2928 zum

188 2881 336 2941 Fühlen,
351 2881 403 2941 daß
438 2881 466 2941 es
490 2880 542 2940 ihm
582 2881 710 2941 langsam
759 2879 821 2939 und
846 2880 927 2940 sacht
947 2878 999 2938 ins
1028 2877 1095 2937 Un¬

1146 2901 1235 2961 ersten
1265 2902 1358 2962 Male
1378 2902 1447 2962 jene
1467 2902 1550 2962 leise,
1566 2905 1724 2965 Heinische
1749 2905 1965 2965 Selbstironie
1986 2904 2039 2964 ge¬

191 2920 326 2980 gewisse,
355 2919 406 2979 ins
444 2917 775 2977 Unwahrscheinliche
813 2917 873 2977 und
916 2917 1089 2977 Märchen¬

1149 2938 1303 2998 wonnen,
1327 2939 1373 2999 die
1401 2940 1447 3000 als
1476 2943 1709 3003 Kontrapunkt
1742 2944 1770 3004 in
1812 2944 1863 3004 den
1910 2944 2031 3004 meisten

191 2955 272 3015 hafte
304 2956 557 3016 verflimmerte.
581 2956 639 3016 Ein
676 2956 830 3016 Märchen
867 2954 925 3014 vom
975 2953 1079 3013 Lieben

1151 2977 1248 3037 seiner
1290 2977 1429 3037 späteren
1477 2980 1588 3040 Werke
1630 2980 1844 3040 mitschwingt
1886 2980 1946 3040 und
1993 2982 2020 3042 im

197 2995 252 3055 und
281 2995 331 3055 vom
374 2995 509 3055 Sterben
533 2995 569 3055 ist
589 2995 644 3055 sein
668 2995 784 3055 ganzes
808 2992 915 3052 Werk.
929 2992 1073 3052 „Anatol

1151 3013 1286 3073 „Weiten
1323 3016 1430 3076 Land“
1463 3014 1527 3074 eine
1556 3021 1727 3081 prickelnde
1760 3020 2029 3080 Kontrastierung

195 3031 258 3091 war
286 3034 339 3094 sein
367 3031 457 3091 erstes
485 3031 584 3091 Buch,
598 3031 652 3091 das
675 3031 761 3091 Buch
788 3031 869 3091 eines
893 3029 1082 3089 soignierter

1144 3055 1283 3115 zwischen
1330 3055 1460 3115 weithin
1502 3057 1665 3117 hallender
1703 3059 1926 3119 Bezeichnung
1968 3059 2033 3119 und

192 3072 373 3132 Flaneurs,
387 3069 470 3129 eines
493 3069 612 3129 homme
635 3067 643 3127 à
666 3066 799 3126 femme,
813 3067 874 3127 und
901 3066 1078 3126 „Sterben“

1151 3090 1370 3150 engbrüstigem
1409 3093 1528 3153 Inhalt
1548 3096 1629 3156 gibt.
1648 3096 1724 3156 Auch
1749 3096 1782 3156 da
1806 3096 1844 3156 ist
1863 3096 2021 3156 wiederum

193 3107 269 3167 diese
293 3108 537 3168 melancholische
562 3106 858 3166 Nachdenklichkeit,
873 3107 930 3167 sein
954 3105 1093 3165 zweites.

1151 3126 1160 3186 —
1199 3129 1309 3189 freilich
1328 3132 1352 3192 in
1376 3132 1423 3192 den
1457 3135 1696 3195 ungeistigsten,
1716 3135 1930 3195 animalischen
1955 3135 2036 3195 For¬

194 3144 237 3204 Er
266 3147 323 3207 hat
352 3147 553 3207 wundervoll
582 3144 653 3204 tiefe
678 3146 787 3206 Dinge
817 3144 893 3204 über
927 3144 969 3204 die
999 3144 1089 3204 Liebe

1152 3169 1209 3229 men
1248 3168 1257 3228 —
1315 3171 1386 3231 solch
1420 3171 1463 3231 ein
1497 3172 1593 3232 Stück
1622 3174 1717 3234 Wille
1747 3174 1804 3234 zum
1852 3172 1948 3232 Leben
1986 3174 2039 3234 ge¬

191 3186 299 3246 gesagt
327 3184 385 3244 und
413 3183 594 3243 erstaunlich
622 3183 748 3243 lässige,
767 3183 970 3243 frappierend
998 3183 1088 3243 „vor¬

1152 3207 1266 3267 staltet,
1286 3209 1309 3269 in
1344 3207 1395 3267 dem
1434 3210 1644 3270 Fabrikanten
1678 3213 1840 3273 Hofreiter
1870 3213 1979 3273 (dünkt
2004 3213 2032 3273 er

193 3222 318 3282 nehme“
351 3222 425 3282 über
459 3222 505 3282 den
543 3222 631 3282 Tod,
655 3222 715 3282 und
748 3222 780 3282 er
809 3222 883 3282 hat,
902 3223 981 3283 ganz
1014 3222 1083 3282 früh

1150 3246 1226 3306 Euch
1265 3246 1351 3306 nicht
1385 3246 1438 3306 der
1477 3248 1601 3308 minder
1645 3251 1933 3311 liebenswürdige,
1967 3251 2038 3311 weil

194 3260 294 3320 schon,
314 3260 337 3320 im
386 3260 543 3320 „Anatol“
577 3259 711 3319 bereits,
731 3260 797 3320 jene
827 3257 1085 3317 Formulierung

1147 3284 1249 3344 ältere
1277 3284 1412 3344 Bruder
1446 3287 1585 3347 Anatols
1623 3289 1655 3349 zu
1694 3290 1777 3350 sein;
1815 3290 1894 3350 denn
1941 3290 2029 3350 einen

197 3299 368 3359 gefunden,
388 3297 410 3357 in
438 3298 487 3358 der
515 3296 574 3356 uns
597 3296 651 3356 das
674 3296 824 3356 Märchen
856 3296 965 3356 zeitlich
993 3296 1088 3356 näher

1151 3323 1290 3383 Flaneur
1323 3323 1379 3383 mit
1407 3320 1439 3380 40
1468 3325 1537 3385 oder
1570 3326 1597 3386 45
1631 3326 1779 3386 Jahren,
1798 3326 1882 3386 einen
1919 3329 2026 3389 Mann

192 3337 324 3397 gerückt,
351 3335 518 3395 moderner
552 3335 612 3395 und
647 3332 655 3392 —
707 3335 797 3395 wenn
831 3332 900 3392 man
935 3335 964 3395 so
995 3335 1080 3395 sagen

1153 3362 1270 3422 senseits
1303 3359 1352 3419 der
1380 3362 1656 3422 Schaffensmitte,
1675 3364 1724 3424 der
1752 3364 1865 3424 immer
1893 3365 1951 3425 nur
1979 3367 2024 3427 den

192 3374 266 3434 darf
280 3374 288 3434 —
333 3374 532 3434 realistischer
555 3371 718 3431 erscheint:
737 3371 785 3431 den
816 3371 1095 3431 Somnambulis¬

1156 3400 1450 3460 Schürzenschleifen
1484 3401 1544 3461 und
1578 3402 1915 3462 Automobilschleiern
1953 3404 2041 3464 nach¬

194 3412 282 3472 mus,
297 3411 338 3471 die
362 3413 557 3473 Telepathie,
572 3413 618 3473 die
637 3413 852 3473 Suggestion,
867 3410 950 3470 deren
979 3410 1090 3470 rätsel¬

1147 3440 1247 3500 läuft,
1262 3440 1315 3500 den
1349 3438 1459 3498 können
1493 3440 1550 3500 wir
1579 3442 1656 3502 fünf
1676 3441 1752 3501 Akte
1777 3442 1925 3502 hindurch
1955 3442 2036 3502 nicht

192 3448 294 3508 haftes
323 3448 425 3508 Wesen
458 3448 504 3508 die
532 3448 676 3508 Geliebte
700 3448 751 3508 des
779 3448 881 3508 Herrn
914 3448 970 3508 von
1003 3448 1086 3508 Sala

1147 3475 1328 3535 ertragen).
1352 3475 1430 3535 Aber
1454 3481 1649 3541 immerhin:
1673 3481 1700 3541 er
1729 3481 1826 3541 bleibt
1855 3482 2031 3542 Repräsen¬

191 3490 251 3550 auf
284 3487 381 3547 seinem
438 3488 623 3548 „Einsamen
666 3490 759 3550 Weg“
796 3487 912 3547 erfüllt
941 3487 1005 3547 und
1039 3487 1089 3547 die

1146 3517 1223 3577 tant
1251 3517 1306 3577 der
1340 3520 1589 3580 Schnitzlerschen
1628 3523 1733 3583 Welt,
1767 3523 1899 3583 Bruder
1945 3524 2032 3584 jenes

194 3529 273 3589 ganz
299 3529 324 3589 in
355 3529 490 3589 samtene
516 3529 712 3589 Dunkelheit
738 3526 894 3586 gehüllten
925 3527 1095 3587 Novellen.

2110 1729 2300 1789 Mädchens,
2321 1730 2393 1790 das,
2409 1732 2486 1792 über
2512 1730 2559 1790 die
2580 1732 2677 1792 Leiche
2703 1735 2749 1795 des
2775 1735 2894 1795 Vaters
2925 1741 3002 1801 weg,

2106 1765 2220 1825 gelockt
2250 1765 2307 1825 von
2346 1767 2398 1827 dem
2447 1771 2537 1831 „Ruf
2567 1770 2619 1830 des
2653 1771 2811 1831 Lebens",
2845 1774 2874 1834 in
2922 1777 3003 1837 zwei

2103 1804 2207 1864 offene
2242 1807 2530 1867 Leutnantsarme
2565 1810 2709 1870 springt,
2739 1813 2873 1873 Bruder
2908 1813 2996 1873 jenes

2108 1843 2290 1903 Leutnants
2324 1845 2434 1905 Gustl,
2459 1846 2511 1906 dem
2555 1846 2607 1906 das
2641 1849 2742 1909 Duell
2766 1849 2823 1909 von
2863 1852 2991 1912 morgen

2108 1882 2194 1942 heute
2223 1882 2275 1942 den
2310 1885 2541 1945 Angstschweiß
2575 1885 2627 1945 aus
2662 1886 2709 1946 den
2748 1889 2854 1949 Poren
2888 1890 2988 1950 treibt

2106 1918 2166 1978 und
2208 1919 2297 1979 jenes
2339 1920 2446 1980 armen
2493 1926 2825 1986 Schwindsüchtigen,
2858 1926 2913 1986 der
2951 1925 2978 1985 im

2107 1956 2287 2016 „Sterben“
2318 1959 2478 2019 hinsiecht,
2499 1962 2649 2022 während
2680 1965 2731 2025 sein
2768 1965 2902 2025 Mädel,
2918 1967 2995 2027 diese

2110 1997 2157 2057 ins
2191 1995 2383 2055 Unendliche
2412 1999 2570 2059 duldende
2599 2002 2815 2062 Magdalena,
2839 2004 2891 2064 neu
2930 2004 2982 2064 dem

2110 2031 2200 2091 Leben
2250 2037 2527 2097 entgegenatmet.
2559 2040 2690 2100 Immer
2718 2040 2831 2100 wieder
2868 2040 2931 2100 war
2963 2040 2990 2100 es

2144 2067 2188 2127 der
2224 2072 2294 2132 Ruf
2320 2072 2370 2132 des
2401 2073 2567 2133 Lebens",
2588 2076 2638 2136 den
2674 2080 2845 2140 Schnitzler
2876 2080 2986 2140 dichten

2104 2108 2229 2168 wollte;
2267 2108 2341 2168 aber
2370 2108 2402 2168 es
2435 2111 2504 2171 war
2532 2115 2723 2175 gewöhnlich
2756 2116 2797 2176 ein
2839 2117 2997 2177 Sterben.

2108 2147 2210 2207 Reden
2240 2147 2318 2207 nicht
2339 2149 2407 2209 auch
2432 2150 2475 2210 die
2500 2153 2682 2213 Menschen,
2697 2153 2785 2213 denen
2820 2156 2868 2216 das
2893 2156 2986 2216 Leben

2107 2188 2140 2248 am
2193 2186 2346 2246 teuersten
2389 2188 2465 2248 gilt,
2499 2189 2566 2249 sehr
2596 2190 2657 2250 viel
2687 2192 2748 2252 und
2777 2194 2887 2254 häufig
2921 2195 2978 2255 vom

2109 2222 2193 2282 Tod?
2224 2219 2269 2279 Es
2294 2223 2344 2283 ist,
2364 2225 2409 2285 als
2440 2228 2550 2288 würde
2575 2225 2605 2285 er
2630 2230 2675 2290 sich
2706 2231 2770 2291 eine
2796 2232 2896 2292 Angst
2922 2233 2976 2293 vom

2110 2261 2174 2321 Leib
2205 2263 2305 2323 damit
2331 2264 2496 2324 schreiben.
2517 2267 2588 2327 Und
2613 2267 2678 2327 sehr
2704 2270 2804 2330 mutig
2835 2270 2895 2330 sind
2920 2273 2990 2333 auch

2111 2297 2186 2357 seine
2211 2299 2327 2359 Helden
2358 2302 2453 2362 nicht,
2474 2303 2499 2363 im
2540 2305 2731 2365 „Freiwild“
2757 2306 2853 2366 nicht,
2869 2308 2913 2368 wo
2944 2308 2994 2368 der

2104 2338 2169 2398 eine
2198 2338 2249 2398 den
2282 2341 2417 2401 anderen
2455 2341 2646 2401 hinterrücks
2674 2344 2749 2404 über
2777 2345 2828 2405 den
2867 2347 2987 2407 Haufen

2104 2377 2217 2437 knallt,
2240 2377 2266 2437 im
2316 2379 2468 2439 „Jungen
2501 2380 2707 2440 Medardus"
2741 2386 2838 2446 nicht,
2860 2386 2904 2446 wo
2942 2386 2990 2446 der

2105 2416 2178 2476 Held
2218 2413 2271 2473 kein
2311 2419 2409 2479 Tater
2439 2419 2493 2479 ist,
2513 2420 2646 2480 sondern
2680 2422 2724 2482 ein
2759 2422 2906 2482 Dulder,
2926 2424 2990 2484 und

2102 2452 2185 2512 dann
2215 2452 2269 2512 der
2294 2455 2460 2515 Leutnant
2486 2458 2643 2518 Gustl...
2663 2461 2736 2521 Auch
2766 2461 2987 2521 Grillparzers

2100 2490 2219 2550 Helden
2258 2490 2320 2550 sind
2354 2491 2435 2551 keine
2469 2491 2603 2551 Helden.
2637 2496 2757 2556 Rustan
2796 2499 2997 2559 deklamiert:

2103 2530 2190 2590 „Und
2226 2528 2272 2588 die
2299 2529 2412 2589 Größe
2438 2532 2474 2592 ist
2500 2534 2685 2594 gefährlich,
2707 2535 2768 2595 und
2800 2535 2851 2595 der
2882 2538 2974 2598 Ruhm

2102 2568 2146 2628 ein
2181 2568 2278 2628 leeres
2313 2568 2426 2628 Spiel:
2461 2571 2529 2631 was
2570 2571 2603 2631 er
2643 2574 2726 2634 gibt,
2756 2577 2820 2637 sind
2860 2577 2992 2637 nicht'ge

2102 2604 2273 2664 Schatten,
2294 2606 2357 2666 was
2388 2605 2416 2665 er
2441 2609 2579 2669 nimmt,
2599 2610 2623 2670 es
2653 2611 2687 2671 ist
2712 2613 2736 2673 so
2766 2613 2859 2673 viel."
2884 2614 2992 2674 Nord¬

2100 2644 2239 2704 deutsche
2267 2646 2412 2706 Naturen
2449 2646 2570 2706 werden
2608 2649 2720 2709 anders
2753 2652 2888 2712 denken,
2917 2652 2990 2712 aber

2108 2681 2309 2741 Grillparzer
2349 2683 2415 2743 war
2459 2684 2569 2744 Wien,
2603 2687 2665 2747 und
2709 2690 2882 2750 Schnitzler
2925 2690 2992 2750 war

2110 2717 2213 2777 Wien,
2228 2720 2291 2780 und
2316 2719 2380 2779 was
2405 2722 2605 2782 Grillparzer
2630 2726 2703 2786 über
2729 2726 2807 2786 seine
2832 2727 2983 2787 Dichtung

2107 2756 2207 2816 gesetzt
2233 2759 2303 2819 hat,
2323 2759 2383 2819 dies
2414 2761 2494 2821 ließe
2520 2762 2565 2822 sich
2596 2765 2661 2825 auch
2692 2765 2767 2825 über
2798 2766 2989 2826 Schnitzlers

2110 2796 2257 2856 Dichtung
2287 2798 2394 2858 setzen:
2415 2801 2532 2861 „Wenn
2557 2801 2601 2861 Du
2626 2801 2674 2861 vom
2710 2804 2974 2864 Kahlenberg...

2137 2836 2216 2896 Hier
2249 2837 2356 2897 wurde
2389 2836 2422 2896 er
2455 2838 2590 2898 geboren
2628 2840 2688 2900 und
2726 2841 2791 2901 hier
2824 2843 2926 2903 wuchs
2960 2841 2992 2901 er

2102 2875 2170 2935 auf,
2191 2872 2283 2932 Sohn
2318 2875 2401 2935 eines
2427 2876 2564 2936 Arztes,
2584 2878 2712 2938 Bruder
2742 2881 2825 2941 eines
2860 2881 2992 2941 Profes¬

2103 2912 2167 2972 sors
2193 2911 2243 2971 der
2269 2914 2405 2974 Medizin
2435 2914 2501 2974 und
2527 2917 2622 2977 selber
2643 2917 2682 2977 ein
2713 2920 2809 2980 Arzt,
2824 2920 2874 2980 der
2895 2920 2990 2980 selber

2106 2950 2223 3010 einmal
2249 2950 2302 3010 von
2338 2951 2381 3011 sich
2411 2955 2523 3015 gesagt
2548 2956 2617 3016 hat,
2637 2956 2666 3016 er
2691 2956 2779 3016 hätte
2810 2959 2888 3019 ohne
2913 2958 2991 3018 diese

2099 2989 2380 3049 wissenschaftliche
2412 2992 2583 3052 Kenntnis
2613 2995 2663 3055 nie
2705 2995 2759 3055 sein
2805 2996 2961 3056 „Sterben

2106 3028 2163 3088 und
2197 3029 2244 3089 nie
2278 3031 2355 3091 „Die
2384 3028 2484 3088 letzten
2523 3034 2676 3094 Masken“
2710 3034 2820 3094 dichten
2859 3037 2997 3097 können.

2101 3060 2153 3120 Wo
2183 3066 2226 3126 die
2250 3067 2356 3127 Stadt
2376 3069 2428 3129 ins
2457 3069 2543 3129 Land
2573 3072 2721 3132 verrinnt
2746 3072 2808 3132 und
2838 3074 2885 3134 die
2910 3075 2996 3135 sanf¬

2098 3105 2142 3165 ten
2178 3105 2385 3165 Hügelketten
2421 3106 2471 3166 des
2501 3113 2774 3173 Kahlengebirges
2810 3111 2860 3171 den
2891 3114 2991 3174 Men¬

2101 3144 2173 3204 schen
2211 3144 2240 3204 in
2278 3144 2326 3204 die
2360 3147 2493 3207 Fenster
2527 3150 2670 3210 schauen,
2714 3150 2790 3210 dort
2824 3150 2886 3210 war
2925 3152 2982 3212 sein

2106 3183 2206 3243 Heim,
2230 3183 2287 3243 von
2326 3183 2378 3243 dem
2431 3185 2474 3245 ein
2513 3189 2723 3249 bestrickendes
2757 3189 2876 3249 Aroma
2915 3190 2991 3250 Alt¬

2102 3222 2226 3282 Wiener
2260 3225 2520 3285 Patriziertums
2554 3226 2611 3286 mit
2641 3228 2722 3288 einem
2770 3228 2876 3288 Schuß
2910 3231 2991 3291 Ma¬

2101 3260 2277 3320 kartbukett
2332 3263 2390 3323 und
2440 3263 2675 3323 Persexteppich
2720 3269 2882 3329 ausging.
2931 3268 2990 3328 Die

2099 3299 2195 3359 ganze
2229 3299 2440 3359 Längswand
2479 3300 2531 3360 des
2570 3305 2877 3365 Arbeitszimmers,
2907 3306 2993 3366 drei¬

2100 3336 2155 3396 fach
2184 3338 2594 3398 hintereinandergereiht,
2623 3344 2748 3404 nehmen
2786 3344 2832 3404 die
2865 3344 2986 3404 Bücher

2100 3374 2157 3434 und
2200 3377 2372 3437 Folianten
2431 3377 2502 3437 ein,
2541 3380 2636 3440 unter
2674 3380 2765 3440 denen
2814 3380 2985 3440 historische

2098 3415 2203 3475 Werke
2237 3416 2284 3476 die
2318 3416 2500 3476 Ueberzahl
2534 3419 2663 3479 bilden;
2692 3419 2768 3479 denn
2812 3421 2983 3481 Geschichte

2096 3451 2158 3511 war
2192 3452 2254 3512 nun
2293 3454 2340 3514 die
2370 3457 2662 3517 Lieblingslektüre
2696 3460 2753 3520 und
2787 3460 2844 3520 das
2878 3460 2988 3520 inten¬

2100 3492 2181 3552 sivste
2210 3493 2359 3553 Studium
2403 3493 2450 3553 des
2485 3496 2633 3556 früheren
2672 3499 2801 3559 Arztes.
2836 3499 2883 3559 Da
2918 3496 2989 3556 ver¬

2102 3535 2206 3595 gingen
2240 3535 2283 3595 ihm
2323 3537 2428 3597 täglich
2456 3535 2533 3595 viele
2556 3538 2700 3598 Stunden
2728 3538 2844 3598 ernster
2861 3539 2993 3599 Arbeit,

3064 1726 3106 1786 die
3140 1729 3194 1789 den
3226 1729 3285 1789 Wi

3061 1768 3219 1828 Schöpfer
3250 1768 3296 1828 des

3064 1805 3104 1865 ler
3134 1806 3189 1866 der
3219 1807 3288 1867 Lieb

3061 1846 3254 1906 wunderlich

3060 1878 3109 1938 sam
3159 1885 3293 1945 zusamn

3061 1920 3110 1980 sich
3138 1922 3197 1982 zur
3226 1922 3291 1982 Arl

3067 1959 3117 2019 sein
3148 1959 3280 2019 Pensum

3059 1998 3142 2058 dann
3182 2001 3275 2061 durch

3057 2037 3199 2097 nomen,
3222 2038 3277 2098 der

3059 2074 3114 2134 das
3145 2076 3277 2136 Firman

3099 2115 3171 2175 Und
3203 2116 3280 2176 diese

3063 2151 3105 2211 die
3133 2153 3180 2213 den
3218 2156 3291 2216 Wer

3063 2192 3195 2252 Leichte,
3217 2194 3275 2254 das

3069 2231 3145 2291 gibt.
3160 2231 3170 2291 —
3211 2231 3281 2291 Von

3060 2270 3154 2330 Folge
3189 2272 3294 2332 erschi¬

3060 2307 3129 2367 ten,
3158 2310 3232 2370 seien

3064 2344 3179 2404 (1897),
3191 2347 3240 2407 die
3257 2347 3289 2407 di

3059 2384 3223 2444 fährtin",

3066 2424 3182 2484 Drama
3227 2428 3243 2488 „

3060 2463 3140 2523 dann
3173 2463 3227 2523 der

3058 2499 3188 2559 woraus

3064 2538 3180 2598 (1901),
3203 2540 3230 2600 da

3060 2577 3105 2637 die
3136 2577 3257 2637 Komöl

3059 2616 3190 2676 gleichen

3055 2653 3209 2713 netten".

3058 2693 3134 2753 rolle
3168 2693 3220 2753 dem

3058 2732 3212 2792 Künstler
3240 2732 3255 2792 a

3055 2768 3138 2828 war,
3161 2771 3197 2831 ist
3213 2771 3249 2831 ein

3058 2806 3166 2866 Wiens

3054 2845 3166 2905 Diesem
3215 2849 3225 2909 W

3055 2884 3116 2944 eine
3139 2887 3269 2947 Tragil

3054 2923 3144 2983 fessor
3172 2923 3257 2983 Bern

3058 2962 3142 3022 lichen
3174 2963 3264 3023 Beru

3055 3000 3157 3060 tischen
3203 3001 3254 3061 Gr

3058 3038 3122 3098 1915
3156 3040 3269 3100 erschie

3059 3078 3228 3138 „Komödie
3255 3078 3270 3138 d

3055 3115 3114 3175 und
3148 3117 3277 3177 Flieder

3059 3156 3224 3216 Casanova
3251 3156 3276 3216 in

3053 3194 3161 3254 rung"
3188 3195 3250 3255 und

3051 3231 3148 3291 Gang
3178 3236 3236 3296 zum

3095 3272 3251 3332 Schnitzle

3060 3308 3188 3368 fenbart
3210 3309 3258 3369 sich

3055 3347 3208 3407 Werken.
3234 3347 3244 3407 1

3059 3386 3146 3446 Tage
3167 3388 3254 3448 eines

3054 3423 3122 3483 auch
3157 3425 3250 3485 peinl

3057 3460 3196 3520 Blumen

3060 3500 3104 3560 des
3139 3502 3262 3562 Weisen

3056 3541 3150 3601 Toten
3190 3544 3247 3604 schw
