3436 4320
187 282 219 342 2

1432 285 1557 345 box
1638 288 1826 348 43/3

329 288 912 348 Schnitzlars

755 757 1487 817 OBSERVER

843 801 869 861 I.
883 803 1005 863 österr.
1019 806 1168 866 behördl.
1181 810 1488 870 konzessioniertes

800 845 1035 905 Unternehmen
1068 846 1112 906 für
1139 850 1531 910 Zeitungs-Ausschnitte

848 900 1000 960 WIEN,
1027 907 1074 967 I.,
1101 911 1394 971 WOLLZEILE
1441 913 1486 973 11

932 956 1156 1016 TELEPHON
1194 963 1381 1023 R-23-0-43

736 1094 974 1154 Ausschnitt
997 1097 1096 1157 aus:

937 1222 1116 1282 Bremer
1144 1219 1410 1279 Nachrichten

1160 1289 1222 1349 9A
1268 1279 1410 1339 OKT.
1429 1269 1527 1329 1937

727 1317 859 1377 vom:

1710 1488 1784 1548 Man
1814 1491 1863 1551 hat
1883 1490 2045 1550 Schnitzler
2065 1488 2109 1548 oft
2130 1488 2331 1548 angegriffen,
2352 1485 2410 1545 man
2440 1485 2489 1545 hat
2509 1485 2553 1545 ihm
2593 1485 2672 1545 einen

759 1523 862 1583 Der
912 1524 1072 1584 letzte
1121 1521 1514 1581 Österreicher

1677 1530 1757 1590 bösen
1787 1528 1958 1588 Zynismus
1983 1527 2011 1587 in
2040 1527 2111 1587 allen
2145 1527 2345 1587 Liebesdingen
2379 1524 2598 1584 vorgeworfen,
2618 1524 2670 1584 sein

1687 1571 1829 1631 „Reigen“
1859 1566 1888 1626 ist
1913 1566 1957 1626 der
1982 1566 2075 1626 Anlaß
2105 1566 2129 1626 zu
2159 1566 2237 1626 einem
2272 1566 2375 1626 großen
2405 1563 2518 1623 Prozeß
2543 1563 2665 1623 gewesen

649 1602 859 1662 Gedanken
895 1602 963 1662 zum
1008 1599 1113 1659 Tode
1140 1599 1209 1659 von
1238 1597 1385 1657 Arthur
1412 1599 1631 1659 Schnitzlei

1676 1607 1760 1667 Aber
1784 1607 1806 1667 im
1849 1606 1975 1666 Grunde
2004 1605 2092 1665 seines
2120 1605 2246 1665 Herzens
2274 1603 2335 1663 war
2359 1602 2391 1662 er
2415 1602 2461 1662 nie
2490 1602 2606 1662 zynisch.

1719 1646 1761 1706 Er
1789 1646 1854 1706 war
1887 1645 1929 1705 ein
1963 1644 2130 1704 Skeptiker,
2154 1644 2210 1704 und
2243 1642 2313 1702 diese
2346 1641 2462 1701 Skepsis
2496 1640 2682 1700 entstammte

1093 1667 1191 1727 Von

1682 1685 1772 1745 seinem
1816 1683 1968 1743 Arzttum.
2012 1682 2055 1742 Er
2084 1682 2136 1742 hat
2165 1682 2236 1742 diese
2266 1681 2509 1741 Vergangenheit
2539 1679 2586 1739 nie
2615 1678 2677 1738 ver¬

1676 1726 1802 1786 leugnen
1849 1724 1976 1784 können.
2022 1720 2067 1780 So
2099 1720 2153 1780 wie
2186 1720 2217 1780 er
2244 1719 2272 1779 in
2318 1720 2408 1780 seiner
2441 1720 2526 1780 ersten
2563 1718 2681 1778 Novelle

1038 1730 1124 1790 Hans
1154 1728 1257 1788 Jäger

1686 1764 1849 1824 „Sterben“
1882 1763 1933 1823 mit
1956 1763 2002 1823 dem
2045 1760 2268 1820 unerbittlichen
2296 1759 2403 1819 Messer
2427 1758 2473 1818 des
2506 1757 2673 1817 erfahrenen

684 1791 758 1851 Man
788 1793 876 1853 kennt
902 1790 951 1850 sein
981 1790 1050 1850 Bild
1090 1790 1159 1850 (wir
1184 1790 1273 1850 haben
1303 1789 1332 1849 es
1357 1788 1461 1848 gestern
1496 1787 1653 1847 gebracht):

1677 1805 1843 1865 Chirurgen
1892 1801 1934 1861 die
1973 1802 2068 1862 letzten
2102 1801 2240 1861 Stunden
2274 1799 2355 1859 eines
2384 1799 2531 1859 Menschen
2570 1799 2670 1859 seziert

645 1833 686 1893 ein
723 1833 808 1893 etwas
841 1829 1087 1889 melancholischer
1110 1828 1187 1888 Herr
1215 1828 1269 1888 mit
1293 1828 1461 1888 rotblondem
1503 1825 1652 1885 Spitzbart

1680 1844 1770 1904 genau
1802 1841 1824 1901 so
1852 1840 2014 1900 betrachtet
2037 1838 2064 1898 er
2096 1839 2150 1899 mit
2173 1839 2218 1899 dem
2264 1837 2436 1897 forschenden
2472 1835 2526 1895 und
2554 1835 2671 1895 zugleich

645 1873 699 1933 und
727 1873 804 1933 einer
828 1870 941 1930 schönen
969 1869 1060 1929 Locke,
1079 1868 1120 1928 die
1143 1870 1234 1930 kokett
1253 1869 1275 1929 in
1307 1867 1348 1927 die
1376 1866 1457 1926 Stirn
1485 1866 1562 1926 fällt.
1600 1862 1654 1922 Die

1679 1881 1832 1941 wissenden
1861 1879 1939 1939 Blick
1959 1879 2005 1939 des
2033 1879 2182 1939 Klinikers
2206 1878 2247 1938 die
2271 1875 2424 1935 Probleme
2448 1874 2494 1934 der
2518 1875 2596 1935 Liebe
2625 1875 2675 1935 und

649 1912 882 1972 schwermütigen
916 1908 1032 1968 Augen,
1052 1907 1094 1967 die
1118 1909 1286 1969 manchmal
1305 1906 1385 1966 einen
1418 1904 1492 1964 recht
1512 1904 1647 1964 zynischer

1680 1919 1738 1979 de;
1759 1921 1832 1981 Ehe.
1876 1918 1915 1978 Es
1950 1917 1983 1977 ist
2009 1916 2067 1976 fast
2092 1918 2135 1978 ein
2170 1918 2400 1978 physiologisches
2435 1915 2601 1975 Interesse,
2626 1913 2675 1973 das

648 1951 802 2011 Ausdruck
830 1948 994 2008 annehmen
1031 1946 1171 2006 konnten,
1208 1947 1294 2007 haben
1336 1945 1394 2005 ihre
1427 1945 1567 2005 Wirkung
1604 1942 1636 2002 au

1680 1957 1713 2017 er
1737 1960 1818 2020 diesen
1852 1958 1967 2018 Dingen
1996 1955 2259 2015 entgegenbringt;
2278 1954 2302 2014 er
2326 1954 2426 2014 spricht
2451 1954 2498 2014 von
2527 1954 2575 2014 der
2590 1954 2685 2014 Liebe,

644 1990 691 2050 die
716 1990 831 2050 Frauen
865 1990 908 2050 nie
933 1987 1072 2047 verfehlt.
1106 1987 1177 2047 Erst
1197 1986 1221 2046 in
1250 1984 1298 2044 den
1332 1984 1418 2044 letzten
1452 1983 1586 2043 Jahren,
1606 1982 1649 2042 als

1684 2000 1749 2060 aber
1782 1999 1838 2059 wie
1867 1997 1965 2057 einer,
1989 1996 2035 2056 der
2068 1996 2100 2056 sie
2134 1996 2180 2056 nie
2208 1996 2236 2056 in
2269 1995 2428 2055 Wahrheit
2456 1991 2587 2051 erfahren
2625 1991 2685 2051 hat.

651 2030 679 2090 er
708 2028 751 2088 die
780 2028 900 2088 Sechzig
929 2027 1001 2087 schon
1040 2026 1135 2086 längst
1160 2025 1366 2085 überschritten
1405 2022 1495 2082 hatte,
1525 2022 1649 2082 tauchten

1721 2039 1785 2099 Wie
1816 2037 1841 2097 so
1872 2037 1947 2097 viele
1978 2034 2078 2094 Arzte,
2104 2033 2184 2093 besaß
2216 2032 2245 2092 er
2276 2031 2316 2091 ein
2352 2033 2457 2093 starkes
2493 2031 2604 2091 Gefühl
2634 2031 2684 2091 für

643 2069 688 2129 die
712 2067 822 2127 weißen
854 2066 1005 2126 Strähnen
1038 2065 1106 2125 auf,
1125 2064 1179 2124 und
1207 2064 1253 2124 die
1277 2061 1441 2121 Koketterie
1469 2060 1648 2120 verschwand

1850 2073 1908 2133 Die
1948 2073 2085 2133 Melodie
2125 2073 2223 2133 seiner
2262 2073 2395 2133 Heimat,
2430 2070 2508 2130 diese
2548 2070 2680 2130 seltsame

1687 2076 1802 2136 Musik.

684 2109 807 2169 „Flucht
833 2106 857 2166 in
888 2106 927 2166 die
952 2103 1135 2163 Finsternis“
1161 2103 1239 2163 heißt
1265 2103 1314 2163 sein
1345 2103 1433 2163 letztes
1463 2100 1562 2160 Werk.
1588 2100 1651 2160 Nun

1685 2115 1832 2175 Mischung
1862 2112 1986 2172 zwischen
2021 2112 2173 2172 Leichtsinn
2203 2112 2257 2172 und
2282 2112 2449 2172 Dekadenz,
2470 2111 2539 2171 diese
2564 2112 2588 2172 so
2613 2110 2686 2170 ganz

651 2150 700 2210 hat
730 2146 759 2206 er
785 2145 868 2205 selbst
894 2145 938 2205 die
968 2145 1071 2205 Flucht
1097 2145 1255 2205 ergriffen.
1300 2140 1339 2200 Er
1369 2141 1463 2201 starb,
1489 2140 1538 2200 wie
1568 2139 1597 2199 er
1627 2139 1656 2199 es

1682 2156 1899 2216 österreschische
1924 2151 2121 2211 Atmosphäre
2146 2151 2195 2211 hat
2220 2151 2244 2211 er
2269 2151 2407 2211 getroffen
2437 2150 2491 2210 wie
2516 2149 2570 2209 kein
2605 2147 2688 2207 zwei¬

653 2187 699 2247 sich
728 2187 806 2247 wohl
826 2185 988 2245 gewünscht
1007 2184 1095 2244 haben
1123 2184 1206 2244 mag:
1239 2181 1299 2241 nach
1328 2180 1406 2240 einem
1449 2178 1648 2238 Spaziergang

1682 2193 1741 2253 ter.
1776 2193 1839 2253 Der
1864 2193 2055 2253 Junggeselle
2081 2190 2193 2250 Anatol
2213 2190 2267 2250 und
2292 2190 2341 2250 das
2371 2189 2434 2249 süße
2459 2190 2577 2250 Mädel,
2592 2188 2606 2248 —
2651 2185 2675 2245 ei

658 2225 784 2285 zwischen
817 2225 1002 2285 Kahlenberg
1039 2222 1093 2282 und
1120 2222 1392 2282 Hermannskogel,
1428 2217 1528 2277 mitten
1573 2219 1641 2279 durd

1687 2234 1739 2294 sind
1773 2231 1917 2291 eigentlich
1952 2230 2057 2290 immer
2081 2231 2221 2291 dieselben
2255 2228 2370 2288 Wiener
2400 2228 2563 2288 Gestalten,
2587 2225 2630 2285 die
2655 2226 2683 2286 in

651 2267 700 2327 den
730 2264 888 2324 herrlichen
918 2262 1021 2322 Herbst
1041 2261 1086 2321 des
1116 2261 1234 2321 Wiener
1259 2260 1397 2320 Waldes,
1417 2258 1461 2318 der
1486 2258 1540 2318 sein
1570 2258 1658 2318 letzten

1684 2273 1756 2333 allen
1784 2272 1874 2332 seinen
1902 2268 2014 2328 Werken
2042 2270 2268 2330 wiederkehren,
2287 2269 2309 2329 in
2337 2267 2454 2327 anderer
2477 2267 2671 2327 Verkleidung

644 2306 733 2366 Trost
753 2303 905 2363 geblieben
941 2303 1009 2363 war

1682 2312 1704 2372 in
1732 2312 1860 2372 anderer
1888 2309 2079 2369 Umgebung,
2102 2307 2129 2367 in
2162 2309 2285 2369 anderer
2313 2306 2490 2366 Handlung.
2528 2306 2609 2366 Aber
2637 2303 2682 2363 ihr

692 2353 770 2413 Sein
805 2354 863 2414 Dod
898 2349 932 2409 ist
957 2350 1006 2410 von
1041 2349 1089 2409 der
1119 2348 1241 2408 gleichen
1276 2346 1383 2406 Tragik
1409 2345 1595 2405 umwittert,
1615 2342 1658 2402 die

1688 2349 1760 2409 Herz
1781 2349 1816 2409 ist
1833 2349 1884 2409 das
1911 2348 2029 2408 gleiche:
2055 2347 2102 2407 Es
2123 2350 2158 2410 ist
2180 2351 2225 2411 das
2252 2351 2324 2411 Herz
2345 2350 2386 2410 des
2418 2348 2490 2408 alten
2516 2345 2686 2405 Österreich,

644 2394 733 2454 diesen
762 2393 907 2453 graziösen
936 2390 1054 2450 Wiener
1082 2388 1223 2448 Kavalier
1247 2387 1356 2447 immer
1380 2384 1426 2444 zum
1464 2384 1662 2444 Melancholi¬

1687 2390 1855 2450 Schnitzlers
1888 2387 2004 2447 eigenes
2037 2387 2098 2447 Her

1723 2430 1776 2490 Die
1800 2428 1887 2488 junge
1916 2426 2100 2486 Generation
2129 2425 2182 2485 hat
2201 2423 2245 2483 sich
2274 2426 2419 2486 anderen,
2439 2424 2525 2484 neuen
2555 2423 2680 2483 Göttern

651 2433 692 2493 ker
726 2431 889 2491 stempelte.
933 2428 1059 2488 Wenige
1088 2427 1219 2487 Monate
1248 2426 1304 2486 vor
1342 2423 1441 2483 seinem
1498 2423 1652 2483 siebzigster

1690 2468 1872 2528 zugewandt.
1915 2467 1980 2527 Für
2019 2463 2055 2523 sie
2094 2464 2276 2524 verkörperte
2315 2462 2488 2522 Schnitzler-
2512 2462 2577 2522 eine
2616 2460 2690 2520 aus¬

646 2470 857 2530 Geburtstag,
881 2469 932 2529 der
966 2467 1007 2527 ihn
1045 2466 1101 2526 mit
1130 2464 1262 2524 reichsten
1295 2463 1454 2523 Ehrungen
1493 2461 1652 2521 erwartete

1687 2507 1849 2567 sterbende,
1868 2505 2021 2565 dekadente
2045 2505 2245 2565 Generation.
2284 2503 2532 2563 Verständnislos
2556 2501 2627 2561 steht
2652 2498 2685 2558 sie

662 2511 757 2571 mußte
781 2510 810 2570 er
834 2510 886 2570 aus
911 2509 958 2569 dem
992 2506 1077 2566 Leben
1107 2506 1212 2566 gehen.
1241 2503 1384 2563 Freilich,
1404 2501 1513 2561 Arthur
1538 2500 1662 2560 Schnitz¬

1691 2548 1775 2608 diesem
1812 2545 2036 2605 sentimentalen
2064 2542 2152 2602 Spiel
2176 2544 2208 2604 um
2246 2542 2324 2602 Liebe
2353 2542 2404 2602 und
2428 2542 2488 2602 Tod
2512 2541 2693 2601 gegenüber,

651 2553 694 2613 ler
723 2550 805 2610 wäre
834 2548 882 2608 dem
926 2548 1079 2608 offiziellen
1114 2545 1220 2605 Prunk
1245 2542 1336 2602 dieser
1365 2541 1504 2601 Maitage
1534 2539 1601 2599 auch
1635 2539 1659 2599 so

1687 2587 1777 2647 dieser
1806 2585 1925 2645 inneren
1954 2584 2231 2644 Ausgeglichenheit
2260 2581 2312 2641 und
2341 2581 2522 2641 Harmonie,
2542 2581 2584 2641 die
2614 2581 2685 2641 seine

654 2590 874 2650 ausgewichen,
898 2586 931 2646 er
960 2584 1025 2644 war
1054 2584 1096 2644 ein
1134 2584 1238 2644 stiller,
1266 2584 1426 2644 einsamer,
1455 2581 1530 2641 alter
1563 2578 1657 2638 Mani

1692 2626 1785 2686 Werke
1809 2626 1831 2686 so
1861 2625 1921 2685 klar
1949 2624 2005 2684 und
2034 2623 2136 2683 einfach
2165 2622 2352 2682 gestalteten.
2391 2618 2432 2678 Er
2456 2620 2521 2680 war
2550 2620 2601 2680 kein
2634 2617 2690 2677 Re¬

654 2630 826 2690 geworden,
847 2627 915 2687 aber
940 2625 1009 2685 diese
1035 2624 1227 2684 Bestätigung
1257 2623 1350 2683 seines
1376 2621 1503 2681 Daseins
1534 2620 1587 2680 und
1613 2618 1651 2678 sei

1686 2664 1881 2724 volutionär,
1901 2663 1932 2723 er
1956 2661 2016 2721 war
2045 2660 2086 2720 ein
2115 2661 2286 2721 Einsamer,
2305 2658 2347 2718 ein
2375 2658 2607 2718 Einzelgänger,
2626 2658 2672 2718 dem

654 2670 707 2730 ner
732 2668 830 2728 Werke
855 2667 938 2727 hätte
963 2667 1007 2727 ihn
1037 2664 1095 2724 doch
1125 2664 1243 2724 erfreut

700 2709 741 2769 Im
790 2707 922 2767 Schaffen
958 2703 1132 2763 Schnitzlers
1163 2702 1235 2762 gab.
1253 2700 1283 2760 es
1314 2698 1385 2758 zwei
1416 2696 1506 2756 Pole,
1530 2695 1578 2755 die
1609 2695 1650 2755 ihn
1687 2700 1740 2760 das
1771 2703 1885 2763 private
1916 2701 2047 2761 Schicksal
2072 2700 2156 2760 mehr
2181 2700 2324 2760 bedeutete
2349 2697 2397 2757 als
2422 2697 2475 2757 das
2506 2696 2692 2756 allgemeine,

1695 2742 1769 2802 Aber
1797 2742 1941 2802 vielleicht
1970 2739 2007 2799 ist
2031 2739 2133 2799 gerade
2162 2739 2213 2799 das
2246 2737 2292 2797 der
2321 2737 2424 2797 tiefere
2452 2737 2559 2797 Grund
2592 2736 2680 2796 dafür

658 2751 720 2811 mit
757 2748 838 2808 einer
875 2744 1025 2804 seltsamen
1070 2742 1224 2802 magischen
1261 2738 1383 2798 Gewalt
1420 2736 1528 2796 immer
1561 2736 1664 2796 wieder

663 2787 810 2847 anzogen:
835 2784 964 2844 Sterben
995 2782 1050 2842 und
1075 2781 1209 2841 Liebelei.
1242 2779 1339 2839 „Gibt
1358 2777 1388 2837 es
1407 2777 1486 2837 einen
1512 2775 1665 2835 anständi-
1697 2778 1745 2838 daß
1776 2783 1844 2843 man
1882 2781 1955 2841 seine
1980 2779 2090 2839 Stücke
2116 2781 2182 2841 noch
2208 2781 2311 2841 immer
2343 2779 2441 2839 spielt,
2473 2778 2527 2838 daß
2565 2778 2601 2838 sie
2632 2774 2687 2834 uns

660 2828 707 2888 gen
738 2825 913 2885 Menschen,
932 2822 979 2882 der
1005 2820 1028 2880 in
1059 2820 1246 2880 irgendeiner
1271 2819 1362 2879 guten
1393 2816 1513 2876 Stunde
1538 2814 1567 2874 in
1598 2814 1664 2874 tief¬
1695 2822 1804 2882 immer
1835 2820 1895 2880 noch
1926 2820 2064 2880 ergreifen

1730 2860 1774 2920 In
1819 2860 1867 2920 den
1912 2859 2005 2919 letzten
2044 2858 2162 2918 Jahren
2197 2854 2231 2914 ist
2261 2853 2290 2913 es
2325 2855 2408 2915 stiller
2453 2852 2599 2912 geworden
2639 2854 2673 2914 um

663 2864 717 2924 ster
740 2866 826 2926 Seele
849 2864 881 2924 an
913 2862 1003 2922 etwas
1031 2861 1149 2921 anderes
1177 2857 1258 2917 denkt
1282 2855 1327 2915 als
1354 2855 1386 2915 an
1418 2853 1467 2913 das
1495 2852 1645 2912 Sterben?

1690 2898 1862 2958 Schnitzler,
1897 2897 1949 2957 und
1988 2897 2050 2957 auch
2089 2897 2136 2957 der
2170 2894 2290 2954 Dichter
2319 2893 2400 2953 selbst
2435 2892 2496 2952 trat
2531 2893 2588 2953 nur
2622 2893 2688 2953 noch

664 2906 764 2966 schrieb
793 2903 826 2963 er
850 2903 979 2963 einmal.
1018 2901 1122 2961 Dieser
1147 2897 1318 2957 anständige
1347 2894 1457 2954 Mensch
1491 2893 1567 2953 hatte
1591 2893 1653 2953 viel

665 2945 733 3005 gute
757 2943 895 3003 Stunden
930 2941 953 3001 in
988 2939 1080 2999 seinem
1121 2936 1230 2996 Leben.
1265 2933 1345 2993 Eine
1375 2933 1437 2993 leise
1467 2932 1651 2992 Resignation
1693 2937 1779 2997 selten
1808 2939 1842 2999 an
1872 2938 1917 2998 die
1935 2936 2171 2996 Offentlichkeit.
2206 2934 2246 2994 Es
2270 2935 2333 2995 war
2362 2933 2431 2993 nicht
2455 2933 2512 2993 nur
2535 2931 2587 2991 das
2605 2930 2685 2990 Alter

1720 2975 1724 3035 -
1754 2977 1796 3037 die
1826 2978 1926 3038 Jahre
1956 2978 2071 3038 konnten
2105 2975 2191 3035 diesem
2236 2975 2375 3035 graziösen
2409 2972 2491 3032 Geist
2516 2971 2573 3031 nur
2602 2973 2693 3033 wenig

662 2985 733 3045 liegt
763 2984 835 3044 über
869 2982 907 3042 all
936 2980 1027 3040 seinen
1062 2978 1240 3038 Romanen,
1264 2975 1404 3035 Novellen
1443 2972 1495 3032 und
1530 2972 1654 3032 Theater

666 3023 786 3083 stücken;
816 3022 965 3082 Menschen
1001 3017 1052 3077 und
1081 3017 1179 3077 Dinge
1208 3017 1265 3077 sind
1295 3015 1346 3075 von
1382 3011 1462 3071 einem
1503 3010 1669 3070 eigentüm¬
1693 3016 1831 3076 anhaben
1872 3016 1929 3076 —,
1958 3015 2027 3075 aber
2063 3014 2108 3074 die
2143 3015 2344 3075 Atmosphäre
2380 3011 2443 3071 war
2484 3011 2547 3071 eine
2588 3009 2691 3069 andere

1695 3057 1871 3117 geworden;
1891 3055 1919 3115 er
1948 3054 2024 3114 stand
2054 3054 2139 3114 dieser
2168 3055 2259 3115 neuen
2289 3052 2360 3112 Zeit
2380 3052 2436 3112 mit
2461 3052 2537 3112 einem
2581 3051 2695 3111 Gefühl

662 3064 743 3124 lichen
778 3061 961 3121 herbstlichen
996 3058 1106 3118 Hauche
1135 3055 1280 3115 umweht,
1304 3052 1338 3112 sie
1368 3052 1463 3112 leben,
1488 3049 1556 3109 aber
1580 3049 1652 3109 diese

1697 3097 1797 3157 müder
1821 3094 1940 3154 Skepsis
1965 3094 2141 3154 gegenüber,
2162 3094 2190 3154 er
2214 3094 2286 3154 lebte
2310 3091 2381 3151 nicht
2406 3090 2482 3150 mehr
2511 3088 2534 3148 in
2564 3088 2606 3148 ihr

664 3103 750 3163 Leben
779 3103 817 3163 ist
837 3101 875 3161 ein
904 3099 1009 3159 Wissen
1039 3097 1072 3157 um
1111 3097 1154 3157 den
1188 3096 1260 3156 Tod.
1294 3091 1370 3151 Über
1400 3091 1438 3151 all
1458 3089 1539 3149 dem,
1554 3088 1616 3148 was
1640 3089 1668 3149 en

1726 3136 1893 3196 Schnitzlers
1925 3136 1982 3196 Tod
2009 3136 2061 3196 hat
2083 3133 2156 3193 keine
2183 3133 2261 3193 Lücke
2282 3133 2424 3193 gerissen.
2461 3128 2502 3188 Er
2529 3130 2613 3190 selbst
2634 3129 2686 3189 und

667 3142 784 3202 schrieb,
818 3142 939 3202 könnten
987 3139 1033 3199 des
1081 3136 1156 3196 alten
1194 3135 1335 3195 Fontane
1373 3133 1457 3193 müde
1491 3127 1594 3187 Worte
1627 3128 1669 3188 als

1700 3175 1747 3235 sein
1781 3175 1868 3235 Werk
1897 3175 1992 3235 waren
2027 3172 2055 3232 in
2089 3173 2132 3233 sich
2166 3172 2329 3232 vollendet:
2369 3170 2406 3230 ein
2445 3169 2575 3229 schönes,
2609 3168 2695 3228 senti¬

669 3184 772 3244 Motto
802 3182 895 3242 stehen

1698 3217 1847 3277 mentales
1884 3217 1940 3277 und
1971 3214 2198 3274 erschütterndes
2235 3214 2337 3274 Abbild
2375 3211 2451 3271 einer
2488 3211 2688 3271 vergangenen

792 3231 972 3291 „Frühling,
998 3226 1159 3286 Sommer,
1184 3222 1289 3282 Herbst
1320 3221 1375 3281 und
1406 3218 1541 3278 Winter,

1693 3256 1781 3316 Zeit

780 3273 845 3333 Ach,
873 3270 906 3330 es
940 3270 978 3330 ist
1006 3270 1084 3330 nicht
1117 3267 1177 3327 viel
1211 3264 1366 3324 dahinter.

1718 3323 1791 3383 Aus
1814 3324 1944 3384 Kunst
1967 3321 2040 3381 und
2075 3318 2351 3378 Wissenschaft

1751 3393 1765 3453 X
1800 3392 1859 3452 Die
1880 3393 2047 3453 Beisetzung
2072 3392 2185 3452 Arthur
2210 3388 2397 3448 Schnitziers.
2427 3387 2491 3447 Auf
2511 3386 2559 3446 dem
2595 3387 2712 3447 Wiener

1705 3438 1964 3498 Zentralfriedhof
1988 3432 2085 3492 wurde
2109 3432 2137 3492 am
2176 3429 2291 3489 Freitag
2316 3429 2417 3489 mittag
2437 3426 2484 3486 der
2504 3426 2710 3486 Schriftsteller

1706 3476 1822 3536 Arthur
1848 3472 2005 3532 Schnitzler
2031 3469 2081 3529 zur
2107 3469 2198 3529 letzten
2235 3467 2321 3527 Ruhe
2347 3466 2478 3526 geleitet.
2514 3462 2575 3522 Die
2601 3463 2717 3523 israeli¬

1710 3516 1788 3576 tische
1812 3511 2078 3571 Kultusgemeinde
2106 3508 2180 3568 hatte
2204 3506 2251 3566 dem
2289 3505 2499 3565 Verstorbenen
2532 3503 2569 3563 ein
2602 3503 2713 3563 Ehren¬

1713 3555 1779 3615 grab
1808 3553 1947 3613 gestiftet.
1981 3549 2024 3609 An
2053 3548 2101 3608 der
2125 3545 2499 3605 Beisetzungsfeierlichkeit
2524 3542 2643 3602 nahmen
2677 3540 2715 3600 die

1714 3593 2040 3653 Familienmitglieder
2068 3586 2124 3646 und
2152 3585 2221 3645 viele
2250 3584 2385 3644 Freunde
2413 3581 2468 3641 und
2497 3581 2641 3641 Verehrer
2669 3578 2710 3638 des

2049 3630 2093 3690 Im
2134 3626 2305 3686 Nachlaß
2331 3621 2447 3681 Arthur
2473 3620 2644 3680 Schnitzlers
2669 3618 2719 3678 be¬

1716 3634 1850 3694 Dichters
1882 3632 1948 3692 teil.

1718 3672 1810 3732 finden
1844 3670 1890 3730 sich
1919 3669 1960 3729 die
1989 3665 2171 3725 Fragmente
2200 3663 2274 3723 eines
2307 3662 2461 3722 Romans,
2499 3661 2578 3721 eines
2607 3659 2723 3719 Schau¬

1713 3712 1801 3772 spiels
1831 3709 1909 3769 „Zug
1939 3709 1983 3769 der
2008 3705 2165 3765 Schatten“
2195 3702 2278 3762 sowie
2303 3700 2588 3760 Tagebuchnotizen,
2608 3697 2647 3757 die
2677 3695 2716 3755 bis

1713 3750 1782 3810 1895
1816 3748 2021 3808 zurückreichen
2079 3743 2134 3803 und
2186 3741 2243 3801 vom
2285 3739 2402 3799 Dichter
2454 3738 2482 3798 zu
2515 3737 2600 3797 einer
2628 3736 2726 3796 Auto¬

1714 3790 1886 3850 biographie
1919 3786 2100 3846 verarbeitet
2128 3781 2237 3841 werden
2269 3780 2387 3840 sollten.
2428 3777 2491 3837 Die
2519 3776 2718 3836 Verwaltung

1713 3829 1760 3889 des
1799 3829 1980 3889 Nachlasses,
2004 3823 2052 3883 der
2081 3822 2209 3882 darüber
2243 3820 2348 3880 hinaus
2387 3817 2534 3877 zahlreiche
2573 3815 2721 3875 Aufzeich¬

1714 3868 1830 3928 nungen
1873 3868 1929 3928 und
1962 3865 2078 3925 Skizzen
2116 3862 2242 3922 enthält,
2271 3859 2340 3919 liegt
2373 3856 2396 3916 in
2430 3855 2480 3915 den
2518 3854 2635 3914 Händen
2672 3853 2718 3913 des

1713 3908 1941 3968 Dramaturgen
1980 3902 2027 3962 der
2062 3899 2391 3959 Reinhardt=Bühnen,
2411 3896 2477 3956 Dr.
2502 3895 2601 3955 Franz
2626 3891 2726 3951 Hosch,

1705 3946 1762 4006 der
1782 3946 1843 4006 jetzt
1858 3945 1920 4005 eine
1940 3945 2083 4005 Sichtung
2107 3939 2285 3999 vornimmt.
2319 3938 2438 3998 (Vergl.
2453 3935 2515 3995 auch
2534 3933 2582 3993 den
2611 3933 2721 3993 Aufsatz

1710 3988 1793 4048 „Der
1819 3987 1895 4047 letzte
1916 3982 2128 4042 Österreicher"
2161 3979 2212 4039 auf
2232 3978 2315 4038 Seite
2342 3978 2354 4038 1
2380 3976 2470 4036 dieser
2497 3975 2669 4035 Ausgabe!)
