3392 4256
1478 246 1610 306 box
1688 246 1874 306 43/1

1046 246 1117 306 De

231 250 318 310 2.
379 252 863 312 Schnitzler

1211 261 1219 321 t

187 960 247 1020 wer
280 962 336 1022 zur
369 962 477 1022 Halfte
511 962 631 1022 vereits
664 961 692 1021 in
729 959 813 1019 Gold

878 963 939 1023 gest
951 965 1013 1025 #t.
1048 966 1115 1026 Die
1144 968 1313 1028 Vertreter
1342 970 1398 1030 der
1427 974 1641 1034 französischen
1676 977 1901 1037 Staatsbank,

195 1001 209 1061 sh
237 1001 429 1061 Frankreich
458 1001 701 1061 zurückgezogen
734 997 818 1057 wor¬

877 1002 1073 1062 Farnier
1111 1006 1177 1066 und
1210 1010 1594 1070 Lacour=Gayet,
1623 1016 1716 1076 haben
1754 1016 1801 1076 sich
1834 1019 1899 1079 mit

193 1043 220 1103 ,
235 1043 267 1103 ob
305 1042 365 1102 und
399 1040 497 1100 unter
530 1043 657 1103 welchen
695 1038 816 1098 Bedin¬

880 1043 929 1103 den
979 1043 1106 1103 Leitern
1161 1046 1215 1106 der
1266 1050 1624 1110 Bundesreservebank
1670 1055 1779 1115 über
1825 1056 1892 1116 die

197 1085 226 1145 nuk
266 1083 325 1143 von
370 1082 561 1142 Frankreich
601 1082 802 1142 entschließen

880 1085 1216 1145 Hauptpunkte

1264 1088 1413 1148 dieses
1469 1091 1774 1151 Abkommens

1818 1097 1902 1157 ge¬

207 1201 317 1261 liebte,
338 1201 458 1261 horchte
489 1198 524 1258 er
555 1201 661 1261 hinein
697 1198 721 1258 in
757 1198 807 1258 den

878 1201 919 1261 laß
948 1201 1073 1261 bewußt
1097 1202 1143 1262 ist.
1172 1204 1306 1264 „Stehen
1340 1204 1396 1264 wir
1419 1207 1493 1267 denn
1527 1210 1587 1270 mit
1610 1210 1657 1270 dem
1700 1211 1890 1271 Augenblick

200 1240 311 1300 liebten
345 1240 405 1300 und
433 1240 559 1300 zögerte
583 1240 666 1300 doch,
686 1238 737 1298 das
765 1235 816 1295 er¬

872 1237 971 1297 Brust
994 1240 1025 1300 an
1058 1241 1170 1301 Brust,
1189 1240 1247 1300 wie
1275 1243 1329 1303 mit
1352 1246 1442 1306 einem
1479 1249 1632 1309 Freund,
1651 1249 1700 1309 den
1732 1249 1791 1309 wir
1814 1251 1886 1311 um¬

192 1279 225 1339 ser
255 1279 351 1339 Seele
380 1279 548 1339 dichterisch
582 1279 678 1339 völlig
708 1276 818 1336 preis¬

868 1278 976 1338 armen
1012 1277 1021 1337 —
1072 1278 1144 1338 oder
1176 1279 1235 1339 mit
1263 1282 1348 1342 einem
1395 1285 1512 1345 Feind,
1530 1288 1585 1348 der
1617 1288 1675 1348 uns
1703 1289 1884 1349 bedrängt?

199 1317 256 1377 ner
291 1317 523 1377 Mannesreife
553 1317 683 1377 schenkte
708 1314 741 1374 er
771 1315 814 1375 die

868 1315 920 1375 Ist
945 1314 997 1374 das
1026 1316 1136 1376 Wort,
1156 1317 1208 1377 das
1237 1319 1309 1379 eben
1343 1322 1511 1382 verklang,
1530 1326 1612 1386 nicht
1636 1326 1712 1386 schon
1746 1328 1890 1388 Erinne¬

194 1353 207 1413 r
227 1356 427 1416 Einsamkeit
446 1356 545 1416 allen,
564 1356 605 1416 die
629 1356 671 1416 ein
695 1356 807 1416 Organ

866 1353 969 1413 rung?
1002 1356 1072 1416 Der
1100 1356 1189 1416 Ton,
1208 1356 1263 1416 mit
1287 1357 1338 1417 dem
1376 1362 1446 1422 eine
1470 1363 1619 1423 Melodie
1643 1365 1788 1425 begann,
1802 1368 1886 1428 nicht

197 1395 281 1455 dieser
305 1395 505 1455 Erkenntnis
534 1395 674 1455 besitzen.
711 1395 804 1455 Denn

868 1395 1096 1455 Erinnerung,
1120 1395 1171 1455 ehe
1199 1395 1255 1455 das
1288 1397 1358 1457 Lied
1386 1401 1559 1461 geendet?“
1601 1404 1671 1464 Und
1704 1404 1783 1464 dann
1816 1405 1881 1465 doch

194 1436 349 1496 Zartheit
374 1436 397 1496 so
432 1434 499 1494 viel
529 1437 737 1497 männlicher,
762 1431 809 1491 als

866 1431 908 1491 die
932 1434 1029 1494 starke
1058 1434 1230 1494 Bejahung
1263 1437 1310 1497 des
1343 1440 1464 1500 Lebens
1493 1442 1553 1502 und
1582 1443 1637 1503 des
1666 1445 1880 1505 Unvergäng¬

218 1474 278 1534 den
312 1474 537 1534 Vielzuvielen
576 1475 683 1535 schien.
726 1473 805 1533 Sein

863 1472 975 1532 lichen:
999 1474 1149 1534 „Gerade
1178 1473 1201 1533 in
1235 1476 1347 1536 solchen
1381 1479 1554 1539 Stunden“
1583 1474 1592 1534 —
1644 1481 1709 1541 sagt
1734 1482 1813 1542 Sala
1846 1485 1879 1545 zu

198 1511 225 1571 en
263 1514 329 1574 war
358 1514 386 1574 im
428 1514 569 1574 Grunde
598 1513 659 1573 nur
683 1511 814 1571 möglich

863 1509 1041 1569 Johanna,
1056 1511 1102 1571 die
1127 1513 1220 1573 dieses
1249 1515 1451 1575 Bekenntnis
1480 1517 1536 1577 aus
1560 1517 1658 1577 tiefer
1678 1520 1879 1580 Erkenntnis

194 1553 343 1613 npromiß
378 1553 439 1613 mit
469 1553 521 1613 dem
571 1551 671 1611 Tode.
710 1550 816 1610 Inso¬

868 1550 990 1610 traurig
1022 1550 1117 1610 macht
1131 1550 1140 1610 —
1181 1553 1308 1613 „gerade
1336 1556 1358 1616 in
1386 1556 1490 1616 solchen
1518 1558 1667 1618 Stunden
1690 1559 1785 1619 wissen
1809 1560 1885 1620 wir,

194 1592 454 1652 genddichtungen
483 1592 675 1652 Schnitzlers
705 1589 728 1649 in
758 1589 810 1649 der

866 1586 914 1646 daß
948 1587 1010 1647 wir
1039 1589 1140 1649 nichts
1174 1592 1317 1652 verloren
1356 1596 1452 1656 haben
1491 1598 1548 1658 und
1582 1599 1745 1659 eigentlich
1780 1601 1875 1661 nichts

867 1627 1028 1687 verlieren
1060 1628 1212 1688 können."

189 1631 237 1691 ner
264 1631 432 1691 Dramen,
455 1631 618 1691 Romane,
641 1628 813 1688 Novellen.

213 1670 285 1730 über
313 1670 364 1730 den
401 1670 510 1730 frühen
542 1669 711 1729 Komödien
748 1667 807 1727 und

935 1667 1063 1727 Arthur
1103 1667 1299 1727 Schnitzlers
1344 1673 1535 1733 spielerische
1575 1677 1697 1737 Kunst,
1727 1676 1781 1736 die
1816 1679 1874 1739 das

216 1708 302 1768 jener
336 1708 451 1768 dunkle
486 1708 813 1768 Cypressenschatten,

865 1703 965 1763 Wesen
999 1705 1057 1765 der
1086 1708 1263 1768 Dramatik
1292 1711 1354 1771 und
1388 1711 1440 1771 der
1470 1713 1589 1773 Bühne
1623 1714 1805 1774 ausmacht,
1830 1718 1882 1778 hat

189 1750 333 1810 Zartheit
358 1747 434 1807 aller
459 1749 694 1809 Lebensfarben
728 1744 805 1804 aller

859 1745 940 1805 seine
970 1747 1224 1807 melancholische
1254 1750 1417 1810 Weisheit
1446 1753 1508 1813 und
1537 1753 1609 1813 ihre
1644 1756 1758 1816 Lehren
1797 1756 1878 1816 öfter

192 1787 257 1847 ngt.
300 1786 611 1846 „Erkenntnisbaum
668 1786 705 1846 ist
734 1786 813 1846 nicht

857 1786 881 1846 in
920 1786 1016 1846 starke
1046 1789 1254 1849 dramatische
1284 1792 1390 1852 Höhen
1434 1795 1623 1855 gefördert.
1662 1795 1744 1855 Auch
1789 1797 1885 1857 derbe

200 1826 264 1886 Die
284 1828 402 1888 großen
432 1828 619 1888 Pathetiker
644 1828 688 1888 des
719 1827 806 1887 Dra¬

861 1825 1006 1885 Naturen
1034 1828 1127 1888 haben
1156 1828 1371 1888 empfunden,
1385 1834 1469 1894 welch
1507 1834 1548 1894 ein
1582 1837 1675 1897 Stück
1694 1836 1806 1896 bisher
1830 1838 1876 1898 nie

192 1866 238 1926 setz
258 1867 393 1927 Byrons
427 1867 454 1927 zu
488 1867 713 1927 überwinden.
755 1864 797 1924 In

861 1867 1094 1927 bezwungener
1124 1870 1400 1930 gesellschaftlicher
1429 1875 1701 1935 Schicksalsmacht
1726 1876 1754 1936 in
1788 1876 1873 1936 einer

194 1904 287 1964 runde
325 1905 447 1965 bleiben
490 1905 565 1965 auch
603 1904 640 1964 sie
678 1905 809 1965 einsam.

851 1905 990 1965 einzigen
1025 1905 1129 1965 Szene
1154 1908 1253 1968 liegt,
1273 1909 1327 1969 wie
1352 1911 1376 1971 in
1412 1911 1461 1971 der
1486 1913 1540 1973 der
1566 1914 1763 1974 „Liebelei“,
1779 1915 1867 1975 wenn

188 1944 276 2004 hliche
306 1944 498 2004 Bedeutung
538 1944 646 2004 scheint
676 1944 735 2004 mir
770 1944 794 2004 in

863 1941 910 2001 der
935 1945 1054 2005 fremde
1083 1947 1169 2007 Herr
1203 1948 1302 2008 (welch
1332 1950 1403 2010 eine
1427 1952 1556 2012 Gestalt
1585 1953 1637 2013 für
1662 1953 1714 2013 den
1753 1956 1876 2016 Schau¬

197 1983 295 2043 isheit
320 1983 349 2043 zu
384 1985 503 2045 liegen,
528 1983 571 2043 die
602 1983 656 2043 tief
676 1981 803 2041 hinein¬

871 1986 1005 2046 pieler!)
1035 1987 1058 2047 in
1097 1989 1149 2049 das
1183 1989 1332 2049 Zimmer
1361 1992 1414 2052 des
1443 1993 1563 2053 jungen
1602 1994 1760 2054 Menschen
1799 1995 1885 2055 tritt.

192 2022 210 2082 le
238 2022 288 2082 des
321 2022 545 2082 Unbewußten
583 2022 642 2082 und
674 2020 683 2080 —
735 2022 803 2082 dies

859 2025 957 2085 Jeder
978 2025 1051 2085 weiß
1077 2028 1194 2088 sofort,
1210 2028 1278 2088 der
1304 2031 1367 2091 muß
1397 2034 1510 2094 fallen.
1526 2034 1604 2094 Man
1634 2034 1801 2094 vergleiche
1827 2035 1870 2095 die

197 2064 355 2124 gewandt
375 2061 384 2121 —
428 2064 476 2124 das
501 2064 596 2124 Wort
617 2063 664 2123 des
689 2061 804 2121 fausti¬

859 2067 1054 2127 abgebogene
1088 2071 1255 2131 Tragödie
1289 2070 1339 2130 der
1373 2073 1498 2133 „Ehre“
1531 2073 1769 2133 Sudermanns
1807 2074 1867 2134 und

190 2099 210 2159 on
257 2102 319 2162 mit
356 2102 626 2162 melancholischem
674 2102 799 2162 Lächeln

858 2105 929 2165 diese
959 2105 1025 2165 eine
1064 2108 1188 2168 knappe
1213 2110 1323 2170 Szene
1352 2111 1563 2171 Schnitzlers.
1606 2114 1678 2174 Und
1707 2114 1769 2174 wie
1798 2114 1874 2174 bort

856 2142 910 2202 das
940 2147 1076 2207 Problem
1117 2147 1234 2207 „Ehre“
1264 2150 1307 2210 bis
1337 2151 1361 2211 in
1392 2153 1435 2213 die
1456 2151 1538 2211 letzte
1564 2156 1770 2216 Konsequenz
1795 2156 1877 2216 klar,

178 2180 303 2240 Arthur
336 2180 515 2240 Schnitzler
548 2182 646 2242 nichts
674 2180 798 2240 andres

854 2186 1085 2246 erschütternd,
1105 2189 1311 2249 bezwingend
1336 2191 1475 2251 erledigt
1495 2190 1543 2250 ist.

206 2219 379 2279 genialsten
433 2220 591 2280 Einakter
645 2219 799 2279 deutscher

929 2226 997 2286 Das
1037 2228 1243 2288 Wienerische
1278 2229 1302 2289 in
1342 2231 1395 2291 der
1425 2231 1601 2291 „Liebelei“
1636 2231 1764 2291 beweist
1794 2233 1872 2293 nicht

183 2255 216 2315 nie
250 2258 424 2318 Kakadu",
453 2258 511 2318 sein
550 2260 655 2320 Name
689 2258 800 2318 stünd¬

851 2267 976 2327 zuletzt,
996 2267 1053 2327 wie
1078 2267 1125 2327 die
1155 2270 1332 2330 Romantik
1357 2270 1433 2330 über
1463 2272 1520 2332 alle
1549 2273 1717 2333 Schicksale
1742 2273 1871 2333 Oester¬

182 2293 201 2353 r
225 2295 277 2355 der
302 2296 560 2356 Unsterblichen.
590 2296 685 2356 Diese
710 2296 800 2356 Kon¬

855 2305 945 2365 reichs
980 2308 1162 2368 unsterblich
1198 2310 1243 2370 sich
1274 2311 1395 2371 erhält.
1430 2311 1490 2371 Wo
1521 2312 1592 2372 gibt
1617 2314 1647 2374 es
1678 2311 1859 2371 Aktschlüsse

190 2335 416 2395 rchströmtsein
446 2335 474 2395 so
504 2335 605 2395 vieler
634 2335 792 2395 Gestalten

851 2341 907 2401 wie
940 2347 1014 2407 den,
1048 2347 1080 2407 da
1123 2347 1179 2407 der
1222 2348 1352 2408 plötzlich
1400 2349 1634 2409 vereinsamte,
1658 2351 1868 2411 todgeweihte

183 2374 215 2434 see
244 2374 300 2434 (die
324 2374 399 2434 drei
418 2374 578 2434 Einakter
602 2374 809 2434 umspannt),

858 2384 949 2444 junge
978 2384 1097 2444 Mensch
1126 2389 1313 2449 aufgerissen
1347 2389 1423 2449 wird
1452 2392 1538 2452 durch
1567 2392 1619 2452 den
1653 2392 1791 2452 Marsch,
1811 2391 1858 2451 den

185 2413 245 2473 nitt
274 2416 325 2476 das
363 2413 485 2473 Leben,
509 2413 556 2473 die
584 2415 791 2475 bewegenden

854 2425 906 2485 sein
945 2428 1113 2488 wissender
1142 2428 1276 2488 Freund
1310 2428 1367 2488 von
1406 2428 1458 2488 der
1488 2432 1617 2492 Straße
1646 2431 1876 2491 hinaufpfeift,

215 2455 336 2515 ganzen
369 2455 490 2515 Epoche
524 2455 584 2515 und
613 2455 678 2515 ihre
706 2451 799 2511 Aus¬

854 2467 888 2527 um
938 2467 987 2527 ihn
1027 2468 1056 2528 zu
1096 2468 1299 2528 ermutigen.
1339 2470 1412 2530 Wie
1443 2471 1541 2531 fließt
1571 2473 1606 2533 da
1641 2473 1749 2533 heiße,
1774 2472 1872 2532 junge

183 2493 207 2553 zu
241 2493 360 2553 geben,
385 2493 437 2553 das
471 2491 509 2551 ist
538 2493 653 2553 einfach
682 2493 797 2553 genial

856 2503 940 2563 Liebe
965 2507 1019 2567 zum
1059 2505 1176 2565 Leben,
1192 2508 1443 2568 Tragikomödie
1469 2511 1517 2571 des
1547 2511 1734 2571 Schicksals,
1750 2508 1863 2568 Wissen

190 2530 319 2590 fachheit
339 2529 386 2589 bei
411 2529 540 2589 höchster
565 2531 795 2591 Kompliziert¬

849 2544 886 2604 um
929 2544 975 2604 den
1008 2547 1073 2607 Tod
1102 2545 1125 2605 in
1158 2546 1209 2606 der
1238 2550 1369 2610 Jugend
1398 2550 1575 2610 zusammen
1608 2550 1636 2610 in
1664 2548 1735 2608 eine
1758 2549 1870 2609 Melo¬

182 2573 202 2633 i
227 2571 291 2631 und
326 2571 380 2631 des
421 2571 694 2631 revolutionären
734 2568 798 2628 Ge¬

849 2583 909 2643 die,
943 2583 970 2643 so
1018 2586 1265 2646 unvergeßlich,
1299 2586 1359 2646 wie
1402 2587 1453 2647 die
1496 2589 1645 2649 Sorma,
1679 2590 1729 2650 die
1772 2589 1865 2649 holde

859 2625 1027 2685 Christine,
1051 2625 1097 2685 die
1125 2625 1214 2685 keine
1242 2626 1504 2686 Oesterreicherin
1542 2628 1611 2688 war
1640 2631 1700 2691 und
1733 2628 1864 2688 dennoch

181 2648 284 2708 hleier
310 2648 466 2708 gelüftet,
482 2647 601 2707 immer
623 2646 690 2706 jene
717 2645 799 2705 Ein¬

847 2664 892 2724 die
948 2667 1236 2727 nachschöpferische
1292 2668 1499 2728 Vollendung
1576 2672 1677 2732 dieser
1738 2669 1864 2729 Gestalt

183 2687 216 2747 ne
249 2687 386 2747 Dunkel
415 2687 467 2747 der
501 2687 619 2747 Seelen
657 2686 700 2746 sich
738 2686 799 2746 und

855 2705 1068 2765 Schnitzlers.

185 2724 255 2784 rern
289 2726 449 2786 geöffnet.
478 2726 549 2786 Und
577 2726 690 2786 immer
720 2726 794 2786 wird

926 2753 996 2813 Man
1032 2756 1087 2816 hat
1108 2756 1285 2816 Schnitzler
1316 2756 1514 2816 nachgesagt,
1535 2759 1580 2819 die
1611 2760 1732 2820 Tragik
1759 2759 1864 2819 seiner

177 2766 350 2826 bezeichnet
379 2765 470 2825 durch
504 2765 590 2825 zwei
615 2765 797 2825 Gestalten,

850 2795 1003 2855 Gestalten
1047 2797 1147 2857 werde
1181 2797 1364 2857 gemindert
1393 2798 1478 2858 durch
1513 2799 1584 2859 ihre
1614 2799 1781 2859 Vorteile,
1806 2799 1863 2859 zur

180 2804 212 2864 sen
241 2802 344 2862 Herrn
377 2804 409 2864 v.
424 2804 508 2864 Sala
537 2804 560 2864 im
603 2804 786 2864 „Einsamen

852 2834 1080 2894 „Gesellschaft“
1142 2838 1176 2898 zu
1228 2837 1390 2897 gehören.

1442 2837 1623 2897 Seltsamer
1672 2837 1862 2897 Vorwurf!

177 2843 214 2903 sen
248 2843 369 2903 Grund
403 2843 454 2903 des
492 2843 627 2903 dunklen
661 2843 787 2903 Teiches

843 2872 1021 2932 Christine,
1046 2875 1189 2935 Mizzie,
1209 2872 1302 2932 selbst
1328 2875 1381 2935 der
1411 2875 1633 2935 vielwissende
1669 2878 1870 2938 Medardus,

177 2881 195 2941 r
223 2881 318 2941 macht
341 2881 423 2941 nicht
441 2881 527 2941 einem
569 2881 678 2941 Sohn,
697 2881 792 2941 macht

849 2914 907 2974 sind
937 2914 971 2974 sie
1001 2914 1079 2974 nicht
1100 2916 1207 2976 Volk?
1252 2914 1389 2974 Freilich
1419 2917 1468 2977 ihr
1493 2917 1600 2977 Boden
1636 2919 1669 2979 ist
1694 2917 1782 2977 durch
1807 2915 1860 2975 ge¬

206 2921 278 2981 frei,
297 2920 373 2980 weil
397 2920 428 2980 er
456 2920 515 2980 aus
548 2920 647 2980 seiner
670 2920 793 2980 Vater¬

843 2953 920 3013 naue
957 2953 1107 3013 Grenzen
1153 2956 1332 3016 bestimmt.
1382 2956 1468 3016 Aber
1510 2957 1556 3017 die
1597 2956 1857 3016 Sublimierung

214 2959 470 3019 Lebenswärme
494 2959 540 3019 sich
569 2959 676 3019 steblen
709 2959 793 3019 will:

844 2992 927 3052 ihrer
951 2993 1091 3053 Gefühle
1120 2995 1217 3055 macht
1241 2997 1264 3057 ja
1298 2993 1353 3053 erst
1377 2995 1423 3055 die
1452 2997 1507 3057 aus
1541 2998 1592 3058 dem
1634 2995 1760 3055 Gefühl
1784 2995 1863 3055 aus¬

180 2995 231 3055 etzt
250 3001 367 3061 wieder
391 2998 432 3058 ein
461 2998 596 3058 besseres
620 2998 792 3058 Geschlecht

843 3032 1016 3092 strömende
1044 3034 1231 3094 dichterische
1260 3034 1423 3094 Weisheit
1452 3037 1601 3097 möglich,
1625 3037 1666 3097 die
1695 3037 1751 3097 das
1784 3034 1858 3094 dich¬

209 3038 354 3098 Haltung
396 3037 456 3097 und
492 3037 639 3097 weniger
671 3037 776 3097 Geist.

843 3072 964 3132 terische
988 3075 1217 3135 Vermächtnis
1246 3075 1437 3135 Schnitzlers
1466 3075 1643 3135 bestimmt.
1676 3075 1751 3135 Wie
1779 3075 1858 3135 viele

214 3077 406 3137 Erfahrung
435 3075 522 3135 eines
551 3075 720 3135 Dichters,
739 3075 787 3135 ber

851 3114 1009 3174 Schicksale
1048 3114 1113 3174 und
1155 3114 1211 3174 wie
1244 3115 1479 3175 mannigfacher
1507 3115 1572 3175 Art
1601 3116 1661 3176 sind
1695 3114 1723 3174 im
1770 3114 1863 3174 Werk

194 3117 366 3177 „Verweile
396 3114 502 3174 doch!“
531 3114 660 3174 zurufen
694 3114 795 3174 kann,

181 3156 294 3216 lichkeit
316 3158 471 3218 allzusehr
493 3156 555 3216 und
576 3155 654 3215 ohne
675 3153 794 3213 Unter¬

843 3154 1029 3214 Schnitzlers
1074 3156 1275 3216 schicksalhaft
1310 3156 1497 3216 verbunden
1541 3156 1634 3216 durch
1664 3157 1762 3217 Logik
1797 3156 1850 3216 des

2093 944 2232 1004 meinden
2270 944 2329 1004 uns
2366 945 2757 1005 Gemeindederdanee..

1948 980 2132 1040 bisherigen
2165 983 2381 1043 Schätzungen
2415 985 2541 1045 beträgt
2575 984 2638 1044 die
2663 988 2872 1048 kurzfrig

1945 1019 2277 1079 Verschuldung
2315 1019 2383 1079 der
2415 1022 2691 1082 Gemeinden
2735 1025 2954 1085 einschließlich

1946 1052 1993 1112 der
2020 1058 2243 1118 kurzfristigen
2275 1059 2514 1119 Kassenkredite
2542 1066 2770 1126 ungefähr
2797 1067 2855 1127 1,5
2882 1067 2951 1127 bis

1946 1098 2007 1158 1,7
2039 1100 2319 1160 Milliarden
2356 1101 2500 1161 Mark.

1940 1213 2075 1273 Gefühls
2106 1215 2166 1275 und
2192 1216 2302 1276 Wissen
2333 1218 2373 1278 um
2414 1219 2484 1279 das,
2505 1220 2565 1280 was
2595 1219 2696 1279 hinter
2722 1219 2771 1279 dem
2812 1220 2948 1280 Schleier

1942 1252 1991 1312 sich
2021 1255 2144 1315 begibt.
2189 1255 2258 1315 Der
2293 1258 2425 1318 Zauber
2461 1258 2509 1318 der
2540 1260 2796 1320 Persönlichkeit
2821 1261 2958 1321 Schnitz¬

1935 1292 2002 1352 lers
2046 1296 2118 1356 läßt
2157 1297 2239 1357 nicht
2278 1297 2379 1357 eine
2413 1298 2667 1358 Banalisierung
2707 1300 2793 1360 einer
2828 1298 2957 1358 Liebes¬

1940 1334 2088 1394 geschichte
2117 1336 2169 1396 zu.
2203 1335 2308 1395 Seine
2337 1335 2437 1395 Weise
2462 1337 2519 1397 vom
2563 1335 2677 1395 Leben,
2697 1338 2753 1398 von
2783 1338 2835 1398 der
2859 1338 2950 1398 Liebe

1937 1372 1995 1432 und
2024 1374 2077 1434 vom
2126 1375 2188 1435 Tod
2223 1375 2276 1435 hat
2301 1375 2348 1435 oft
2373 1378 2474 1438 etwas
2504 1377 2775 1437 Balladenhaftes
2810 1379 2959 1439 (Medar¬

1935 1413 2045 1473 dus!).
2089 1413 2151 1473 Sie
2181 1417 2287 1477 klingt
2311 1416 2373 1476 mit
2398 1417 2451 1477 der
2480 1416 2686 1476 Schwermut
2712 1417 2836 1477 Lenaus
2870 1418 2947 1478 über

1938 1452 1980 1512 ein
2019 1454 2133 1514 weites
2167 1455 2272 1515 Land.
2320 1457 2392 1517 Und
2426 1456 2525 1516 dieses
2564 1458 2664 1518 Land,
2684 1456 2808 1516 lieben,
2832 1458 2879 1518 die
2913 1458 2941 1518 es

1934 1491 2074 1551 kennen.
2110 1495 2125 1555 O
2181 1495 2215 1555 du
2252 1494 2332 1554 mein
2368 1497 2580 1557 Oesterreich!
2625 1497 2691 1557 Die
2722 1497 2842 1557 Politik
2873 1498 2943 1558 kann

1935 1532 1982 1592 dir
2006 1532 2168 1592 allerhand
2193 1535 2312 1595 antun.
2341 1535 2431 1595 Aber
2451 1538 2498 1598 die
2518 1536 2622 1596 Union
2651 1536 2699 1596 der
2723 1535 2842 1595 Geister
2866 1538 2942 1598 wird

1933 1569 2014 1629 nicht
2043 1572 2215 1632 geschieden
2264 1574 2350 1634 durch
2398 1575 2446 1635 die
2480 1576 2709 1636 rabulistischen
2748 1575 2863 1635 Künste
2897 1577 2949 1637 der

1937 1610 2074 1670 Politik.
2105 1613 2178 1673 Und
2208 1613 2232 1673 in
2262 1613 2434 1673 Schnitzler
2459 1616 2552 1676 haben
2587 1616 2645 1676 wir
2671 1616 2719 1676 den
2749 1616 2877 1676 Wiener
2902 1614 2950 1674 ge¬

1933 1649 2014 1709 liebt
2053 1651 2115 1711 und
2158 1653 2283 1713 werden
2331 1655 2384 1715 ihn
2427 1658 2552 1718 lieben,
2586 1656 2715 1716 solange
2758 1658 2825 1718 noch
2869 1654 2950 1714 diese

1934 1691 2071 1751 Stimme
2093 1691 2183 1751 eines
2211 1692 2332 1752 Cellos,
2349 1694 2471 1754 gebaut
2487 1697 2539 1757 von
2572 1697 2656 1757 einem
2699 1697 2779 1757 alten
2806 1698 2954 1758 Meister,

1933 1730 1992 1790 uns
2022 1729 2046 1789 in
2076 1732 2150 1792 Ohr
2175 1732 2239 1792 und
2264 1732 2348 1792 Herz
2368 1735 2486 1795 klingt.

2010 1768 2177 1828 Schweres
2199 1771 2252 1831 hat
2275 1771 2323 1831 der
2345 1774 2512 1834 Einsame,
2529 1774 2648 1834 Gütige
2670 1777 2729 1837 still
2751 1777 2950 1837 durchlitten.

1930 1805 2030 1865 Seine
2060 1810 2218 1870 blühende
2252 1810 2348 1870 junge
2378 1813 2512 1873 Tochter
2541 1813 2593 1873 hat
2623 1813 2656 1873 er
2686 1814 2743 1874 auf
2768 1815 2945 1875 furchtbare

1932 1846 1992 1906 Art
2021 1846 2188 1906 verloren.
2245 1849 2352 1909 Seine
2380 1852 2492 1912 Treue
2521 1852 2609 1912 ward
2638 1852 2717 1912 nicht
2740 1854 2857 1914 immer
2890 1854 2945 1914 mit

1937 1887 2040 1947 Treue
2065 1888 2212 1948 gelohnt.
2247 1891 2473 1951 Dankbarkeit
2493 1891 2546 1951 hat
2567 1891 2600 1951 er
2626 1894 2817 1954 wahrhaftig
2842 1894 2866 1954 in
2896 1891 2945 1951 ge¬

1928 1926 2038 1986 ringem
2077 1926 2250 1986 Ausmaße
2274 1929 2452 1989 gefunden.
2491 1931 2591 1991 Jetzt,
2610 1932 2643 1992 da
2673 1931 2740 1991 man
2774 1929 2807 1989 an
2836 1929 2937 1989 seinen

1930 1959 1954 2019 im
2004 1965 2167 2025 Frühling
2202 1968 2468 2028 bevorstehenden
2518 1966 2566 2026 70.
2592 1971 2799 2031 Geburtstag
2834 1970 2951 2030 bachte,

1928 2003 2036 2063 besann
2081 2004 2155 2064 man
2200 2004 2248 2064 sich
2288 2004 2347 2064 auf
2382 2005 2431 2065 die
2461 2008 2554 2068 Fülle
2584 2010 2682 2070 seiner
2717 2010 2934 2070 dramatischen

1929 2043 2039 2103 Kunst.
2075 2043 2125 2103 So
2156 2044 2232 2104 geht
2253 2045 2283 2105 es
2319 2046 2368 2106 den
2404 2048 2551 2108 deutschen
2587 2049 2840 2109 Dramatikern.
2876 2050 2941 2110 Nie

1928 2082 1977 2142 hat
2002 2082 2031 2142 er
2062 2083 2135 2143 laut
2161 2085 2303 2145 geklagt.
2343 2087 2422 2147 Sein
2457 2088 2609 2148 Schmerz
2640 2088 2802 2148 wandelte
2827 2088 2871 2148 sich

1932 2120 2079 2180 Dichtung
2113 2121 2175 2181 und
2204 2121 2380 2181 Weisheit.
2426 2123 2499 2183 Der
2529 2123 2681 2183 Wissende
2710 2126 2817 2186 istm
2852 2126 2868 2186 3

1930 2159 2038 2219 Letzter
2064 2159 2152 2219 Gruß
2182 2160 2266 2220 seine
2291 2162 2424 2222 Novelle
2449 2164 2583 2224 „Flucht
2603 2164 2627 2224 in
2657 2165 2701 2225 die

2797 2165 2925 2225 ternis"

1930 2196 1972 2256 die
1997 2200 2111 2260 gerade
2137 2199 2203 2259 jetzt
2228 2198 2280 2258 bei
2299 2201 2343 2261 S.
2362 2201 2482 2261 Fischer
2506 2204 2722 2264 herauskom¬

2793 2203 2873 2263 Was
2906 2203 2937 2263 er

1929 2234 1949 2294 in
1980 2237 2031 2297 den
2058 2240 2171 2300 reichen
2203 2239 2357 2299 Bänden,
2373 2243 2424 2303 dem
2462 2243 2575 2303 Ertrag
2601 2243 2699 2303 seines
2726 2243 2931 2303 dicherischen

1925 2276 2102 2336 Erlebens,
2122 2279 2323 2339 zurückläßt,
2339 2281 2363 2341 in
2398 2281 2491 2341 diesem
2531 2281 2722 2341 Augenblick
2752 2282 2776 2342 zu
2807 2282 2943 2342 werten,

1928 2314 2009 2374 wäre
2049 2317 2241 2377 vermessen.
2305 2318 2420 2378 Vieles
2455 2320 2599 2380 Tapfero
2638 2320 2667 2380 im
2720 2320 2846 2380 Streite
2885 2320 2937 2380 des

1930 2353 2028 2413 Tages
2063 2356 2215 2416 vollzieht
2241 2356 2284 2416 sich
2319 2356 2343 2416 in
2379 2358 2476 2418 diesen
2506 2359 2659 2419 Werken.
2699 2359 2945 2419 Bedeutender,

1925 2389 1948 2449 in
1978 2392 2073 2452 vielem
2112 2397 2360 2457 unvergänglich
2385 2397 2485 2457 bleibt
2505 2398 2595 2458 alles,
2615 2398 2677 2458 was
2701 2398 2734 2458 an
2763 2398 2806 2458 die
2826 2398 2935 2458 Ewig¬

1925 2432 2155 2492 keitstragödie
2185 2434 2234 2494 der
2264 2434 2459 2494 Menschheit
2485 2434 2592 2494 rührt.
2632 2437 2705 2497 Und
2735 2437 2788 2497 daß
2818 2440 2930 2500 gerade

1921 2470 1975 2530 das
2016 2472 2137 2532 Tiefste
2178 2473 2223 2533 sich
2264 2473 2440 2533 spielerisch
2481 2475 2646 2535 vollzieht,
2672 2478 2849 2538 bezeichnet
2889 2476 2934 2536 die

1924 2508 2059 2568 ragende
2090 2508 2175 2568 Höhe
2206 2509 2260 2569 der
2286 2513 2391 2573 Kunst
2417 2514 2502 2574 eines
2533 2516 2703 2576 Dichters,
2724 2517 2804 2577 über
2830 2517 2925 2577 dessen

1926 2547 2118 2607 Lebensbuch
2166 2549 2214 2609 die
2257 2550 2368 2610 Worte
2416 2551 2469 2611 des
2513 2553 2714 2613 Paracelsus
2762 2553 2825 2613 mit
2864 2554 2916 2614 dem

1929 2587 2175 2647 schwermütigen
2223 2589 2367 2649 rötlichen
2414 2593 2511 2653 Lichte
2553 2594 2604 2654 der
2647 2595 2764 2655 ewigen
2812 2596 2929 2656 Lampe

1918 2626 2079 2686 leuchten:

1956 2670 2003 2730 Es
2039 2675 2110 2735 war
2146 2675 2192 2735 ein
2228 2675 2346 2735 Spiel!
2388 2678 2465 2738 Was
2501 2678 2589 2738 sollt'
2620 2680 2648 2740 es
2684 2681 2802 2741 anders
2839 2682 2926 2742 sein?

1968 2702 2032 2762 Was
2066 2713 2105 2773 ist
2135 2714 2214 2774 nicht
2244 2716 2361 2776 Spiel,
2386 2717 2439 2777 das
2475 2717 2533 2777 wir
2568 2720 2626 2780 auf
2656 2721 2759 2781 Erden
2794 2722 2935 2782 treiben,

1958 2753 2023 2813 Und
2049 2753 2144 2813 schien
2180 2753 2210 2813 es
2246 2753 2311 2813 noch
2347 2755 2372 2815 so
2404 2759 2479 2819 groß
2515 2756 2575 2816 und
2606 2759 2666 2819 tief
2692 2761 2722 2821 zu
2758 2762 2843 2822 sein!

1957 2788 2021 2848 Mit
2046 2792 2159 2852 wilden
2190 2794 2461 2854 Söldnerscharen
2496 2798 2589 2858 spielt
2610 2798 2663 2858 der
2688 2796 2776 2856 eine.

1955 2828 2012 2888 Ein
2046 2831 2165 2891 andrer
2195 2832 2290 2892 spielt
2320 2833 2382 2893 mit
2406 2834 2502 2894 tollen
2536 2839 2843 2899 Abergläubischen.

1957 2868 2120 2928 Vielleicht
2144 2870 2204 2930 mit
2228 2872 2392 2932 Sonnen,
2411 2873 2557 2933 Sternen
2590 2875 2772 2935 irgendwer

1951 2906 2016 2966 Mit
2037 2908 2308 2968 Menschenseelen
2340 2911 2436 2971 spiele
2457 2914 2513 2974 ich.
2540 2912 2600 2972 Ein
2627 2914 2713 2974 Sinn

1954 2947 2039 3007 Wird
2069 2947 2126 3007 nur
2155 2947 2212 3007 von
2247 2949 2294 3009 dem
2338 2950 2510 3010 gefunden,
2535 2953 2582 3013 der
2612 2953 2660 3013 ihn
2689 2956 2779 3016 sucht.

1948 2983 1991 3043 Es
2020 2987 2130 3047 fließen
2161 2987 2352 3047 ineinander
2382 2990 2492 3050 Traum
2531 2992 2594 3052 und
2623 2992 2767 3052 Wächen,

1951 3026 2112 3086 Wahrheit
2138 3028 2194 3088 und
2225 3028 2321 3088 Lüge.
2357 3030 2544 3090 Sicherheit
2565 3031 2601 3091 ist
2621 3032 2793 3092 nirgends.

1950 3061 2016 3121 Wir
2046 3066 2142 3126 wissen
2176 3066 2267 3126 nichts
2296 3066 2354 3126 von
2383 3069 2522 3129 andern,
2542 3069 2638 3129 nichts
2662 3070 2720 3130 von
2749 3073 2835 3133 uns;

1951 3105 2017 3165 Wir
2039 3108 2150 3168 spielen
2179 3108 2312 3168 immer,
2329 3108 2396 3168 wer
2424 3108 2452 3168 es
2481 3110 2574 3170 weiß,
2597 3111 2631 3171 ist
2653 3112 2736 3172 klug.

2387 3159 2511 3219 Julius
2535 3162 2682 3222 Ferdina
