3436 4352
236 289 359 349 12.
413 288 1006 348 Schnitzlers
1080 291 1308 351 Death

1524 288 1651 348 box
1724 291 1908 351 42/8

1891 1778 1929 1838 mn
1946 1780 1995 1840 dane

258 1822 425 1882 auflenten,
462 1826 656 1886 Advokaten,
693 1831 855 1891 Künstlern
903 1835 934 1895 u.
971 1837 1017 1897 a.,
1050 1837 1102 1897 der
1139 1839 1191 1899 eng

1239 1843 1445 1903 aktereyklus:
1480 1846 1665 1906 „Lebendige
1705 1849 1872 1909 Stunden“
1926 1853 2053 1913 woraus
2093 1856 2200 1916 beson¬

265 1864 379 1924 ontakt
409 1864 461 1924 mit
490 1864 537 1924 den
572 1870 691 1930 Größen
730 1871 778 1931 der
812 1873 917 1933 „ersten
951 1877 1094 1937 deutschen
1128 1879 1195 1939 Bül

1236 1879 1295 1939 ders
1326 1885 1513 1945 „Literatur“
1548 1886 1726 1946 hervorragt
1747 1889 1870 1949 (1901),
1891 1891 1940 1951 das
1970 1894 2084 1954 Drama
2119 1897 2197 1957 „Det

265 1899 298 1959 e"
346 1899 394 1959 des
433 1906 678 1966 Burgtheaters,
702 1909 745 1969 die
779 1911 803 1971 in
842 1915 938 1975 seines
972 1918 1082 1978 Vaters
1116 1921 1202 1981 Haus

1239 1921 1366 1981 einsame
1401 1925 1489 1985 Weg“
1529 1925 1652 1985 (1903),
1677 1927 1725 1987 die
1755 1930 1897 1990 Komödie
1932 1936 2182 1996 „Zwischenspiel

265 1941 322 2001 us=
361 1941 418 2001 und
457 1947 639 2007 eingingen,
674 1950 875 2010 beeinflußten
914 1956 1096 2016 Schnitzlers
1135 1957 1177 2017 En

1236 1955 1361 2015 (1904);
1386 1962 1486 2022 serner
1521 1962 1544 2022 im
1593 1966 1713 2026 gleichen
1753 1968 1853 2028 Jahre
1888 1970 1950 2030 eine
1984 1971 2056 2031 neue
2085 1976 2186 2036 Einak

261 1986 393 2046 nicklung:
429 1987 525 2047 dieses
567 1991 806 2051 Jugenomilien
848 1993 949 2053 drückt
985 1998 1082 2058 seinem
1139 1998 1189 2058 spä

1241 1998 1377 2058 terreihe:
1411 2004 1689 2064 „Marionetten".
1728 2007 1817 2067 „Der
1856 2009 1949 2069 junge
1992 2013 2167 2073 Medardus

252 2022 310 2082 eren
349 2025 494 2085 Schaffen
533 2026 615 2086 nicht
645 2032 775 2092 weniger
810 2034 858 2094 den
897 2036 1042 2096 Stempel
1077 2040 1129 2100 auf
1159 2040 1211 2100 wie

1237 2038 1317 2098 dessen
1354 2040 1517 2100 Titelrotle
1543 2043 1593 2103 dem
1639 2046 1746 2106 großen
1782 2047 1874 2107 Josef
1900 2051 2001 2111 Kainz
2032 2052 2200 2112 zugedacht,

261 2064 295 2124 ein
331 2064 492 2124 ärztlicher
528 2067 643 2127 Beruf.

1234 2076 1279 2136 dem
1325 2079 1466 2139 Künstler
1503 2082 1580 2142 nicht
1613 2083 1690 2143 mehr
1728 2085 1755 2145 zu
1796 2088 1901 2148 spielen
1938 2090 2092 2150 vergönnt
2125 2093 2184 2153 war

288 2103 352 2163 Von
393 2106 559 2166 kleineren,
590 2109 690 2169 längst
721 2110 902 2170 vergessenen
948 2115 1189 2175 Frühprodukten

1244 2118 1272 2178 ist
1297 2118 1334 2178 ein
1368 2119 1487 2179 Drama
1522 2121 1574 2181 aus
1608 2121 1655 2181 den
1689 2125 1789 2185 Tagen
1823 2127 1875 2187 der
1899 2129 2057 2189 Besetzung
2086 2132 2191 2192 Wien¬

260 2144 284 2204 je
314 2141 338 2201 in
373 2144 422 2204 der
458 2147 634 2207 „Deutschen
674 2151 916 2211 Wochenschrift“
956 2154 1064 2214 (1886)
1094 2158 1147 2218 und
1177 2160 1201 2220 in

1237 2154 1317 2214 durch
1348 2159 1504 2219 Napoleon
1535 2159 1565 2219 I.
1596 2162 1767 2222 (erschienen
1803 2164 1914 2224 1909).
1945 2169 2051 2229 Diesem
2097 2171 2182 2231 Werk

258 2177 288 2237 er
320 2183 407 2243 lange
438 2186 515 2246 nicht
542 2186 618 2246 mehr
650 2189 830 2249 bestebenden
866 2195 1036 2255 Zeitschrift
1062 2198 1124 2258 „An
1155 2198 1186 2258 de

1241 2196 1325 2256 olgte
1355 2198 1438 2258 „Das
1473 2198 1556 2258 weile
1586 2201 1684 2261 Land"
1720 2201 1848 2261 (1910),
1873 2206 1936 2266 eine
1961 2210 2197 2270 Tragikomödie

261 2223 356 2283 hönen
397 2225 503 2285 blauen
549 2228 681 2288 Donau"
722 2231 833 2291 (1889)
864 2237 1021 2297 erschienen
1067 2241 1148 2301 sind,
1173 2241 1198 2301 is

1231 2234 1280 2294 des
1315 2237 1443 2297 Alterns
1483 2237 1542 2297 und
1583 2237 1661 2297 1912
1706 2243 1884 2303 „Prosessor
1924 2249 2116 2309 Bergardi",
2147 2250 2190 2310 ein

1231 2276 1409 2336 Schauspiel
1434 2279 1488 2339 aus
1518 2279 1562 2339 dem
1607 2280 1760 2340 ärztlichen
1791 2285 1909 2345 Beruf,
1929 2286 1978 2346 bei
2004 2288 2092 2348 seiner
2117 2291 2196 2351 Auf¬

250 2288 297 2348 ein
326 2292 436 2352 erstes,
456 2296 776 2356 aufsehenerregendes
810 2302 862 2362 und
896 2303 919 2363 in
953 2303 1005 2363 der
1030 2309 1197 2369 damaliger

1241 2314 1362 2374 führung
1395 2315 1446 2375 von
1484 2318 1647 2378 politischen
1680 2322 1824 2382 Gruppen
1857 2327 2109 2387 vielumstritten.
2133 2330 2175 2390 In

261 2330 310 2390 jeit
336 2332 381 2392 als
412 2334 481 2394 kühn
518 2337 734 2397 empfundenes
765 2339 870 2399 Werk:
896 2344 1123 2404 „Anatol",
1143 2347 1203 2407 eine

1234 2353 1334 2413 Jahre
1358 2353 1429 2413 1915
1464 2356 1616 2416 erschienen
1645 2359 1712 2419 drei
1732 2360 1870 2420 Einalter
1899 2365 1985 2425 unter
2009 2366 2057 2426 dem
2095 2368 2176 2428 Titel

246 2368 326 2428 keihe
367 2372 421 2432 von
462 2375 679 2435 dramatischen
725 2379 896 2439 Dialogen,
931 2380 976 2440 die
1017 2384 1072 2444 mit
1108 2386 1188 2446 ihren
1235 2391 1400 2451 „Komödie
1436 2393 1486 2453 der
1527 2394 1668 2454 Worte“,
1704 2397 1784 2457 1917
1820 2401 1880 2461 das
1921 2403 2056 2463 schwache
2097 2407 2172 2467 „Fin

246 2415 325 2475 charf
366 2411 567 2471 beobachteten
612 2415 768 2475 Menschen
818 2419 873 2479 und
919 2422 999 2482 deren
1045 2426 1195 2486 graziöser
1236 2430 1291 2490 und
1322 2431 1562 2491 Fliederbusch",
1583 2434 1658 2494 1919
1688 2437 1768 2497 „Die
1794 2441 1969 2501 Schwestern
2005 2444 2070 2504 oder
2100 2446 2170 2506 Casa

246 2454 365 2514 Sprache
410 2453 437 2513 in
481 2452 568 2512 einer
601 2454 661 2514 sast
699 2457 895 2517 spielerischen
940 2460 999 2520 Art
1038 2464 1114 2524 schon
1158 2464 1201 2524 die

1232 2470 1308 2530 nova
1347 2471 1375 2531 in
1414 2473 1524 2533 Spa“,
1558 2473 1639 2533 1921
1677 2478 1845 2538 „Komödie
1884 2481 1931 2541 der
1966 2485 2166 2545 Verführung

246 2497 376 2557 kigenart
404 2497 459 2557 von
498 2494 683 2554 Schnitzlers
711 2495 831 2555 Talent
858 2499 972 2559 zeigen.
1006 2501 1082 2561 Sein
1115 2505 1185 2565 näch

1230 2509 1286 2569 und
1328 2509 1405 2569 1925
1447 2511 1494 2571 die
1535 2518 1731 2578 dramatische
1768 2521 1944 2581 Dichtung:
1981 2525 2063 2585 „Der
2100 2528 2187 2588 Gang

240 2535 288 2595 tes
326 2535 385 2595 und
424 2539 554 2599 zugleich
592 2532 646 2592 das
684 2534 754 2594 erste
793 2538 988 2598 aufgeführte
1021 2541 1107 2601 Werk
1140 2541 1199 2601 war

1230 2548 1284 2608 zum
1336 2550 1472 2610 Weiher“

232 2574 323 2634 „Das
356 2577 523 2637 Märchen"
562 2569 691 2629 (1893).
724 2573 772 2633 In
811 2574 859 2634 der
892 2577 978 2637 gleich
1011 2580 1059 2640 den
1098 2582 1183 2642 vorge

1262 2590 1438 2650 Schnitzlers
1482 2592 1636 2652 Eigenart
1674 2595 1733 2655 und
1777 2598 1883 2658 großes
1927 2601 2050 2661 Talent
2088 2603 2162 2663 offen

227 2613 367 2673 nannten
402 2619 617 2679 Schöpfungen
657 2618 713 2678 dem
759 2616 877 2676 Wiener
912 2619 1019 2679 Milien
1059 2622 1171 2682 entnon

1230 2623 1299 2683 bart
1330 2628 1380 2688 sich
1416 2631 1496 2691 nicht
1526 2632 1656 2692 weniger
1692 2635 1717 2695 in
1758 2637 1853 2697 seinen
1894 2643 2180 2703 erzählender

231 2651 333 2711 menen
370 2659 632 2719 „Liebelei",
659 2661 771 2721 seinent
803 2660 1040 2720 meistgespelten
1081 2661 1179 2721 Schau

1229 2666 1417 2726 Werken.
1450 2667 1531 2727 1892
1558 2673 1676 2733 erschien
1716 2676 1909 2736 „Sterben",
1932 2679 1985 2739 das
2018 2682 2061 2742 die
2088 2683 2179 2743 letzter

242 2694 317 2754 piel,
339 2697 436 2757 klingt
458 2698 511 2758 das
550 2702 760 2762 Anatolmokiv
787 2699 917 2759 wieder.
945 2697 1052 2757 Dessen
1085 2700 1197 2760 Utaus¬

1227 2704 1304 2764 Tage
1328 2706 1411 2766 eines
1440 2710 1730 2770 Schwindsüchtigen
1765 2714 1817 2774 mit
1842 2717 2001 2777 scharfem,
2026 2719 2093 2779 aber
2118 2723 2171 2783 auc

231 2732 359 2792 Ahrung
390 2735 499 2795 (1895)
520 2738 550 2798 am
592 2743 798 2803 Burgtheater
825 2738 886 2798 war
913 2738 1088 2798 Schnitzters
1114 2738 1196 2798 ersten

1230 2745 1384 2805 peinlichem
1426 2748 1607 2808 Realismus
1633 2751 1783 2811 schüldert,
1804 2753 1886 2813 1891
1913 2756 1995 2816 „Die
2021 2759 2145 2819 Blumen

231 2771 337 2831 großer
379 2780 633 2840 Bübnenerfolg.

703 2780 718 2840 n
765 2780 848 2840 Wien
895 2780 988 2840 spielt
1025 2780 1092 2840 auch
1140 2780 1191 2840 das

1231 2778 1302 2838 1895
1332 2783 1409 2843 „Ein
1439 2786 1616 2846 Abschied",
1635 2789 1712 2849 1896
1742 2792 1825 2852 „Die
1849 2795 1932 2855 Frau
1962 2795 2015 2855 des
2039 2798 2145 2858 Weisen

225 2810 343 2870 nächste
378 2814 490 2874 Stück:
518 2819 704 2879 „Frewwith“
745 2816 874 2876 (1896).
897 2819 947 2879 In
987 2819 1060 2879 diese
1094 2821 1195 2881 Jahre

1227 2819 1302 2879 1897
1338 2825 1419 2885 „Der
1450 2828 1622 2888 Chrentag"
1663 2828 1718 2888 und
1754 2833 1830 2893 „Die
1866 2836 1962 2896 Toten
1998 2841 2145 2901 schweigen

224 2850 299 2910 sällt
327 2853 375 2913 die
403 2855 592 2915 Entstehung
625 2858 679 2918 des
706 2860 945 2920 „„Reigen",
972 2858 1036 2918 zehn
1075 2859 1193 2919 Szeuen

1224 2859 1298 2919 1900
1338 2864 1501 2924 „Andreas
1537 2867 1769 2927 Thalmayer“,
1794 2873 1883 2933 „Der
1914 2877 2017 2937 blinde
2052 2879 2170 2939 Geroni

217 2891 283 2951 mit
315 2892 366 2952 dem
418 2895 540 2955 gleichen
582 2900 741 2960 erotischen
778 2900 1009 2960 Grundmotw,
1040 2899 1086 2959 die
1123 2899 1194 2959 aber

1219 2900 1278 2960 mo“
1314 2900 1367 2960 wie
1394 2903 1462 2963 auch
1493 2903 1537 2963 die
1568 2906 1691 2966 Novelle
1727 2912 1905 2972 „Leutnant
1931 2914 2064 2974 Gustl";
2085 2917 2163 2977 serne

215 2927 284 2987 erst
312 2929 370 2989 viek
403 2933 500 2993 später
539 2935 673 2995 gedruckt
706 2937 759 2997 und
803 2936 905 2996 1920,
927 2938 1078 2998 durchaus
1117 2936 1191 2996 nicht
1224 2937 1251 2997 im
1305 2941 1429 3001 gleichen
1473 2942 1591 3002 Jahre:
1625 2946 1726 3006 „Frau
1770 2947 1861 3007 Berta
1906 2953 2072 3013 Garlan",
2100 2957 2153 3017 dan

217 2968 274 3028 dem
328 2969 432 3029 Willen
475 2974 527 3034 des
565 2977 706 3037 Dichters
743 2978 969 3038 entsprechend,
1001 2978 1090 3038 unter
1122 2977 1174 3037 dem
1217 2977 1306 3037 „Die
1343 2980 1511 3040 griechische
1548 2983 1721 3043 Tänzerin“
1769 2988 1895 3048 (1902),
1927 2996 2142 3056 „Weissagung

225 3010 426 3070 Widerspruch
457 3013 707 3073 rechtsstebender
732 3016 830 3076 Kreise
860 3016 1037 3076 aufgeführt
1062 3018 1180 3078 wurden

1228 3016 1344 3076 (1901),
1376 3021 1467 3081 „Das
1504 3019 1578 3079 neue
1616 3025 1700 3085 Lied"
1749 3027 1870 3087 (1005),
1902 3031 1992 3091 „Der
2030 3034 2093 3094 Tod
2126 3036 2178 3096 des

222 3046 313 3106 Rasch
341 3050 437 3110 folgen
470 3052 513 3112 die
541 3054 659 3114 weitern
692 3058 810 3118 Werke:
838 3058 930 3118 „Das
958 3056 1168 3116 Vermächtais

1225 3058 1454 3118 Junggesellen"
1498 3058 1623 3118 (1907),
1651 3064 1738 3124 „Der
1771 3067 1836 3127 tote
1869 3068 2016 3128 Gabriel"
2060 3073 2152 3133 (1908

235 3085 347 3145 1897),
376 3091 420 3151 die
449 3091 517 3151 drel
546 3094 715 3154 Einakter:
744 3096 992 3156 „Paracelsus",
1021 3096 1100 3156 „Die
1134 3094 1190 3154 Ge¬

1232 3097 1311 3157 „Das
1343 3097 1496 3157 Tagebuch
1523 3100 1570 3160 der
1603 3103 1793 3163 Redegonda"
1830 3104 1956 3164 (1909),
1978 3112 2063 3172 „Der
2090 3114 2163 3174 Mö¬

220 3126 381 3186 fährtin",
406 3129 489 3189 „Der
514 3132 609 3192 grüne
640 3133 778 3193 Kakadu"
820 3132 940 3192 (1893),
965 3134 1018 3194 sein
1049 3135 1192 3195 Drama:
1217 3133 1288 3193 der"
1319 3134 1445 3194 (1910),
1463 3139 1637 3199 „Treisache
1656 3143 1835 3203 Warnung"
1872 3147 1925 3207 und
1950 3154 2154 3214 „Hirtenslöte

217 3168 307 3228 „Der
334 3168 470 3228 Schleier
503 3171 550 3231 der
583 3171 741 3231 Beatrice“
774 3171 900 3231 (1899).
927 3175 1005 3235 dann
1038 3175 1091 3235 der
1118 3173 1191 3233 Ein=
1229 3175 1356 3235 (1911).
1377 3177 1477 3237 „Frau
1509 3179 1609 3239 Beate
1637 3181 1694 3241 und
1727 3182 1768 3242 ihr
1796 3186 1906 3246 Sohn"
1944 3192 2065 3252 (1913),
2087 3199 2176 3259 „Dok

2220 2410 2263 2470 tor
2297 2415 2446 2475 Gräsler,
2475 2422 2640 2482 Badearzt"
2680 2423 2801 2483 (1917),
2829 2434 3034 2494 „Casanovas
3073 2437 3183 2497 Heim¬

2222 2451 2318 2511 fahrt"
2358 2456 2482 2516 (1918).
2511 2462 2607 2522 „Frl.
2630 2461 2708 2521 Else"
2748 2467 2878 2527 (1924),
2901 2475 2985 2535 „Die
3015 2476 3093 2536 Frau
3133 2476 3178 2536 des

2220 2492 2372 2552 Richters“
2407 2494 2520 2554 (1925)
2545 2500 2598 2560 und
2634 2506 2914 2566 „Traumnovelle"
2954 2512 3076 2572 (1926).
3111 2516 3179 2576 Alle

2220 2530 2291 2590 diese
2320 2532 2420 2592 Werke
2454 2536 2512 2596 sind
2546 2541 2713 2601 durchwegs
2747 2545 2866 2605 kürzere
2900 2551 3043 2611 Arbeiten
3077 2554 3182 2614 erzäh¬

2215 2568 2315 2628 lenden
2354 2575 2507 2635 Inhalts,
2532 2579 2675 2639 Novellen
2714 2582 2771 2642 und
2805 2589 3007 2649 Noveletten.
3046 2594 3180 2654 Schnitz¬

2216 2607 2271 2667 lers
2307 2613 2438 2673 einziger
2474 2616 2579 2676 großer
2620 2621 2736 2681 Roman
2782 2625 2903 2685 erschien
2949 2628 3055 2688 1908:
3091 2635 3171 2695 „Der

2214 2647 2288 2707 Weg
2320 2649 2372 2709 ins
2405 2653 2532 2713 Freie“,
2559 2657 2627 2717 eine
2659 2662 2728 2722 groß
2766 2664 2908 2724 gesehene
2941 2670 3094 2730 Synthese
3126 2673 3173 2733 des

2219 2687 2341 2747 geistigen
2379 2692 2495 2752 Wiener
2528 2698 2644 2758 Lebens
2677 2702 2729 2762 zur
2762 2705 2830 2765 Zeit
2863 2707 2910 2767 der
2943 2712 3038 2772 letzten
3070 2715 3176 2775 Jahr¬

2213 2729 2449 2789 hundertwende

2257 2765 2302 2825 Es
2332 2767 2372 2827 ist
2395 2768 2435 2828 ein
2470 2774 2736 2834 charakteristisches
2771 2782 2927 2842 Merkmal
2956 2786 3007 2846 der
3037 2789 3065 2849 so
3089 2790 3175 2850 zahl¬

2219 2804 2319 2864 reichen
2355 2809 2461 2869 Werke
2492 2815 2688 2875 Schnitzlers,
2720 2817 2765 2877 die
2795 2819 2845 2879 dem
2896 2825 3023 2885 Wiener
3059 2829 3169 2889 Milien

2214 2846 2426 2906 entstammen,
2452 2850 2508 2910 daß
2550 2852 2591 2912 sie
2623 2855 2746 2915 zumeist
2778 2860 2886 2920 Bilder
2923 2864 2974 2924 der
3011 2867 3083 2927 Zeit
3115 2866 3171 2926 aus

2214 2882 2263 2942 des
2304 2886 2439 2946 Dichters
2480 2890 2621 2950 jüngeren
2667 2897 2782 2957 Jahren
2828 2900 2938 2960 geben.
2979 2905 3074 2965 Einer
3114 2906 3174 2966 viel

2213 2924 2390 2984 sorgloseren
2430 2927 2484 2987 und
2524 2932 2815 2992 unbekümmerteten
2855 2938 2953 2998 Welt.
2983 2942 3032 3002 als
3067 2946 3096 3006 es
3131 2945 3175 3005 die

2214 2962 2329 3022 beutige
2360 2965 2404 3025 ist.
2435 2965 2505 3025 Nur
2536 2969 2646 3029 wenige
2677 2973 2772 3033 seiner
2802 2977 2907 3037 Werke
2933 2982 3033 3042 hallen
3069 2983 3094 3043 in
3130 2986 3169 3046 ei¬

2211 3001 2260 3061 nem
2305 3004 2432 3064 schrillen
2472 3007 2535 3067 Ton
2575 3008 2648 3068 aus,
2673 3011 2717 3071 die
2752 3015 2865 3075 meisten
2905 3022 3071 3082 verklingen
3111 3024 3165 3084 und

2211 3043 2431 3103 verdämmern.
2460 3046 2551 3106 Seine
2585 3047 2680 3107 weiche
2710 3051 2771 3111 und
2801 3054 2892 3114 dahei
2921 3057 2964 3117 oft
2993 3064 3170 3124 spielerisch¬

2206 3082 2407 3142 Behandlung
2446 3085 2495 3145 der
2530 3087 2691 3147 Probleme
2726 3091 2794 3151 läßt
2824 3098 2990 3158 Schnitzler
3030 3103 3073 3163 als
3108 3103 3162 3163 den

2208 3121 2473 3181 ausgesprochenen
2508 3126 2738 3186 österreichischen
2774 3131 2891 3191 Dichter
2917 3139 3093 3199 erscheinen,
3113 3140 3162 3200 den

2209 3159 2320 3219 Dichter
2352 3160 2433 3220 eines
2469 3165 2678 3225 vergangenen
2715 3171 2827 3231 Wien,
2853 3174 2944 3234 dessen
2991 3182 3169 3242 Landschaft

2292 3201 2471 3261 Umgebung
2505 3204 2529 3264 in
2569 3206 2660 3266 seinen
2699 3210 2820 3270 Werken
2860 3215 3000 3275 lebendig
3034 3222 3125 3282 wird.
