3392 4352
1473 307 1606 367 box
1686 307 1922 367 43/26

381 319 961 379 Schnitzler's
1038 312 1265 372 Death

193 324 317 384 12.

1984 709 2006 769 2

339 768 565 828 Journal

1974 784 2055 844 Siene
2069 795 2082 855 :

338 819 623 879 milwaukee
672 814 756 874 wis

1412 834 1513 894 .

574 871 658 931 Nov
706 867 860 927 21-21

2805 869 3021 929 .

1737 944 1843 1004 A
1867 948 1894 1008 la
1909 950 2045 1010 mantire
2067 955 2139 1015 de..

1771 978 1826 1038 Les
1852 983 2008 1043 Goncourt
2034 989 2086 1049 ont
2112 991 2172 1051 fait
2194 995 2272 1055 école
2298 997 2310 1057 ;
2354 1001 2470 1061 Ardhur

1742 1013 1922 1073 Schnitzler,
1939 1019 1985 1079 lui
2002 1022 2098 1082 aussi,
2115 1025 2123 1085 a
2148 1027 2232 1087 lairsé
2258 1030 2303 1090 son
2333 1033 2475 1093 Journal,

394 1040 438 1100 In
484 1034 754 1094 Printing
814 1026 1028 1086 House
1074 1020 1311 1080 Square

1738 1047 1899 1107 qvra
1927 1052 2021 1112 rester
2045 1056 2143 1116 secret
2167 1063 2304 1123 jurqu'en
2337 1067 2419 1127 1950.
2439 1070 2470 1130 Il

1738 1082 1778 1142 est
1804 1083 1913 1143 précisé
1943 1088 2016 1148 dans
2042 1091 2090 1151 son
2123 1097 2291 1157 tertament
2317 1103 2368 1163 que
2402 1103 2467 1163 nul,

869 1123 1020 1183 portance
1041 1118 1074 1178 he
1096 1115 1238 1175 attached
1264 1115 1288 1175 to
1310 1113 1335 1173 it
1352 1112 1372 1172 is
1394 1109 1515 1169 evident

1743 1117 1786 1177 pas
1814 1117 1908 1177 même
1940 1121 1987 1181 son
2018 1125 2085 1185 fils,
2105 1129 2207 1189 n'aura
2239 1132 2262 1192 le
2290 1135 2368 1195 droit
2396 1138 2454 1198 d'en

300 1146 349 1206 By
382 1146 495 1206 Floyd
527 1142 596 1202 Van
635 1138 747 1198 Vuren

870 1159 938 1219 from
971 1157 1019 1217 the
1040 1155 1101 1215 fact
1117 1153 1186 1213 that
1203 1150 1235 1210 he
1256 1150 1324 1210 kept
1345 1147 1365 1207 it
1382 1147 1406 1207 in
1431 1146 1438 1206 a
1463 1145 1511 1205 box

1738 1150 1860 1210 prendre
1882 1156 2100 1216 connaissance
2122 1163 2212 1223 avant
2234 1168 2307 1228 cette
2330 1171 2414 1231 date.

237 1207 268 1267 It
291 1206 345 1266 has
368 1203 435 1263 been
463 1201 522 1261 said
549 1199 617 1259 that
640 1194 744 1254 “every
767 1192 852 1252 mod¬
880 1195 907 1255 in
939 1194 952 1254 a
989 1192 1097 1252 bank."
1143 1187 1333 1247 Schinnerer
1365 1181 1514 1241 contends

206 1249 254 1309 ern
285 1247 386 1307 lover,
404 1245 540 1305 whether
567 1240 601 1300 he
633 1237 733 1297 knows
765 1235 786 1295 it
813 1233 843 1293 or
879 1233 949 1293 that
967 1229 1059 1289 “some
1077 1225 1217 1285 generous
1235 1222 1411 1282 benefactor
1429 1217 1507 1277 could

202 1294 274 1354 not,
292 1292 396 1352 makes
419 1287 477 1347 love
500 1285 522 1345 in
555 1283 604 1343 the
627 1279 721 1339 words
744 1276 775 1336 of
799 1273 834 1333 Pe
880 1271 915 1331 do
934 1269 943 1329 a
966 1265 1101 1325 valuable
1119 1261 1227 1321 service
1246 1260 1299 1320 not
1314 1258 1381 1318 only
1404 1256 1444 1316 for
1463 1255 1512 1315 the

881 1306 1009 1366 memory
1038 1301 1066 1361 of
1087 1299 1261 1359 Schnitzler
1285 1294 1342 1354 but
1362 1293 1410 1353 for
1435 1291 1519 1351 man¬

558 1323 691 1383 trarch.”
728 1318 785 1378 For
808 1316 853 1376 600

559 1360 640 1420 years
669 1359 726 1419 and
765 1356 845 1416 more
879 1342 950 1402 kind
975 1342 1013 1402 by
1037 1337 1190 1397 providing
1219 1334 1233 1394 a
1262 1333 1309 1393 sum
1353 1330 1386 1390 of
1410 1327 1515 1387 money

879 1377 1036 1437 sufficient
1057 1374 1080 1434 to
1100 1368 1246 1428 purchase
1266 1368 1321 1428 and
1345 1365 1439 1425 endow
1467 1362 1518 1422 the

559 1397 700 1457 Petrarch
751 1395 850 1455 has
880 1416 972 1476 home
994 1411 1043 1471 and
1073 1409 1107 1469 its
1123 1407 1301 1467 collections
1316 1405 1351 1465 as
1366 1405 1379 1465 a
1401 1401 1522 1461 perma¬

556 1437 624 1497 been
657 1434 669 1494 a
697 1429 826 1489 classic,
842 1428 854 1488 a

882 1454 955 1514 nent
971 1448 1143 1508 Schnitzler
1164 1444 1273 1504 house.

557 1473 628 1533 part
650 1470 679 1530 of
701 1470 747 1530 the
773 1466 853 1526 intel

558 1509 677 1569 lectual
728 1503 862 1563 inherit¬

560 1546 638 1606 ance
670 1544 701 1604 of
730 1542 775 1602 all
803 1539 857 1599 our

561 1583 688 1643 western
735 1578 857 1638 peoples

565 1622 615 1682 and
642 1619 688 1679 his
705 1616 858 1676 influence

561 1660 588 1720 is
624 1655 651 1715 to
692 1655 727 1715 be
768 1655 857 1715 noted

1090 1657 1602 1717 te

568 1697 643 1757 upon
674 1694 718 1754 all
736 1691 851 1751 sonnet

564 1733 632 1793 eers
680 1730 764 1790 since
813 1727 861 1787 his

561 1770 652 1830 time.
695 1765 861 1825 Strangely

1391 1768 1480 1828 1931
1517 1768 1606 1828 nov.
1631 1773 1652 1833 2
1676 1774 1732 1834 5.

1086 1791 1300 1851 Megjelent:
1321 1790 1336 1850 —

561 1804 703 1864 enough,
717 1801 855 1861 however

564 1846 591 1906 in
625 1843 668 1903 all
692 1840 762 1900 that
792 1840 862 1900 time

566 1882 601 1942 he
638 1879 696 1939 has
728 1876 867 1936 never

252 1906 359 1966 Joseph
381 1903 546 1963 Auslander
575 1918 646 1978 peen
683 1915 833 1975 compete

1187 1924 1331 1984 Mégis
1356 1933 1579 1993 happy-end

217 1962 249 2022 or
271 1959 444 2019 adequately
466 1956 628 2016 translated
650 1953 714 2013 into
731 1953 850 2013 English

2135 1956 2942 2016 OBSERVERG

1048 1969 1127 2029 Mint
1157 1974 1336 2034 ismeretes,
1362 1983 1415 2043 egy
1453 1984 1608 2044 amerikai
1638 1990 1779 2050 filmgyár

213 2000 252 2060 by
278 1998 290 2058 a
317 1998 415 2058 single
437 1995 523 2055 poet.
554 1992 700 2052 Chaucer
727 1989 782 2049 was
809 1989 860 2049 the

1003 2008 1175 2068 Schnitzler
1201 2016 1317 2076 Arthur
1348 2021 1434 2081 egyik
1464 2025 1658 2085 regényéböl
1680 2030 1778 2090 filmet

2216 2022 2247 2082 I.
2259 2022 2380 2082 österr.
2392 2025 2540 2085 behördl.
2551 2025 2847 2085 konzessioniertes

219 2036 288 2096 first
309 2034 335 2094 to
357 2034 502 2094 translate
524 2031 579 2091 one
606 2031 631 2091 in
657 2028 704 2088 his
730 2026 858 2086 "Troilus

1005 2047 1160 2107 készített.
1193 2052 1205 2112 A
1256 2055 1369 2115 regény
1416 2059 1465 2119 egy
1499 2067 1776 2127 osztrák-magyar

2176 2064 2408 2124 Unternehmen
2437 2066 2487 2126 für
2510 2067 2894 2127 Zeitungs-Ausschnitte

217 2075 274 2135 and
297 2072 456 2132 Cresyde,"
474 2071 527 2131 but
545 2067 575 2127 he
598 2067 664 2127 took
687 2064 717 2124 21
735 2064 810 2124 lines
833 2064 859 2124 to

1004 2088 1222 2148 hadseregbeli
1265 2097 1456 2157 katonatiset
1493 2103 1684 2163 tragédiája,
1722 2107 1777 2167 aki

221 2112 255 2172 do
281 2112 319 2172 it.
358 2109 477 2169 Wyatt,
495 2106 623 2166 Surrey.
645 2101 866 2161 Wordsworth.

2232 2122 2377 2182 WIEN,
2402 2129 2450 2189 I.,
2475 2128 2758 2188 WOLLZEILE
2799 2127 2847 2187 11

1005 2127 1289 2187 kártyaadósságál
1315 2134 1386 2194 Hem
1440 2138 1524 2198 tudja
1570 2143 1708 2203 kifizetni
1746 2145 1775 2205 és

216 2147 400 2207 Swinburne
418 2144 470 2204 and
492 2141 628 2201 Rossetti
646 2141 689 2201 all
702 2141 745 2201 did
767 2138 779 2198 a
797 2138 869 2198 few,

999 2162 1081 2222 czért
1107 2171 1371 2231 öngyilkoszgot
1397 2177 1488 2237 Rövet
1514 2180 1557 2240 el,
1579 2183 1656 2243 mert
1683 2183 1695 2243 a
1730 2184 1777 2244 se-

2318 2177 2538 2237 TELEPHON
2574 2178 2746 2238 R-23-0-43

218 2186 275 2246 but
299 2183 478 2243 apparently
507 2181 577 2241 they
606 2183 658 2243 got
687 2178 757 2238 tired
792 2177 855 2237 long

1002 2201 1088 2261 gitség
1121 2205 1212 2265 késön
1240 2213 1533 2273 éykeziAmikor
1562 2219 1570 2279 a
1603 2222 1736 2282 regényt
1754 2225 1768 2285 a

220 2222 324 2282 before
347 2222 412 2282 they
434 2218 582 2278 finished.

1001 2242 1138 2302 filmgyár
1171 2248 1386 2308 dramaturgja
1419 2255 1597 2315 szcenárium
1642 2264 1763 2324 céljaira

253 2261 275 2321 A
316 2258 502 2318 lamentable
534 2252 779 2312 circumstance,
802 2250 865 2310 cer¬

991 2281 1182 2341 átdolgozta,
1207 2288 1366 2348 eredetileg
1399 2291 1411 2351 a
1440 2294 1549 2354 regény
1583 2300 1770 2360 befejezését

222 2297 335 2357 tainly,
349 2297 398 2357 and
422 2295 476 2355 one
494 2292 584 2352 which
612 2291 671 2351 was
689 2289 857 2349 recognized

2128 2318 2347 2378 Ausschnitt
2369 2319 2452 2379 aus:

225 2335 251 2395 as
284 2335 351 2395 such
388 2335 424 2395 by
457 2330 561 2390 Joseph
602 2329 775 2389 Auslander
807 2327 861 2387 five

1000 2321 1137 2381 dolgozta
1164 2326 1212 2386 ki,
1228 2327 1275 2387 sôt
1292 2329 1323 2389 el
1339 2330 1365 2390 is
1388 2334 1561 2394 készítették
1595 2338 1604 2398 a
1626 2342 1768 2402 tragikus

220 2371 306 2431 years
326 2370 353 2430 or
374 2368 456 2428 more
476 2368 526 2428 ago
551 2366 633 2426 when
657 2365 692 2425 he
716 2365 771 2425 was
791 2365 869 2425 com¬

998 2368 1181 2428 befejezést,
1198 2375 1316 2435 amikor
1344 2380 1479 2440 azonban
1513 2384 1523 2444 a
1550 2386 1626 2446 gyár
1648 2392 1766 2452 studio¬

224 2408 312 2468 piling
348 2405 427 2465 "The
459 2404 578 2464 Winged
610 2401 738 2461 Horse,"
765 2399 777 2459 a
809 2400 870 2460 his¬

996 2410 1084 2470 jában
1121 2410 1153 2470 az
1186 2415 1361 2475 illetékesek
1403 2423 1573 2483 megnézték
1615 2428 1626 2488 a
1663 2431 1772 2491 filmel-

220 2446 283 2506 tory
311 2446 365 2506 and
393 2444 429 2504 an
457 2443 620 2503 anthology
643 2440 674 2500 of
693 2437 779 2497 poets
802 2437 856 2497 and

996 2448 1083 2508 olyan
1121 2454 1347 2514 lchangolónak
1385 2460 1507 2520 találták
1545 2464 1553 2524 a
1591 2467 1758 2527 befejczést

221 2483 346 2543 poetry,
361 2482 515 2542 primarily
534 2479 585 2539 for
604 2476 759 2536 children.
792 2474 871 2534 Aus¬

996 2487 1072 2547 hogy
1105 2494 1372 2554 megváltoztatták
1406 2497 1438 2557 és
1463 2503 1580 2563 Ramon
1613 2508 1770 2568 Novarro.

221 2521 332 2581 lander
350 2520 435 2580 found
462 2518 525 2578 that
543 2517 573 2577 he
590 2515 645 2575 had
668 2515 693 2575 to
711 2512 770 2572 stop
792 2512 860 2572 then

984 2527 1023 2587 az
1063 2527 1182 2587 osztrák
1229 2533 1423 2593 katonatiszt
1455 2542 1660 2602 szerepében,
1692 2549 1747 2609 nem

2123 2543 2231 2603 vom:

225 2559 279 2619 and
311 2556 392 2616 there
415 2556 442 2616 to
460 2553 609 2613 translate
632 2550 709 2610 some
732 2550 763 2610 of
782 2549 849 2609 them

994 2565 1089 2625 dobja
1120 2570 1150 2630 el
1172 2571 1311 2631 magától
1337 2576 1371 2636 az
1398 2577 1489 2637 életét
1502 2583 1549 2643 ...

226 2593 272 2653 for
296 2595 346 2655 his
370 2592 548 2652 immediate
577 2589 623 2649 use
656 2589 679 2649 in
708 2586 759 2646 his
783 2586 876 2646 book.

2435 2616 2579 2676 Extract
2598 2613 2666 2673 from

230 2634 288 2694 And
320 2634 388 2694 then
420 2631 474 2691 and
502 2628 601 2688 there,
620 2626 651 2686 as
674 2622 701 2682 it
724 2623 814 2683 were,
833 2623 864 2683 he

225 2670 348 2730 decided
375 2670 407 2730 to
430 2667 516 2727 make
539 2666 593 2726 the
617 2664 666 2724 317
690 2661 817 2721 sonnets
840 2659 871 2719 of

2488 2690 2609 2750 Hindu

230 2707 398 2767 Petrarch,
421 2703 602 2763 celebrating
639 2700 693 2760 the
722 2700 807 2760 story
840 2698 871 2758 of

225 2744 370 2804 Petrarch
406 2741 463 2801 and
494 2738 608 2798 Laura,
635 2736 727 2796 which
763 2735 789 2795 is
816 2734 864 2794 the

2470 2747 2632 2807 Madras

231 2782 367 2842 property
395 2780 426 2840 of
450 2777 491 2837 all
509 2777 559 2837 the
582 2774 674 2834 world
702 2774 769 2834 that
793 2771 870 2831 loves

228 2822 241 2882 a
263 2817 361 2877 lover,
375 2816 521 2876 avaflable
543 2813 568 2873 to
595 2813 710 2873 English
741 2810 874 2870 readers.

226 2857 281 2917 His
301 2855 394 2915 book,
414 2853 555 2913 "Sonnets
574 2851 602 2911 of
621 2849 800 2909 Petrarch,"
819 2846 875 2906 was

232 2894 389 2954 published
422 2891 481 2951 this
515 2888 590 2948 week
624 2888 656 2948 by
689 2888 878 2948 Longmans,

2495 2894 2521 2954 2
2619 2895 2717 2955 KOV.
2736 2905 2823 2965 1931

235 2930 330 2990 Green
358 2930 364 2990 &
399 2929 452 2989 Co.

1198 2965 1425 3025 Délibáb

265 3004 398 3064 Digging
430 3004 486 3064 into
512 3001 563 3061 the
590 2999 713 3059 literary
739 2998 873 3058 remains

1074 3010 1175 3070 Lap:

235 3043 266 3103 of
299 3042 417 3102 Arthur
445 3040 637 3100 Schnitzler,
665 3035 797 3095 recently
834 3034 884 3094 de¬

1105 3075 1359 3135 Budapest
1404 3067 1620 3127 nov.28-

238 3079 358 3139 ceased,
373 3077 415 3137 his
439 3076 593 3136 executors
612 3073 687 3133 have
711 3073 799 3133 found
828 3070 879 3130 not

235 3116 303 3176 only
334 3115 493 3175 hundreds
520 3114 550 3174 of
580 3112 684 3172 plans,
706 3109 895 3169 fragments¬

2147 3115 2343 3175 Acccding
2377 3115 2405 3175 to
2435 3112 2482 3172 the
2516 3112 2588 3172 very
2617 3112 2746 3172 detailed
2809 3111 2870 3171 last

1080 3126 1292 3186 Megjelent:

239 3153 294 3213 and
320 3150 428 3210 earlier
450 3148 583 3208 versions
601 3147 635 3207 of
652 3146 699 3206 his
721 3144 794 3204 work
825 3143 876 3203 and

2146 3147 2206 3207 Will
2234 3150 2266 3210 of
2300 3150 2416 3210 Arthur
2444 3149 2617 3209 Schnitzler
2650 3148 2719 3208 (the
2753 3147 2874 3207 famous

2603 3183 2708 3243 who

238 3186 360 3246 several
376 3187 559 3247 completed,
575 3185 778 3245 unpublished
805 3179 893 3239 man¬

2797 3184 2868 3244 died

2144 3186 2292 3246 Austrian

2384 3186 2552 3246 drämatist

2786 3219 2877 3279 must

246 3225 390 3285 uscripts,
399 3223 451 3283 but
468 3222 475 3282 a
492 3220 689 3280 tremendous
706 3219 879 3279 storehouse

2557 3222 2673 3282 diaries

2146 3224 2309 3284 recently)

2707 3259 2763 3319 not
2794 3257 2868 3317 even

239 3261 274 3321 of
287 3261 501 3321 biographical
514 3258 602 3318 data.
635 3255 678 3315 "In
701 3255 829 3315 addition
857 3253 878 3313 to

2144 3261 2199 3321 not
2226 3261 2260 3321 be
2295 3260 2360 3320 read
2399 3258 2433 3318 by
2469 3258 2628 3318 anybody,

238 3300 275 3360 an
305 3297 551 3357 autobiography
576 3292 714 3352 covering
744 3291 885 3351 approxi¬

2140 3297 2179 3357 by
2215 3297 2258 3357 his
2290 3297 2338 3357 son
2374 3295 2541 3355 Heinrich,
2568 3295 2629 3355 who
2661 3297 2687 3357 is
2718 3295 2753 3355 an
2785 3294 2868 3354 actor

2142 3332 2198 3392 and
2228 3333 2331 3393 stages
2357 3332 2443 3392 plays
2469 3332 2499 3392 in
2533 3332 2653 3392 Berlin.
2680 3329 2735 3389 His
2761 3329 2872 3389 diaries

239 3335 352 3395 mately
376 3335 425 3395 the
449 3332 516 3392 first
540 3332 567 3392 25
590 3329 681 3389 years
700 3329 731 3389 of
754 3329 804 3389 his
823 3327 890 3387 life,

2145 3368 2228 3428 until
2254 3368 2320 3428 1899
2350 3368 2433 3428 must
2459 3368 2513 3428 not
2542 3368 2576 3428 be
2605 3368 2764 3428 published
2798 3365 2877 3425 until

244 3374 252 3434 a
287 3372 386 3432 record
421 3371 477 3431 and
508 3367 746 3427 interpretation
781 3365 815 3425 pf
837 3365 889 3425 his

2146 3404 2251 3464 twenty
2284 3404 2369 3464 years
2394 3404 2478 3464 after
2503 3404 2548 3464 his
2577 3404 2678 3464 death,
2699 3404 2747 3464 the
2772 3403 2873 3463 others

242 3410 379 3470 dreams,
401 3408 434 3468 an
468 3404 634 3464 enormous
664 3401 819 3461 collection
852 3401 885 3461 of

2145 3441 2199 3501 not
2220 3443 2303 3503 until
2321 3443 2425 3503 forty.
2446 3440 2504 3500 The
2530 3442 2767 3502 autobiography
2797 3440 2876 3500 must

243 3447 518 3507 correspondence,
535 3443 571 3503 he
596 3442 668 3502 kept
693 3440 705 3500 a
730 3440 814 3500 diary
839 3437 883 3497 for

1098 3435 1326 3495 POSTIUMUS
1348 3452 1582 3512 SCIINITZLER

1146 3476 1274 3536 FILM:

2142 3477 2198 3537 not
2224 3480 2335 3540 appear
2357 3479 2408 3539 for
2434 3476 2549 3536 twenty
2580 3479 2682 3539 years,
2700 3479 2755 3539 and
2790 3476 2876 3536 with¬

243 3485 294 3545 the
325 3482 385 3542 last
411 3482 442 3542 40
468 3480 558 3540 years
584 3479 619 3539 of
645 3476 696 3536 his
723 3476 800 3536 life."
848 3473 882 3533 So

2145 3514 2205 3574 out

2282 3516 2338 3576 any
2428 3515 2614 3575 alterations
2675 3515 2707 3575 or
2797 3512 2878 3572 cuta.

248 3520 344 3580 writes
365 3520 432 3580 Otto
453 3518 486 3578 P.
499 3517 687 3577 Schinnerer
708 3512 729 3572 in
754 3512 762 3572 a
784 3512 888 3572 recent

1195 3536 1321 3596 nhne
1349 3543 1383 3603 di
1434 3548 1447 3608 a
1539 3555 1552 3615 a

2141 3550 2254 3610 Among
2290 3553 2333 3613 his
2361 3550 2470 3610 papers
2530 3550 2584 3610 are
2612 3550 2690 3610 some
2753 3550 2874 3610 one-act

248 3556 321 3616 issue
352 3556 382 3616 of
408 3554 455 3614 the
481 3553 615 3613 Nation.
651 3549 728 3609 This
754 3548 836 3608 diary
867 3547 888 3607 is

1098 3571 1197 3631 hunyt
1210 3579 1343 3639 dosztrák
1382 3586 1451 3646 iró:
1477 3596 1592 3656 Arthur

2149 3588 2251 3648 plays,
2269 3587 2357 3647 which
2389 3586 2561 3646 Schnitzler
2584 3586 2632 3646 did
2659 3586 2712 3646 not
2735 3586 2814 3646 allow
2846 3589 2872 3649 to

243 3595 299 3655 not
321 3595 346 3655 to
368 3595 398 3655 be
420 3589 574 3649 published
601 3589 643 3649 for
665 3586 695 3646 50
717 3586 820 3646 years,
837 3583 888 3643 but

1095 3611 1261 3671 Schnitler
1280 3626 1508 3686 hátrahagvott
1531 3637 1600 3697 kéz-

2145 3625 2179 3685 be
2205 3625 2377 3685 performed
2412 3623 2519 3683 during
2550 3625 2592 3685 his
2619 3622 2769 3682 lNetime,
2825 3623 2876 3683 for

243 3632 435 3692 Schnitzler,
448 3628 514 3688 says
531 3624 736 3684 Schinnerer,
754 3622 811 3682 “did
837 3619 887 3679 not

2145 3661 2290 3721 personal
2319 3661 2371 3721 and
2412 3661 2530 3721 artistic
2567 3658 2712 3718 reasons;
2741 3669 2798 3729 and
2835 3661 2862 3721 al

1091 3653 1251 3713 irataiöz
1323 3662 1374 3722 egy
1394 3672 1592 3732 hangosfilm-

248 3670 385 3730 consider
412 3667 434 3727 it
457 3664 630 3724 impossible
657 3661 723 3721 that
745 3658 771 3718 it
794 3657 891 3717 might

2147 3697 2223 3757 most
2249 3697 2397 3757 conplete
2422 3697 2489 3757 MS.
2509 3697 2542 3757 of
2567 3697 2615 3757 the
2639 3697 2730 3757 play,
2774 3684 2875 3744 “The

245 3706 327 3766 some
355 3706 410 3766 day
438 3703 469 3763 be
497 3700 670 3760 considered
702 3694 785 3754 more
813 3693 895 3753 valu¬

1084 3693 1314 3753 szcenáriumbt
1338 3704 1362 3764 is
1387 3712 1537 3772 találtak.

2150 3731 2256 3791 Word”
2287 3732 2504 3792 (“Procession
2536 3732 2566 3792 of
2594 3732 2753 3792 Shadows”
2789 3732 2810 3792 is
2838 3734 2877 3794 its

238 3745 310 3805 able
333 3743 398 3803 than
427 3741 471 3801 his
488 3738 598 3798 works.
627 3735 693 3795 How
727 3732 809 3792 much
832 3732 887 3792 im¬

2142 3768 2230 3828 other
2251 3768 2357 3828 title);
2378 3768 2430 3828 and
2459 3769 2536 3829 some
2561 3771 2662 3831 drafts
2682 3769 2715 3829 of
2736 3770 2747 3830 a
2772 3768 2873 3828 drama

2148 3807 2268 3867 dealing
2304 3804 2369 3864 with
2400 3807 2449 3867 the
2480 3808 2586 3868 period
2622 3807 2651 3867 of
2682 3807 2732 3867 the
2768 3807 2868 3867 Thirty

2150 3843 2261 3903 Years'
2289 3842 2367 3902 War.
