3436 4352
218 292 295 352 2.
356 296 953 356 Schnitzler's
1024 295 1248 355 Death

1474 297 1597 357 box
1677 297 1856 357 42/6

918 992 1143 1052 Ausschnitt
1168 992 1236 1052 aus

1244 1060 1423 1120 MSENEA
1461 1040 1669 1100 TAESEUE

915 1215 1025 1275 vom:

1163 1250 1260 1310 22.
1291 1240 1408 1300 OKT.
1429 1235 1536 1295 1931

999 1500 1197 1560 Arthur
1242 1500 1497 1560 Schnitzler

989 1561 1108 1621 Wien,
1133 1564 1187 1624 21.
1217 1563 1272 1623 (E.
1296 1565 1356 1625 D.)
1381 1562 1507 1622 Arthur
1538 1565 1718 1625 Schnitzler

922 1607 959 1667 ist
986 1605 1081 1665 heute
1114 1607 1150 1667 um
1199 1605 1273 1665 ¼19
1306 1609 1369 1669 Uhr
1396 1608 1486 1668 einem
1530 1610 1720 1670 Schlagan¬

931 1657 989 1717 fall
1010 1655 1132 1715 erlegen
1175 1655 1349 1715 Schnitzler
1376 1655 1450 1715 war
1477 1655 1503 1715 in
1535 1655 1587 1715 den
1620 1655 1720 1715 Nach¬

924 1700 1179 1760 mittagstunden
1220 1700 1290 1760 eben
1331 1700 1385 1760 von
1426 1700 1511 1760 einem
1562 1701 1717 1761 Spazier¬

925 1747 1005 1807 gang
1038 1744 1059 1804 in
1093 1744 1174 1804 seine
1196 1745 1369 1805 Wohnung
1397 1744 1651 1804 zurückgrkehrt,
1668 1745 1716 1805 als

917 1792 954 1852 er
992 1792 1050 1852 vom
1098 1792 1236 1852 Schlage
1274 1790 1412 1850 gerührt
1444 1790 1630 1850 bewußtlos
1668 1789 1720 1849 zu¬

926 1837 1191 1897 sammenbrach.
1218 1835 1260 1895 Er
1293 1834 1398 1894 starb,
1425 1836 1510 1896 ohne
1553 1834 1610 1894 das
1659 1833 1722 1893 Be¬

923 1882 1080 1942 wußtsein
1113 1882 1244 1942 erlangt
1272 1882 1298 1942 zu
1331 1882 1450 1942 haben.

985 1930 1059 1990 Dr.
1077 1930 1251 1990 Schnitzlen
1287 1927 1350 1987 war
1386 1927 1443 1987 seit
1467 1924 1617 1984 längerer
1647 1926 1721 1986 Zeit

922 1974 1143 2034 herzleidend.
1159 1971 1226 2031 Vor
1252 1973 1324 2033 drei
1345 1974 1468 2034 Jahren
1500 1971 1607 2031 endete
1634 1971 1716 2031 seine

922 2020 1056 2080 Tochter
1098 2019 1124 2079 in
1166 2019 1332 2079 Venedig,
1358 2019 1404 2079 wo
1441 2018 1482 2078 sie
1514 2016 1581 2076 mit
1613 2016 1700 2076 einem

923 2067 1144 2127 italienischen
1198 2067 1333 2127 Offizier
1382 2061 1587 2121 verheiratet
1636 2061 1706 2121 war

922 2111 1017 2171 durch
1056 2110 1284 2170 Selbstmord.
1311 2109 1385 2169 Von
1428 2109 1529 2169 diesem
1582 2109 1726 2169 Schlage

923 2159 1042 2219 konnte
1076 2158 1124 2218 sich
1169 2156 1217 2216 der
1256 2155 1403 2215 Dichter,
1436 2156 1484 2216 der
1524 2153 1599 2213 auch
1638 2153 1725 2213 sonst

924 2201 950 2261 in
993 2204 1098 2264 seinem
1146 2201 1357 2261 Privatleben
1400 2201 1484 2261 nicht
1522 2198 1579 2258 von
1622 2198 1717 2258 Glüch

925 2249 1115 2309 begünstigt
1143 2247 1208 2307 war
1236 2245 1246 2305 —
1302 2245 1356 2305 von
1395 2246 1492 2306 seiner
1521 2244 1607 2304 Frau
1646 2243 1727 2303 lebte

923 2297 955 2357 er
983 2295 1184 2355 geschieden,
1207 2294 1272 2354 eine
1305 2291 1430 2351 Dame,
1453 2289 1502 2349 die
1530 2290 1578 2350 ihm
1623 2288 1725 2348 nahe¬

924 2341 1094 2401 gestanden
1146 2338 1239 2398 war,
1281 2335 1374 2395 erlitt
1421 2335 1503 2395 einen
1556 2335 1715 2395 tödlichen

932 2386 1266 2446 Kraftwagenunfall
1283 2383 1293 2443 —
1332 2380 1412 2440 nicht
1429 2382 1514 2442 mehr
1537 2380 1618 2440 recht
1634 2379 1725 2439 erho¬

925 2433 995 2493 len.
1012 2431 1055 2491 Er
1083 2431 1197 2491 alterte
1220 2429 1394 2489 zusehends
1422 2428 1487 2488 und
1515 2430 1564 2490 zog
1591 2428 1640 2488 sich
1674 2424 1727 2484 seit

927 2476 1083 2536 längerer
1105 2476 1180 2536 Zeit
1202 2476 1256 2536 vom
1299 2473 1585 2533 gesellschaftlichen
1618 2471 1709 2531 Leben

926 2527 1137 2587 vollkommen
1170 2522 1291 2582 zurück.
1308 2521 1376 2581 Erst
1398 2521 1423 2581 in
1451 2519 1503 2579 der
1525 2518 1625 2578 letzten
1652 2518 1726 2578 Zeit

928 2573 1022 2633 schien
1050 2570 1081 2630 er
1108 2568 1160 2628 sich
1192 2568 1308 2628 wieder
1330 2566 1377 2626 ein
1409 2565 1509 2625 wenig
1536 2563 1726 2623 aufgerafft

933 2618 957 2678 zu
998 2616 1124 2676 haben,
1150 2616 1210 2676 und
1246 2613 1322 2673 man
1357 2610 1408 2670 sah
1449 2612 1493 2672 ihn
1535 2609 1726 2669 manchmal

1770 2628 1867 2688 zeigte
1889 2630 1944 2690 sich
1973 2631 2021 2691 bei
2043 2631 2091 2691 ihm
2141 2629 2210 2689 auch
2239 2628 2287 2688 bei
2316 2628 2385 2688 allem
2435 2628 2610 2688 spöttischen

929 2661 955 2721 im
1004 2661 1166 2721 Theater,
1188 2660 1247 2720 das
1285 2658 1312 2718 er
1356 2658 1431 2718 auch
1475 2659 1550 2719 noch
1594 2656 1713 2716 gestern

1765 2676 2013 2736 pessimistischen
2053 2676 2202 2736 Humor,
2224 2674 2279 2734 den
2318 2673 2368 2733 der
2401 2674 2528 2734 Dichter
2562 2670 2611 2730 den

929 2711 1032 2771 abend
1061 2709 1222 2769 besuchte.

1764 2722 1891 2782 Dingen
1923 2721 1976 2781 des
2008 2718 2130 2778 Lebens
2157 2721 2464 2781 entgegenbrachte,
2480 2718 2548 2778 eine
2575 2716 2628 2776 be¬

1772 2765 1901 2825 sondere
1929 2765 2086 2825 Vorliebe
2114 2765 2167 2825 für
2195 2764 2324 2824 schwere
2352 2762 2627 2822 Menschenschick¬

928 2774 1031 2834 Unter
1061 2772 1113 2832 dem
1160 2770 1287 2830 frischen
1317 2768 1479 2828 Eindruck
1509 2765 1560 2825 der
1590 2763 1728 2823 erschüt¬

1770 2813 1851 2873 sale,
1878 2813 1970 2873 meist
2003 2810 2079 2870 auch
2117 2810 2143 2870 in
2187 2810 2241 2870 der
2285 2810 2620 2870 Gegenüberstellung

866 2819 996 2879 ternden
1030 2817 1307 2877 Todesnachricht
1330 2813 1386 2873 das
1415 2813 1640 2873 Gesamtwerk
1663 2809 1725 2869 Ar¬

1769 2858 1845 2918 oder
1868 2855 2227 2915 Aneinanderreihung
2256 2857 2305 2917 der
2328 2856 2404 2916 zwei
2427 2855 2626 2915 geheimnis¬

866 2866 941 2926 thur
974 2864 1169 2924 Schnitzlers
1202 2861 1271 2921 auch
1311 2860 1369 2920 nur
1403 2858 1532 2918 flüchtig
1566 2858 1592 2918 zu
1630 2855 1711 2915 über

1765 2903 1867 2963 vollen
1900 2903 2117 2963 Weltmächte
2140 2900 2232 2960 Liebe
2260 2903 2319 2963 und
2352 2901 2438 2961 Tod.

859 2913 994 2973 blicken,
1017 2910 1054 2970 ist
1076 2909 1141 2969 eine
1169 2909 1228 2969 fast
1250 2904 1441 2964 unlösbare
1469 2905 1631 2965 Aufgabe.
1648 2900 1729 2960 Im¬

1826 2947 1897 3007 Von
1947 2947 2080 3007 Arthur
2125 2947 2318 3007 Schnitzlers
2363 2945 2506 3005 äußerem
2568 2941 2622 3001 Le¬

859 2957 930 3017 mer
964 2954 1084 3014 wieder
1132 2953 1305 3013 erscheinen
1354 2948 1435 3008 neue
1479 2947 1603 3007 Namen
1656 2944 1718 3004 und

1765 2993 1917 3053 bensweg
1945 2992 1982 3052 ist
2005 2992 2087 3052 nicht
2114 2992 2174 3052 viel
2197 2993 2223 3053 zu
2257 2991 2431 3051 berichten.
2448 2989 2491 3049 Er
2514 2989 2627 3049 wurde

862 3004 1015 3064 fesselnde
1047 2998 1211 3058 Gestalten
1255 2995 1312 3055 vor
1344 2995 1397 3055 dem
1451 2992 1593 3052 geistigen
1637 2991 1726 3051 Auge

1764 3037 1801 3097 am
1849 3040 1902 3100 15.
1929 3038 2008 3098 Mai
2036 3037 2110 3097 1862
2142 3037 2168 3097 in
2206 3037 2291 3097 Wien
2329 3036 2376 3096 als
2408 3034 2498 3094 Sohn
2536 3034 2620 3094 eines

865 3049 919 3109 des
950 3046 1161 3106 Betrachters
1192 3044 1256 3104 und
1287 3040 1453 3100 erweitern
1488 3037 1543 3097 das
1574 3036 1724 3096 Gesamt¬

868 3095 953 3155 bild.
976 3094 1088 3154 Dabei
1117 3089 1156 3149 ist
1185 3088 1360 3148 Schnitzler
1394 3084 1456 3144 kein
1490 3081 1721 3141 Vielschreiber
1762 3084 1880 3144 Arztes
1909 3084 2044 3144 geboren
2073 3082 2135 3142 und
2164 3083 2282 3143 ergriff
2300 3082 2446 3142 zunächst
2464 3082 2621 3142 ebenfalls

873 3143 1006 3203 gewesen
1039 3138 1102 3198 und
1135 3135 1179 3195 die
1206 3134 1294 3194 Zahl
1321 3130 1416 3190 seiner
1449 3129 1557 3189 Werke
1583 3128 1621 3188 ist
1641 3126 1730 3186 nicht
1763 3128 1813 3188 die
1846 3129 1993 3189 ärztliche
2019 3128 2211 3188 Laufbahn.
2237 3126 2313 3186 1885
2339 3126 2454 3186 wurde
2480 3126 2512 3186 er
2538 3123 2627 3183 Dok¬

1759 3174 1829 3234 tor,
1857 3174 1926 3234 1886
1959 3174 2007 3234 bis
2040 3171 2110 3231 1888
2143 3173 2212 3233 war
2240 3171 2266 3231 er
2294 3171 2547 3231 Sekundararzt
2570 3168 2596 3228 im

869 3189 951 3249 allzu
987 3187 1090 3247 groß,
1116 3183 1203 3243 wenn
1240 3179 1317 3239 man
1354 3177 1502 3237 bedenkt,
1529 3174 1585 3234 daß
1622 3171 1652 3231 er
1683 3170 1719 3230 38

1759 3219 1892 3279 Wiener
1939 3219 2166 3279 Allgemeinen
2218 3218 2481 3278 Krankenhaus,
2523 3216 2610 3276 dann

869 3234 979 3294 Jahre
1012 3231 1074 3291 auf
1102 3228 1154 3288 dem
1208 3225 1340 3285 Gebiete
1372 3220 1424 3280 der
1456 3219 1646 3279 Dichtkunst
1673 3216 1731 3276 ar¬

1760 3267 1914 3327 Assistent
1932 3265 1970 3325 an
2004 3267 2053 3327 der
2076 3266 2209 3326 Wiener
2237 3262 2420 3322 Polyklinik
2443 3264 2504 3324 und
2526 3261 2620 3321 prak¬

867 3279 980 3339 beitete
1006 3276 1068 3336 und
1099 3274 1155 3334 daß
1182 3273 1212 3333 er
1239 3270 1295 3330 seit
1317 3269 1363 3329 dem
1404 3267 1564 3327 Ausgang
1595 3264 1646 3324 des

1774 3312 1879 3372 tischer
1912 3314 2006 3374 Arzt.
2029 3312 2111 3372 Nach
2150 3311 2249 3371 seinen
2289 3309 2382 3369 ersten
2416 3309 2531 3369 großen
2571 3306 2631 3366 Er¬

869 3323 959 3383 rigen
996 3321 1239 3381 Jahrhundert
1266 3315 1318 3375 bis
1351 3315 1382 3375 zu
1425 3312 1519 3372 seinem
1573 3312 1636 3372 Tod
1673 3309 1725 3369 als

1774 3359 1876 3419 folgen
1904 3356 2055 3416 widmete
2077 3356 2109 3416 er
2132 3356 2180 3416 sich
2213 3353 2445 3413 ausschließlich
2473 3353 2521 3413 der
2549 3350 2629 3410 Lite¬

870 3369 956 3429 einer
984 3367 1038 3427 der
1060 3362 1342 3422 repräsentativen
1371 3356 1604 3416 Schriftsteller
1627 3353 1734 3413 Öster¬

1771 3404 1889 3464 ratur.
1912 3404 1996 3464 Still
2019 3404 2070 3464 für
2099 3401 2149 3461 sich
2178 3399 2354 3459 schaffend,
2377 3398 2438 3458 kein
2467 3398 2546 3458 Held
2575 3395 2625 3455 der

869 3416 969 3476 reichs
1001 3415 1027 3475 im
1071 3410 1335 3470 Vordergrunde
1362 3407 1473 3467 stand.
1490 3403 1552 3463 Die
1580 3401 1722 3461 stärksten

1764 3449 1933 3509 Reklame.
1954 3449 2012 3509 Ein
2044 3446 2165 3506 feiner,
2181 3446 2376 3506 vornehmer
2403 3444 2545 3504 Mensch,
2567 3442 2613 3502 der

873 3458 1004 3518 Erfolge
1031 3458 1089 3518 hat
1116 3456 1147 3516 er
1174 3454 1231 3514 auf
1258 3453 1311 3513 dem
1348 3449 1490 3509 Theater
1517 3447 1643 3507 erzielt,
1665 3443 1722 3503 sein

1764 3496 1880 3556 Typus
1907 3495 1954 3555 des
1981 3494 2159 3554 geistvollen
2192 3491 2424 3551 vermögenden
2456 3488 2624 3548 Wieners,

876 3506 1072 3566 Schauspiel
1098 3500 1274 3560 „Liebelei“
1300 3498 1356 3558 hat
1383 3496 1481 3556 seinen
1513 3494 1631 3554 Namen
1668 3488 1724 3548 und

868 3552 916 3612 den
954 3549 1046 3609 Ruhm
1090 3547 1143 3607 des
1171 3544 1306 3604 Wiener
1334 3541 1447 3601 Süßen
1480 3538 1615 3598 Mädels
1643 3535 1724 3595 über
1762 3536 1816 3596 der
1849 3538 1957 3598 fernab
2001 3537 2055 3597 vom
2104 3536 2255 3596 Getriebe
2289 3536 2353 3596 und
2386 3535 2532 3595 Gezänke
2565 3533 2613 3593 des

1776 3583 1905 3643 Alltags
1932 3583 1959 3643 in
2003 3583 2100 3643 seiner
2133 3581 2257 3641 eigenen
2296 3578 2382 3638 Welt
2409 3577 2490 3637 lebt,
2513 3577 2539 3637 in
2572 3576 2631 3636 sei¬

869 3598 915 3658 die
942 3596 1039 3656 ganze
1066 3589 1154 3649 Welt
1175 3589 1345 3649 getragen,
1367 3586 1465 3646 sowie
1486 3585 1532 3645 die
1559 3580 1729 3640 Einakter¬

1768 3629 1826 3689 nem
1869 3631 1990 3691 kleinen
2028 3628 2139 3688 Kreis,
2166 3625 2214 3685 der
2246 3625 2325 3685 echte
2352 3625 2474 3685 Kultur
2506 3625 2532 3685 in
2575 3622 2622 3682 sich

877 3644 957 3704 folge
983 3639 1149 3699 „Anatol“
1180 3637 1229 3697 den
1260 3632 1452 3692 dekadenten
1482 3628 1613 3688 Wiener
1639 3625 1729 3685 Lebe¬

1771 3674 1845 3734 hat,
1861 3676 1940 3736 ohne
1967 3676 2072 3736 damit
2099 3676 2124 3736 zu
2157 3673 2299 3733 flunkern
2331 3670 2389 3730 und
2421 3670 2489 3730 nach
2516 3670 2616 3730 außen

873 3688 1035 3748 manntyp
1070 3684 1236 3744 endaültig
1271 3679 1491 3739 verkörperte.
1511 3675 1614 3735 Schon
1649 3670 1726 3730 diese

1768 3720 1797 3780 zu
1833 3720 1978 3780 prunken
2009 3720 2023 3780 .
2044 3721 2088 3781 ..

875 3734 982 3794 beiden
1012 3731 1105 3791 ersten
1135 3726 1243 3786 Werke
1268 3725 1365 3785 legten
1400 3723 1469 3783 auch
1499 3720 1547 3780 die
1572 3717 1733 3777 Eigenari

1834 3766 1881 3826 Am
1930 3765 1988 3825 26.
2015 3764 2158 3824 Oktober
2201 3762 2279 3822 1922
2328 3761 2460 3821 wohnte
2498 3759 2624 3819 Arthur

876 3778 928 3838 des
961 3777 1108 3837 Dichters
1140 3774 1309 3834 endgültig
1341 3768 1414 3828 fest,
1441 3767 1488 3827 den
1526 3763 1731 3823 scharfsinni¬

1770 3811 1944 3871 Schnitzler
1982 3812 2067 3872 einer
2099 3807 2316 3867 Aufführung
2349 3804 2449 3864 seiner
2476 3804 2630 3864 Einakter

875 3828 929 3888 gen
964 3822 1165 3882 Beobachter
1195 3817 1298 3877 seiner
1328 3813 1486 3873 Umwelt,
1511 3810 1564 3870 den
1600 3807 1736 3867 hervor¬

1775 3858 2002 3918 „Literatur“,
2045 3855 2159 3915 „Letzte
2206 3851 2371 3911 Masken“
2424 3851 2486 3911 und
2544 3849 2626 3909 „Der

873 3868 1035 3928 ragenden
1069 3864 1213 3924 Stilisten
1247 3862 1309 3922 und
1334 3861 1386 3921 den
1420 3856 1549 3916 Meister
1574 3855 1626 3915 des
1650 3852 1736 3912 Dia¬

1769 3903 1877 3963 grüne
1931 3901 2088 3961 Kakadu“
2148 3898 2176 3958 im
2246 3895 2407 3955 Brünner
2462 3894 2619 3954 deutschen

871 3915 966 3975 loas.
992 3912 1062 3972 Alle
1093 3910 1178 3970 seine
1209 3908 1350 3968 späteren
1386 3902 1632 3962 theatralischen
1668 3896 1733 3956 Ar¬

1774 3947 1908 4007 Theater
1940 3944 2012 4004 bei.
2033 3944 2116 4004 Auch
2153 3943 2189 4003 am
2241 3941 2443 4001 Vorlesetisch
2485 3941 2614 4001 konnten

870 3959 998 4019 beiten,
1038 3956 1200 4016 darunter
1250 3950 1432 4010 „Reigen“,
1467 3947 1634 4007 „Schleier
1679 3941 1733 4001 der

876 4007 1070 4067 Baatrice",
1097 3999 1287 4059 „Lebendige
1314 3995 1514 4055 Stunden",
1536 3987 1736 4047 „Zwischen=
1779 3989 1825 4049 ihn
1868 3992 1942 4052 seine
1974 3989 2164 4049 zahlreichen
2201 3987 2358 4047 Brünner
2391 3986 2549 4046 Verehrer
2581 3981 2633 4041 be¬

1770 4038 1916 4098 grüßen.
1933 4037 2035 4097 Unser
2058 4034 2198 4094 Theater
2226 4032 2285 4092 hat
2308 4032 2334 4092 in
2362 4031 2508 4091 früheren
2547 4031 2627 4091 Jah¬

880 4052 991 4112 spiel".
1018 4049 1108 4109 „Der
1140 4045 1240 4105 grüne
1273 4041 1448 4101 Kakadu",
1475 4037 1560 4097 „Der
1592 4033 1735 4093 einsame

876 4100 999 4160 Weg".
1018 4094 1099 4154 „Das
1129 4091 1218 4151 weite
1236 4091 1365 4151 Land",
1383 4085 1495 4145 „Prof.
1508 4080 1737 4140 Bernhardi",
1774 4084 1826 4144 ren
1862 4083 1914 4143 sich
1944 4079 2050 4139 seiner
2075 4079 2186 4139 Werke
2216 4079 2274 4139 mit
2298 4076 2416 4136 großer
2446 4076 2534 4136 Liebe
2564 4076 2622 4136 und

1772 4128 1845 4188 auch
1880 4126 1944 4186 mit
1969 4126 2184 4186 bedeutendem
2229 4121 2341 4181 Erfolg
2372 4120 2631 4180 angenommen.

883 4143 1063 4203 „Komödie
1095 4138 1146 4198 der
1178 4135 1332 4195 Worte",
1359 4131 1441 4191 „Der
1473 4126 1571 4186 junge
1602 4121 1736 4181 Medar¬

1353 4168 1404 4228 ner
1432 4168 1647 4228 Hauptwerke
1676 4167 1736 4227 an¬

1773 4168 1837 4228 Aus
1872 4169 1920 4229 der
1955 4170 2112 4230 Brünner
2142 4167 2452 4227 Theatergeschichte
2482 4165 2530 4225 der
2560 4167 2628 4227 letz¬
