3392 4320
335 286 745 346 lugend-Bellage:
769 293 878 353 Selte
927 294 982 354 11
1022 294 1100 354 und
1140 299 1226 359 12.

2201 364 2329 424 Prels
2363 366 2385 426 in
2408 367 2503 427 Wien:
2520 370 2569 430 32
2604 375 2855 435 Groschen.

2168 457 2375 517 Redaktion,
2386 463 2678 523 Administration,
2684 469 2879 529 Druckerei:

2169 503 2196 563 I.
2216 506 2456 566 Schubertring,
2476 512 2674 572 Fichtegasse
2703 518 2759 578 Nr.
2779 518 2887 578 9—11.

914 544 1342 604 Neue

2171 560 2356 620 Telephon:
2376 566 2546 626 Rodaktion

2682 569 2882 629 U-18-5-95.

2371 601 2630 661 Administration

2681 604 2882 664 U-17-0-35.

2373 640 2608 700 Inserat.-Abtg.

2675 643 2882 703 U-17-4-41.

2177 694 2427 754 Geschäftsstelle
2442 697 2486 757 für
2501 697 2543 757 die
2558 703 2877 763 Czechoslowakische

2432 735 2613 795 Republik:

2195 773 2284 833 Prag,
2303 774 2387 834 XII.,
2406 775 2520 835 Orlicka
2545 775 2574 835 4.
2594 778 2659 838 Tel.
2672 778 2725 838 Nr.
2739 781 2852 841 542-41.

2287 810 2490 870 Administration
2515 813 2550 873 für
2571 813 2606 873 die
2622 816 2762 876 Slowakei:

2222 840 2253 900 M.
2275 843 2367 903 Weiss,
2383 846 2544 906 Bratislawa,
2561 851 2775 911 Fischertorgasse
2797 852 2823 912 3.

2171 900 2508 960 Inseraten-Annahme
2548 902 2613 962 laut
2648 909 2857 969 aufliegendem

592 917 759 977 OE

1399 930 1984 990 Fosse

2288 935 2370 995 Tarif
2389 939 2416 999 in
2444 942 2576 1002 unseren
2604 943 2763 1003 Bureaux:

2167 978 2192 1038 I.
2214 981 2411 1041 Fichtegasse
2442 982 2556 1042 9—11,
2587 986 2655 1046 Tel.
2681 989 2862 1049 U-17-4-41

2172 1016 2294 1076 „Kleiner
2320 1021 2466 1081 Anzelger“
2496 1019 2545 1079 und
2575 1025 2879 1085 Chiffrebriefe-Abt.

2168 1054 2195 1114 im
2232 1055 2432 1115 Stadtburoau,
2460 1058 2487 1118 I.
2515 1062 2761 1122 Schulerstrasse
2794 1064 2884 1124 1—3,

910 1094 1429 1154 Morgenblatt.

2167 1089 2234 1149 Tel.
2245 1091 2441 1151 R-21-3-80,
2463 1096 2514 1156 und
2545 1097 2591 1157 bei
2608 1100 2679 1160 allen
2706 1102 2876 1162 Inseraten¬

2224 1130 2360 1190 Bureaux
2389 1136 2445 1196 des
2469 1136 2514 1196 In-
2538 1136 2594 1196 und
2623 1139 2817 1199 Auslandes.

2182 1188 2469 1248 Muundasunnnn
2499 1193 2528 1253 in
2558 1193 2643 1253 uunn
2673 1194 2702 1254 da
2741 1195 2855 1255 Aulie.

557 1285 751 1345 Wien,
789 1289 1180 1349 Donnerstag,
1219 1293 1301 1353 den
1358 1296 1460 1356 22.
1498 1300 1729 1360 Oktober

2578 1304 2789 1364 1931.

140 1498 528 1558 Begleiter

908 1579 1116 1639 Das
1266 1584 1582 1644 erste
1690 1594 2217 1654 Budget
2346 1596 2533 1656 der

128 1602 198 1662 und
229 1605 287 1665 Sie
319 1605 458 1665 wüedig

1326 1776 2157 1836 Restriktion.

131 1885 259 1945 Stück
276 1886 388 1946 reiner
413 1889 541 1949 Seide,

1017 1918 1159 1978 Rede
1209 1921 1315 1981 Dr.
1353 1921 1820 1981 Weidenhoffers
1882 1927 1928 1987 im
2002 1930 2421 1990 Nationalrat.

139 1942 231 2002 filing

138 2029 179 2089 in
224 2029 457 2089 Here....!

1311 2040 1443 2100 Wien,
1462 2042 1511 2102 22.
1528 2046 1670 2106 Oktober.

1765 2049 1885 2109 gedecht
1920 2051 2031 2111 werden
2077 2053 2198 2113 sollten,
2233 2058 2287 2118 für
2323 2059 2377 2119 das
2423 2063 2545 2123 nächste
2579 2062 2656 2122 Jahr
2692 2065 2768 2125 sind
2803 2064 2857 2124 nur

675 2092 740 2152 Die
763 2094 1075 2154 Steigerungskurve
1105 2097 1142 2157 ist
1165 2097 1216 2157 jäh
1246 2099 1447 2159 abgebrochen
1485 2103 1550 2163 Zum
1596 2103 1706 2163 ersten¬

1755 2100 1989 2160 vierundvierzig
2026 2103 2187 2163 Millionen
2236 2103 2284 2163 für
2321 2106 2392 2166 diese
2429 2109 2549 2169 Zwecke
2579 2109 2771 2169 vorgesehen.
2814 2112 2868 2172 Ist

581 2142 651 2202 mal
677 2142 728 2202 seit
761 2142 811 2202 der
838 2142 1088 2202 Stabilisierung
1121 2145 1209 2205 haben
1249 2145 1306 2205 wir
1333 2148 1499 2208 begriffen,
1525 2150 1576 2210 daß
1628 2149 1704 2209 nicht

1750 2143 1837 2203 doch,
1869 2145 1919 2205 das
1957 2147 1995 2207 ist
2027 2146 2070 2206 die
2102 2150 2271 2210 traurigste
2303 2152 2485 2212 Mitteilung
2523 2155 2585 2215 Dr.
2604 2157 2867 2217 Weidenhoffers,

583 2189 877 2249 Großmannssucht
901 2191 934 2251 am
975 2191 1073 2251 Platze
1102 2192 1136 2252 ist
1166 2190 1218 2250 und
1253 2193 1356 2253 innere
1380 2193 1599 2253 Unwahrheit.
1623 2196 1691 2256 Man

125 2195 183 2255 für
234 2196 500 2256 Oesterreich.

1750 2190 1811 2250 mit
1873 2193 1927 2253 der
1977 2195 2136 2255 Begebung
2204 2197 2253 2257 der
2322 2202 2438 2262 zweiten
2494 2202 2634 2262 Tranche
2690 2205 2745 2265 des
2801 2204 2868 2264 In¬

579 2232 644 2292 mag
681 2234 729 2294 den
765 2234 874 2294 Erfolg
905 2237 958 2297 der
989 2237 1267 2297 Finanzgebarung
1304 2238 1352 2298 vom
1395 2240 1497 2300 Jahre
1528 2241 1612 2301 1924
1654 2240 1696 2300 bis

1749 2238 2026 2298 vestitionskredits
2091 2242 2162 2302 auch
2222 2244 2251 2304 im
2328 2247 2463 2307 nächsten
2530 2247 2629 2307 Jahre
2695 2249 2806 2309 nicht:
2831 2251 2859 2311 zu

123 2256 188 2316 in,
218 2258 305 2318 ganz
335 2258 524 2318 Oesterreich

584 2284 632 2344 zum
676 2282 811 2342 heutigen
848 2281 934 2341 Tage
965 2281 1020 2341 wie
1045 2283 1155 2343 immer
1187 2285 1371 2345 beurteilen,
1396 2285 1537 2345 Tatsache
1562 2288 1617 2348 ist,
1642 2288 1691 2348 daß

1746 2285 1900 2345 rechnen;
1942 2288 2068 2348 trotzdem
2127 2291 2317 2351 bekanntlich
2364 2294 2496 2354 hundert
2537 2295 2699 2355 Millionen
2745 2297 2860 2357 Dollar

122 2304 173 2364 ihn
219 2306 361 2366 gekannt
394 2306 464 2366 hat,
491 2307 528 2367 ist

579 2325 650 2385 diese
693 2327 891 2387 finanziellen
928 2330 1186 2390 Kletterübungen
1235 2333 1288 2393 den
1331 2333 1451 2393 jetzigen
1488 2335 1583 2395 Krach
1626 2335 1698 2395 ver¬

1748 2327 1804 2387 uns
1839 2331 1991 2391 bewilligt
2020 2336 2139 2396 wurden
2179 2339 2246 2399 nach
2281 2341 2484 2401 dreijährigem
2530 2341 2683 2401 Werben,
2706 2346 2773 2406 nach
2808 2345 2863 2405 un¬

128 2350 214 2410 bes
252 2352 426 2412 Unglücks.
452 2351 526 2411 Wer

589 2375 709 2435 schuldet
733 2375 847 2435 haben.
866 2377 1011 2437 Niemals
1042 2377 1120 2437 wäre
1145 2378 1210 2438 eine
1235 2378 1259 2438 so
1290 2381 1404 2441 brutale
1429 2381 1597 2441 Operation
1628 2381 1700 2441 not¬

1751 2381 1903 2441 gezählten
1942 2381 2050 2441 Mühen
2089 2382 2140 2442 der
2166 2386 2408 2446 Verhandlung,
2435 2390 2504 2450 nach
2537 2390 2772 2450 Fertigstellung
2805 2393 2856 2453 des

117 2398 198 2458 rfte,
218 2398 311 2458 seiner
338 2399 444 2459 echten,
464 2398 519 2458 wie

579 2422 692 2482 wendig
735 2423 897 2483 geworden
940 2423 1017 2483 ohne
1054 2423 1101 2483 die
1138 2426 1486 2486 Hemmungslosigkeit
1523 2428 1577 2488 der
1613 2428 1697 2488 Par¬

1749 2426 1963 2486 Abkommens
2013 2430 2086 2490 über
2136 2430 2184 2490 die
2228 2433 2491 2493 Reliefschulden,
2529 2435 2626 2495 dessen
2676 2440 2859 2500 wichtigster

168 2446 269 2506 seiner
299 2444 369 2504 ewig
406 2444 512 2504 wachen

573 2467 670 2527 teien,
726 2469 806 2529 ohne
868 2469 916 2529 die
972 2471 1242 2531 Verschwendung
1304 2472 1396 2532 durch
1452 2475 1697 2535 Subventions¬

1752 2474 1845 2534 Zweck
1878 2473 1921 2533 die
1947 2476 2134 2536 Freilegung
2166 2477 2216 2537 der
2241 2479 2361 2539 Straße
2380 2482 2430 2542 für
2456 2482 2787 2542 Inveftitionskredite
2813 2484 2856 2544 ge¬

117 2490 210 2550 einen
242 2491 385 2551 Herzen,
411 2494 504 2554 seinem

576 2518 685 2578 politik
739 2516 823 2576 jeder
869 2515 947 2575 Art,
994 2518 1072 2578 ohne
1118 2518 1170 2578 die
1223 2521 1386 2581 künstliche
1439 2524 1693 2584 Nichtbeachtung

1742 2518 1833 2578 wesen
1871 2521 1919 2581 ist.
1945 2521 2012 2581 Nun
2050 2524 2104 2584 soll
2130 2524 2178 2584 die
2204 2524 2277 2584 erste
2308 2527 2443 2587 Tranche
2469 2528 2523 2588 von
2555 2529 2659 2589 sechzig
2691 2531 2849 2591 Millionen

117 2536 215 2596 faßte,
240 2538 289 2598 dem
333 2536 369 2596 ist
394 2539 449 2599 es,
468 2539 517 2599 als

570 2560 643 2620 aller
706 2563 904 2623 Symptome
966 2562 1021 2622 des
1084 2565 1419 2625 Wirtschaftslebens.
1475 2569 1548 2629 Daß
1623 2571 1684 2631 man

1744 2568 1860 2628 Dollar
1885 2568 1934 2628 für
1959 2569 2051 2629 unser
2077 2569 2156 2629 Land
2187 2572 2384 2632 ausreichen,
2410 2575 2464 2635 und
2496 2575 2544 2635 die
2569 2577 2711 2637 restlichen
2749 2578 2852 2638 vierzig

116 2587 141 2647 s
175 2584 293 2644 eigenen
326 2581 457 2641 Wesens
491 2587 516 2647 in

575 2608 731 2668 Finanzen
788 2611 869 2671 nicht
914 2612 1020 2672 führen
1077 2612 1158 2672 kann
1216 2614 1271 2674 mit
1316 2617 1510 2677 zermalmten
1567 2617 1692 2677 Steuer¬

1744 2614 1909 2674 Millionen
1941 2617 2026 2677 sollen
2058 2619 2119 2679 uns
2151 2620 2211 2680 auch
2243 2620 2267 2680 im
2311 2622 2409 2682 Laufe
2434 2624 2482 2684 der
2508 2625 2618 2685 ganzen
2650 2626 2779 2686 Periode
2810 2627 2859 2687 des

115 2632 314 2692 Oesterreich.

573 2655 723 2715 trägern,
760 2657 819 2717 daß
868 2658 1091 2718 Einnahmen,
1128 2659 1188 2719 aus
1231 2658 1285 2718 dem
1345 2661 1593 2721 Kapitalsbesitz
1630 2664 1683 2724 ent

1744 2661 1848 2721 Jahre
1891 2661 1971 2721 1932
2021 2662 2088 2722 noch
2126 2667 2304 2727 verweigert
2342 2669 2458 2729 werden
2508 2672 2680 2732 ungeachtet
2724 2673 2772 2733 der
2804 2671 2859 2731 ab¬

114 2676 137 2736 u
169 2676 270 2736 Sinne
295 2676 349 2736 des
373 2678 522 2738 Wortes.

575 2703 758 2763 springend,
784 2703 870 2763 keine
901 2703 999 2763 echten
1030 2706 1227 2766 Einnahmen
1265 2706 1350 2766 sind,
1381 2709 1504 2769 sondern
1542 2711 1695 2771 Verluste,

1744 2708 1956 2768 geschlossenen
2007 2712 2063 2772 und
2101 2712 2189 2772 durch
2227 2714 2270 2774 die
2302 2716 2509 2776 Versöhnung
2560 2716 2615 2776 mit
2648 2718 2766 2778 Italien
2804 2718 2860 2778 be¬

114 2724 149 2784 len
180 2724 361 2784 Geschichten
398 2724 451 2784 und
482 2724 506 2784 in

576 2748 629 2808 daß
666 2748 707 2808 die
732 2748 931 2808 Gesamtheit
956 2750 1003 2810 sich
1029 2751 1106 2811 nicht
1131 2752 1294 2812 bereichern
1325 2754 1402 2814 kann
1433 2754 1517 2814 durch
1548 2757 1590 2817 die
1614 2756 1692 2816 Ver¬

1742 2754 1913 2814 kräftigten
1951 2757 2123 2817 Verträge.
2160 2759 2234 2819 Wir
2271 2760 2387 2820 können
2426 2763 2456 2823 es
2493 2763 2572 2823 nicht
2616 2766 2770 2826 glauben,
2801 2767 2849 2827 daß

131 2769 208 2829 helle
252 2770 329 2830 Luft
397 2770 517 2830 unseres

569 2793 704 2853 armung
740 2793 787 2853 des
817 2796 994 2856 einzelnen,
1018 2798 1088 2858 diese
1118 2799 1313 2859 Wahrheiten
1349 2801 1413 2861 sind
1444 2804 1503 2864 uns
1533 2803 1603 2863 jetzt
1627 2804 1691 2864 ein¬

1745 2800 1876 2860 wirklich
1901 2801 1960 2861 eine
1991 2805 2015 2865 so
2039 2805 2135 2865 rauhe
2160 2806 2363 2866 Behandlung
2388 2809 2412 2869 in
2442 2808 2580 2868 Aussicht
2605 2811 2778 2871 genommen
2809 2814 2857 2874 ist.

132 2817 185 2877 aus
235 2817 332 2877 seinen
370 2817 521 2877 Worten.

575 2840 704 2900 gebläut
728 2840 845 2900 worden
875 2840 928 2900 auf
953 2842 1011 2902 eine
1035 2843 1099 2903 sehr
1123 2844 1264 2904 unsanfte
1282 2846 1341 2906 und
1371 2846 1518 2906 peinliche
1542 2848 1612 2908 Art,
1630 2849 1683 2909 und

1745 2844 1815 2904 Wir
1836 2846 1952 2906 hoffen,
1973 2846 2024 2906 daß
2058 2849 2142 2909 unser
2169 2852 2449 2912 Finanzminister,
2469 2853 2561 2913 dessen
2588 2855 2672 2915 Rede
2692 2858 2743 2918 sich
2770 2856 2854 2916 durch

139 2861 354 2921 Inkarnation
392 2861 422 2921 zu
454 2861 508 2921 sein

581 2887 610 2947 zu
635 2883 736 2943 hoffen
773 2885 814 2945 ist
845 2886 922 2946 nur,
953 2887 1019 2947 man
1049 2888 1145 2948 werde
1182 2890 1229 2950 die
1254 2893 1379 2953 Lektion
1404 2892 1445 2952 ein
1488 2893 1542 2953 für
1566 2895 1692 2955 allemal

1741 2891 1889 2951 Klarheit
1910 2894 1971 2954 und
1998 2896 2309 2956 Uebersichtlichkeit,
2330 2900 2411 2960 durch
2439 2902 2601 2962 Offenheit
2629 2903 2683 2963 und
2710 2902 2858 2962 Einfach¬

111 2906 131 2966 st
159 2907 247 2967 einer
275 2907 410 2967 Epoche,
431 2909 512 2969 dann

573 2928 741 2988 begreifen,
760 2930 789 2990 es
814 2933 910 2993 werde
941 2934 1012 2994 nicht
1037 2937 1145 2997 binnen
1176 2936 1278 2996 kurzem
1315 2940 1430 3000 wieder
1454 2939 1496 2999 die
1521 2942 1689 3002 Spendier¬

1743 2940 1812 3000 heit
1839 2941 2057 3001 auszeichnete,
2084 2945 2268 3005 mindestens
2304 2945 2329 3005 in
2365 2947 2452 3007 dieser
2479 2949 2636 3009 Richtung
2664 2951 2698 3011 zu
2725 2949 2855 3009 schwarz

111 2951 162 3011 side
208 2954 259 3014 des
305 2954 511 3014 vergangenen

574 2975 633 3035 lust
674 2976 746 3036 über
787 2978 833 3038 die
853 2981 1045 3041 Restriktion
1086 2984 1337 3044 triumphieren,
1371 2985 1410 3045 die
1438 2988 1682 3048 Wählerpolitih

1738 2986 1863 3046 osehen
1896 2987 1966 3047 hat.

126 2999 227 3059 neuen
264 2999 292 3059 in
322 2999 517 3059 Oesterreich.

570 3020 639 3080 über
671 3021 716 3081 die
748 3026 996 3086 Staatspolitik,
1020 3029 1073 3089 der
1090 3032 1384 3092 Inflationsteufel
1400 3032 1478 3092 über
1510 3035 1555 3095 die
1579 3036 1664 3096 fitan

1845 3032 1905 3092 Dr.
1927 3036 2154 3096 Weidenhoffer
2197 3039 2257 3099 hat
2289 3038 2341 3098 die
2363 3041 2516 3101 Abstriche
2548 3042 2578 3102 in
2622 3043 2672 3103 den
2715 3044 2847 3104 Ressarts

126 3047 174 3107 sche
196 3046 322 3106 unserer
350 3046 510 3106 Historie?

568 3070 652 3130 zielle
680 3070 890 3130 Redlichkeit.

1739 3077 1927 3137 geschildert,
1948 3079 1994 3139 die
2023 3082 2069 3142 zum
2111 3082 2218 3142 großen
2252 3083 2333 3143 Teile
2361 3085 2502 3145 bekannt
2523 3088 2644 3148 waren,
2666 3090 2854 3150 Ausgaben¬

115 3091 270 3151 erscharfen
313 3091 515 3151 Ernenntnis,

665 3115 744 3175 Das
765 3115 914 3175 Budget,
936 3119 984 3179 das
1006 3120 1125 3180 gestern
1146 3123 1215 3183 Dr.
1237 3124 1456 3184 Weidenhoffer
1487 3127 1637 3187 vorlegte,
1648 3126 1677 3186 es

1733 3124 1920 3184 minderung
1971 3127 2033 3187 beim
2096 3131 2428 3191 Bundeskanzleramt
2472 3132 2509 3192 um
2572 3136 2841 3196 zweiundzwanzig

149 3138 322 3198 irgendwie

373 3139 512 3199 scheitern

568 3163 736 3223 entspricht
757 3163 933 3223 tatsächlich
961 3164 1042 3224 jenen
1077 3166 1252 3226 Begriffen,
1280 3168 1320 3228 die
1348 3171 1401 3231 der
1422 3172 1686 3232 Finanzminister

1738 3172 1923 3232 Millionen,
1952 3175 2013 3235 beim
2062 3178 2233 3238 Justizamt
2262 3178 2295 3238 um
2337 3180 2385 3240 elf
2413 3178 2598 3238 Millionen,
2627 3184 2688 3244 beim
2737 3184 2832 3244 Unten

114 3184 144 3244 e,
163 3184 193 3244 an
231 3181 273 3241 dem
317 3184 488 3244 unzerbrech

574 3208 605 3268 an
631 3209 682 3269 den
714 3208 854 3268 Eingang
887 3209 976 3269 seiner
996 3211 1078 3271 Rede
1104 3214 1218 3274 gestellt
1238 3215 1308 3275 hat,
1328 3217 1455 3277 nämlich
1481 3217 1532 3277 der
1552 3220 1679 3280 höchsten

1739 3220 2020 3280 richtsministerium
2071 3222 2159 3282 sogar
2197 3224 2228 3284 um
2285 3226 2529 3286 einundzwanzig
2567 3229 2748 3289 Millionen,
2780 3229 2842 3289 was

116 3229 283 3289 rausamen
319 3229 420 3289 Härte
462 3229 509 3289 der

568 3252 776 3312 Bedrängnis
801 3253 862 3313 und
887 3255 936 3315 der
967 3255 1083 3315 größten
1121 3261 1304 3321 Beengung.
1323 3261 1396 3321 Wir
1421 3264 1531 3324 hören,
1556 3265 1605 3325 daß
1636 3265 1685 3325 die

1736 3262 1819 3322 sicher
1858 3266 1978 3326 lebhaft
2024 3268 2055 3328 zu
2107 3270 2260 3330 bedauern
2311 3271 2362 3331 ist.
2407 3273 2477 3333 Das
2529 3272 2726 3332 Ministerium
2791 3276 2841 3336 für

134 3273 164 3333 in
202 3274 318 3334 Arthur
344 3274 509 3334 Schnitzler

567 3300 855 3360 Gesamtausgaben
887 3301 940 3361 von
977 3308 1484 3368 zweitausendernhundertdreißig
1515 3312 1569 3372 auf
1594 3311 1689 3371 efsek¬

1737 3310 1986 3370 Landwirtschaft
2025 3315 2146 3375 verliert
2186 3315 2242 3375 das
2288 3318 2422 3378 Aktivum
2474 3318 2531 3378 des
2571 3321 2743 3381 Notopfers
2788 3323 2839 3383 von

110 3321 329 3381 tellektuellen
383 3322 506 3382 Oester-

567 3344 595 3404 tw
636 3348 935 3408 neunzehnhundert
959 3349 1154 3409 herabgesetzt
1183 3354 1316 3414 werden,
1340 3355 1396 3415 wir
1420 3354 1523 3414 sehen,
1547 3357 1598 3417 daß
1633 3357 1684 3417 der

1733 3357 1985 3417 sechsundsechzig
2017 3360 2201 3420 Millionen.
2233 3361 2281 3421 Es
2319 3364 2392 3424 muß
2436 3366 2583 3426 außerdem
2634 3369 2701 3429 noch
2733 3369 2769 3429 um
2813 3371 2849 3431 elf

111 3369 255 3429 solution,
274 3370 322 3430 der
353 3369 491 3429 gleichsam

566 3393 865 3453 Personalaufwand
909 3391 965 3451 von
1010 3395 1143 3455 beinahe
1182 3400 1381 3460 achthundert
1421 3401 1587 3461 Millionen
1632 3403 1687 3463 auf

1733 3405 1895 3465 Millionen
1928 3408 2078 3468 niedriger
2104 3411 2330 3471 präliminieren
2362 3413 2411 3473 als
2437 3414 2487 3474 für
2513 3413 2594 3473 1931
2620 3416 2751 3476 geplant
2771 3417 2852 3477 war.

114 3415 190 3475 huß,
234 3416 285 3476 der
329 3417 513 3477 Sturmruf,

566 3437 662 3497 etwas
691 3439 775 3499 mehr
799 3438 849 3498 als
878 3440 1109 3500 siebenhundert
1132 3447 1296 3507 Millionen
1325 3449 1454 3509 gekürzt
1473 3450 1590 3510 werden
1619 3450 1686 3510 soll.

1733 3451 1801 3511 Das
1833 3455 2172 3515 Handelsministerium
2218 3456 2273 3516 hat
2299 3457 2406 3517 vierzig
2438 3458 2600 3518 Millionen
2633 3463 2663 3523 zu
2696 3461 2852 3521 streichen,

117 3461 255 3521 Tumult
307 3461 357 3521 zum
427 3460 515 3520 Vor¬

561 3483 635 3543 Wir
653 3486 825 3546 erfahren:
844 3483 895 3543 für
913 3484 988 3544 Post
1011 3489 1063 3549 und
1086 3493 1259 3553 Eisenbahn
1283 3494 1381 3554 waren
1411 3495 1433 3555 im
1469 3497 1676 3557 Voranschlag

1733 3495 1786 3555 das
1817 3500 2123 3560 Heeresministerium
2166 3503 2244 3563 sinkt
2269 3503 2292 3563 in
2329 3505 2424 3565 seinem
2467 3506 2587 3566 Budget
2612 3509 2666 3569 von
2696 3509 2846 3569 hundert¬

119 3506 246 3566 renhardi

414 3508 502 3568 alles

570 3530 611 3590 für
648 3532 731 3592 1931
768 3535 1173 3595 hundertsechsunddreißig
1221 3542 1384 3602 Millionen
1439 3542 1590 3602 Schilling
1639 3543 1674 3603 an

1733 3547 1792 3607 zehn
1829 3545 1990 3605 Millionen
2022 3550 2075 3610 auf
2100 3551 2347 3611 zweiundachtzig
2378 3554 2563 3614 Millionen,
2589 3554 2618 3614 es
2643 3557 2769 3617 kommt
2794 3557 2847 3617 auf

166 3552 219 3612 den
269 3554 390 3614 Kampf
434 3554 500 3614 ums

558 3581 942 3641 Investitionsausgaben
984 3587 1221 3647 präliminiert,
1258 3590 1304 3650 die
1346 3590 1411 3650 aus
1453 3590 1506 3650 der
1548 3593 1683 3653 Anleihe

1727 3593 1784 3653 das
1817 3593 1931 3653 Niveau
1964 3597 2015 3657 des
2047 3599 2162 3659 Jahres
2194 3601 2277 3661 1927
2310 3602 2431 3662 zurück.
2457 3602 2655 3662 Erhöhungen
2694 3604 2751 3664 sind
2783 3604 2840 3664 nur

104 3599 214 3659 schelei
238 3602 349 3662 gesagt
391 3602 507 3662 werden

104 3647 259 3707 sonsstück
312 3646 375 3706 mit
427 3650 513 3710 einer

109 3688 120 3748 t
148 3691 207 3751 mit
246 3691 300 3751 dem
350 3694 503 3754 „Ecraser

108 3737 223 3797 Pustl",
251 3738 275 3798 in
315 3741 502 3801 „Freiwild"

617 3744 901 3804 MEAR
1001 3753 1297 3813 LICHT
1375 3755 1485 3815 bei
1519 3760 1792 3820 gleichem
1870 3765 2748 3825 STROMVERBRAUCH

159 3784 225 3844 auch
260 3787 410 3847 politische
444 3786 504 3846 Er¬

616 3825 703 3885 durch
736 3829 1720 3889 GRAL-PRISNA-Lichtverstärker.

93 3829 124 3889 ne
157 3831 258 3891 dachte
286 3832 318 3892 er
350 3832 414 3892 auch
452 3832 505 3892 nur

1758 3835 2161 3895 ERSPARMIS
2209 3841 2291 3901 bel
2319 3841 2456 3901 leder
2494 3844 2788 3904 LAMPE.

118 3876 199 3936 äger,
227 3876 405 3936 Trommler
438 3877 498 3937 und

1061 3879 1190 3939 Wien,
1209 3885 1273 3945 III.
1292 3887 1729 3947 Prinz-Eugen-Strasse
1765 3891 1865 3951 1—3.
1889 3893 2077 3953 Telephon
2114 3894 2331 3954 U-17-206.

157 3921 239 3981 Stof

290 3924 418 3984 gewebt,
470 3926 497 3986 zu

99 3967 174 4027 ende

287 3969 494 4029 Aristokratie

159 4016 242 4076 und
277 4017 499 4077 Frenbleiben¬

1719 4037 1846 4097 plötzlich
1874 4036 1901 4096 in
1935 4038 2022 4098 diesen
2057 4040 2212 4100 schwarzen
2246 4043 2395 4103 Abgrund
2423 4044 2584 4104 versunken
2619 4044 2672 4104 ist,
2693 4047 2753 4107 muß
2788 4045 2828 4105 ich

227 4060 281 4120 des
336 4064 505 4124 Marktes.

1712 4082 1760 4142 der
1788 4082 1912 4142 Stunde
1939 4084 1993 4144 von
2021 4086 2096 4146 einst
2124 4088 2291 4148 gedenken.
2314 4091 2362 4151 Da
2395 4091 2465 4151 steht
2492 4088 2546 4148 das
2579 4088 2649 4148 alles
2682 4091 2730 4151 vor
2758 4091 2833 4151 mir,

956 4103 1238 4163 xeuilleton
