3436 4320
1535 288 1664 348 Alterns
1719 295 1773 355 und
1819 296 1893 356 1912
1933 300 2107 360 „Professor
2137 303 2315 363 Berhardi“

665 291 818 351 Artur
850 297 1115 357 Schnitzler
1148 305 1475 365 unerwartet

1540 332 1719 392 Schauspiel
1741 333 1795 393 aus
1824 334 1871 394 dem
1914 338 2066 398 ärztlichen
2101 341 2217 401 Beruf.
2232 342 2273 402 Im
2308 339 2411 399 Jahre

1540 366 1607 426 1915
1640 369 1798 429 erschienen
1835 371 1903 431 drei
1926 374 2075 434 Einakter
2107 377 2198 437 unter
2225 377 2280 437 dem
2325 376 2411 436 Titel

910 377 1209 437 gestorben.

1534 404 1702 464 „Komödie
1730 407 1779 467 der
1807 407 1948 467 Worte“,
1971 411 2039 471 1917
2067 413 2121 473 das
2148 416 2284 476 schwache
2312 414 2407 474 „Fink

656 425 763 485 Wien,
779 434 832 494 21.
849 436 1005 496 Oktober.
1022 441 1237 501 (Priv.=Tel.)
1254 446 1350 506 Heute
1372 449 1490 509 abends

1536 441 1590 501 und
1627 446 1876 506 Fliederbusch“,
1899 446 1971 506 1919
2008 450 2085 510 „Die
2117 452 2293 512 Schwestern
2335 451 2402 511 oder

1532 481 1691 541 Casanova
1732 484 1759 544 in
1796 482 1905 542 Spa",
1933 484 2001 544 1924
2038 488 2210 548 „Komödie
2243 488 2293 548 der
2330 487 2411 547 Ver¬

621 474 662 534 um
705 477 763 537 ¼7
790 479 853 539 Uhr
880 482 911 542 ist
932 482 958 542 in
991 487 1091 547 seiner
1118 491 1297 551 Döblinger
1324 495 1403 555 Villa
1435 499 1498 559 Dr.

1539 518 1687 578 führung"
1725 519 1785 579 und
1823 518 1897 578 1925
1931 520 1977 580 die
2020 526 2215 586 dramatische
2248 527 2402 587 Dichtung

617 521 724 581 Artur
750 530 996 590 Schnitzler
1021 537 1222 597 unerwartet
1248 542 1331 602 einer
1356 544 1498 604 Gehirn¬

1539 555 1611 615 „Der
1640 557 1732 617 Gang
1764 560 1814 620 zum
1861 557 2003 617 Weiher“

615 570 755 630 blutung
781 577 926 637 erlegen.
952 579 1017 639 Der
1043 583 1108 643 Tod
1134 585 1199 645 Dr.
1214 589 1401 649 Schnitzlers
1427 593 1476 653 kam

1567 600 1749 660 Schnitzlers
1777 601 1931 661 Eigenart
1955 607 2009 667 und
2037 607 2145 667 großes
2169 608 2287 668 Talent
2310 612 2405 672 offen¬

619 616 706 676 selbst
732 620 830 680 seiner
862 627 996 687 nächsten
1033 632 1218 692 Umgebung
1255 638 1477 698 überraschend

1525 637 1600 697 bart
1627 638 1671 698 sich
1711 640 1790 700 nicht
1822 642 1959 702 weniger
1995 644 2021 704 in
2062 645 2159 705 seinen
2195 649 2394 709 erzählenden

614 664 714 724 Wohl
736 669 831 729 klagte
858 673 884 733 er
911 674 932 734 in
964 676 1012 736 den
1044 678 1145 738 letzten
1172 682 1293 742 Jahren
1326 685 1400 745 über
1422 684 1490 744 ver¬

1524 674 1664 734 Werken.
1698 676 1768 736 1892
1792 679 1914 739 erschien
1948 682 2141 742 „Sterben“,
2155 684 2211 744 das
2235 687 2282 747 die
2301 689 2395 749 letzten

1530 715 1609 775 Tage
1637 715 1722 775 eines
1746 718 2042 778 Schwindsüchtigen
2071 721 2132 781 mit
2151 723 2325 783 Scharfem,
2339 726 2409 786 aber

613 713 763 773 schiedene
790 721 1033 781 Beschwerden.
1059 725 1142 785 Doch
1174 730 1240 790 war
1267 731 1297 791 er
1324 733 1370 793 nie
1397 736 1489 796 krank

1524 749 1590 809 auch
1620 754 1788 814 peinlichem
1832 757 2019 817 Realismus
2049 761 2198 821 schildert.
2222 763 2294 823 1894
2324 766 2400 826 „Die

611 757 636 817 im
684 768 881 828 eigentlichen
918 771 1022 831 Sinne
1053 774 1116 834 und
1147 778 1251 838 mußte
1283 781 1349 841 auch
1382 782 1428 842 nie
1460 783 1485 843 in

1525 787 1681 847 Blumen“
1722 792 1788 852 1895
1819 795 1894 855 „Ein
1925 795 2102 855 Abschied“.
2123 798 2194 858 1896
2224 801 2300 861 „Die
2321 801 2396 861 Frau

603 805 657 865 der
680 811 778 871 letzten
812 814 882 874 Zeit
905 819 954 879 das
982 822 1063 882 Bett
1086 823 1195 883 hüten.
1223 828 1327 888 Heute
1350 832 1486 892 vormit¬

1527 826 1576 886 des
1607 829 1768 889 Weisen“,
1789 829 1859 889 1897
1895 831 1975 891 „Der
2006 834 2187 894 Ehrentag“"
2218 837 2273 897 und
2319 843 2399 903 „Die

604 855 671 915 tags
703 861 885 921 unternahm
927 869 1098 929 Schnitzler
1125 873 1213 933 einen
1245 879 1468 939 Spaziergang

1528 864 1618 924 Toten
1652 867 1852 927 schweigen“,
1877 870 1943 930 1900
1978 873 2139 933 „Andreas
2174 877 2383 937 Thalmayer“

1524 904 1605 964 „Der
1634 906 1739 966 blinde
1774 907 1960 967 Geronimo“
1999 910 2056 970 wie
2086 911 2153 971 auch
2187 914 2234 974 die
2268 917 2393 977 Novelle

604 903 657 963 von
695 907 748 967 dem
792 910 823 970 er
850 913 941 973 gegen
974 917 1010 977 11
1038 919 1107 979 Uhr
1140 922 1204 982 nach
1236 926 1337 986 Hause
1370 928 1487 988 zurück¬

1526 942 1703 1002 „Leutnant
1742 943 1871 1003 Gustl“;
1905 943 2006 1003 ferner
2045 949 2073 1009 im
2122 951 2251 1011 gleichen
2295 954 2395 1014 Jahre

606 951 725 1011 kehrte.
756 957 844 1017 Kurz
870 962 994 1022 darauf
1021 966 1129 1026 wurde
1156 969 1186 1029 er
1218 972 1399 1032 bewußtlos
1431 975 1466 1035 am

1529 981 1624 1041 „Frau
1661 981 1756 1041 Berta
1799 983 1957 1043 Garlan",
1984 986 2063 1046 dann
2106 988 2185 1048 „Die
2223 991 2391 1051 griechische

602 998 715 1058 Boden
752 1004 875 1064 liegend
907 1007 932 1067 in
969 1013 1067 1073 seinem
1114 1018 1382 1078 Arbeitszimmer
1414 1021 1485 1081 auf¬

1518 1016 1690 1076 Tänzerin“
1731 1019 1853 1079 (1902),
1879 1020 2123 1080 „Weissagung"
2164 1026 2281 1086 (1904).
2312 1031 2392 1091 „Das

1524 1052 1597 1112 neue
1623 1055 1711 1115 Lied“
1746 1058 1864 1118 (1905).
1884 1060 1963 1120 „Der
1988 1059 2047 1119 Tod
2077 1059 2126 1119 des
2156 1064 2368 1124 Junggesellen

602 1049 757 1109 gefunden
788 1052 848 1112 und
879 1056 984 1116 wurde
1010 1061 1040 1121 im
1081 1064 1292 1124 bewußtlosen
1323 1070 1478 1130 Zustande

1529 1091 1639 1151 (1907),
1660 1094 1741 1154 „Der
1772 1094 1832 1154 tote
1858 1096 2004 1156 Gabriel“
2046 1099 2161 1159 (1908).
2182 1103 2263 1163 „Das
2294 1103 2394 1163 Tage¬

607 1099 633 1159 zu
666 1097 748 1157 Bett
775 1101 938 1161 gebracht.
960 1105 1024 1165 Dr.
1047 1111 1221 1171 Schnitzler
1248 1112 1307 1172 hat
1336 1116 1378 1176 bis
1411 1118 1465 1178 zun

1519 1127 1585 1187 buch
1624 1130 1677 1190 der
1716 1133 1922 1193 Redegonda“
1966 1137 2086 1197 (1909).
2120 1139 2201 1199 „Der
2240 1141 2374 1201 Mörder

603 1143 747 1203 Eintritt
768 1148 819 1208 des
845 1150 948 1210 Todes
974 1151 1030 1211 das
1056 1159 1257 1219 Bewußtsein
1288 1163 1370 1223 nicht
1392 1165 1479 1225 mehr

1530 1166 1644 1226 (1910),
1678 1172 1860 1232 „Dreisache
1904 1173 2091 1233 Warnung“
2139 1177 2196 1237 und
2245 1180 2393 1240 „Hirten¬

600 1191 748 1251 erlangt.
780 1196 827 1256 Um
875 1195 933 1255 ¼7
965 1199 1028 1259 Uhr
1060 1202 1181 1262 abends
1235 1207 1308 1267 trat
1335 1212 1478 1272 Atem¬

1520 1204 1609 1264 flöte"
1656 1207 1776 1267 (1911),
1813 1210 1913 1270 „Frau
1954 1210 2054 1270 Beate
2096 1211 2150 1271 und
2191 1214 2241 1274 ihr
2282 1214 2367 1274 Sohn

1523 1242 1638 1302 (1913),
1674 1246 1809 1306 „Doktor
1855 1248 2011 1308 Gräsler,
2046 1251 2222 1311 Badearzt“
2273 1253 2378 1313 (1917)

591 1241 823 1301 lähmung
871 1246 939 1306 ein.
966 1248 1012 1308 An
1066 1252 1171 1312 seinem
1229 1258 1471 1318 Krankenlager

1517 1279 1713 1339 „Casanovas
1768 1285 1969 1345 Heimfahrt“
2029 1288 2146 1348 (1918).
2201 1290 2382 1350 Schnitzlers

593 1285 704 1345 weilte
741 1291 794 1351 sein
836 1294 936 1354 sofort
969 1297 1138 1357 berufener
1170 1302 1307 1362 Bruder
1339 1309 1476 1369 Univer¬

1517 1318 1632 1378 neueste
1671 1321 1852 1381 erzählende
1891 1323 1996 1383 Werke
2035 1324 2116 1384 sind:
2160 1327 2251 1387 „Frl.
2295 1329 2366 1389 Else

601 1338 851 1398 sitätsprofessor
890 1342 1012 1402 Hofrat
1040 1350 1234 1410 Primarius
1268 1352 1335 1412 Dr.
1358 1357 1473 1417 Julius

1518 1357 1639 1417 (1924).
1658 1357 1723 1417 eine
1751 1357 1779 1417 in
1812 1359 1895 1419 ihrer
1919 1363 2105 1423 schwierigen
2138 1365 2217 1425 Form
2259 1365 2384 1425 gerade¬

593 1384 767 1444 Schnitzler
800 1389 857 1449 und
884 1390 931 1450 die
958 1392 1085 1452 übrigen
1122 1397 1148 1457 in
1175 1398 1264 1458 Wien
1297 1402 1465 1462 weilenden

1514 1395 1542 1455 zu
1580 1395 1785 1455 meisterhafte
1818 1399 1963 1459 Novelle,
1991 1400 2066 1460 „Die
2095 1401 2178 1461 Frau
2216 1401 2268 1461 des
2301 1402 2389 1462 Rich¬

1509 1430 1593 1490 ters“
1642 1432 1747 1492 (1925)
1787 1433 1844 1493 und
1889 1434 1937 1494 als
1969 1437 2070 1497 letztes
2101 1440 2379 1500 „Traumnovelle“

591 1432 834 1492 Verwandten.
866 1436 948 1496 Noch
990 1440 1031 1500 am
1078 1443 1191 1503 Abend
1234 1447 1347 1507 wurde
1379 1451 1466 1511 durch

1517 1469 1636 1529 (1926).
1670 1470 1741 1530 Alle
1770 1471 1851 1531 diese
1880 1472 1985 1532 Werke
2019 1475 2076 1535 sind
2110 1478 2281 1538 durchwegs
2320 1477 2387 1537 kür¬

594 1478 679 1538 einen
718 1485 890 1545 Amtsarzt
918 1485 966 1545 die
999 1491 1323 1551 Leichenbeschauung
1361 1498 1474 1558 vorge¬

1506 1506 1571 1566 zere
1609 1508 1754 1568 Arbeiten
1797 1511 1998 1571 erzählenden
2036 1515 2195 1575 Inhalts.
2233 1517 2378 1577 Novellen

587 1529 754 1589 nommen.
794 1534 966 1594 Vorläufig
1001 1538 1068 1598 sind
1102 1540 1174 1600 noch
1208 1541 1291 1601 keine
1325 1545 1470 1605 Disposi¬

1514 1542 1576 1602 und
1622 1548 1829 1608 Noveletten.
1866 1551 2053 1611 Schnitzlers
2090 1555 2234 1615 einziget
2271 1557 2377 1617 großer

580 1578 691 1638 tionen
725 1580 803 1640 über
837 1581 881 1641 die
910 1587 1128 1647 Leichenfeier
1157 1590 1336 1650 getroffen.
1381 1593 1464 1653 Man

588 1622 658 1682 will
683 1625 735 1685 die
759 1628 906 1688 Ankunft
937 1630 1036 1690 seines
1066 1634 1095 1694 in
1131 1636 1249 1696 Berlin
1286 1639 1456 1699 weilenden
1492 1648 1610 1708 Roman
1652 1646 1776 1706 erschien
1812 1646 1882 1706 1908
1924 1646 2006 1706 „Der
2036 1643 2112 1703 Weg
2148 1645 2201 1705 ins
2237 1640 2331 1700 Freie

588 1671 743 1731 Sohnes,
762 1676 815 1736 der
841 1679 936 1739 sofort
961 1680 1015 1740 vom
1058 1684 1148 1744 Tode
1173 1685 1220 1745 des
1251 1687 1371 1747 Vaters
1396 1687 1467 1747 ver-
1498 1686 1564 1746 eine
1588 1688 1661 1748 groß
1691 1686 1829 1746 gesehene
1855 1682 2004 1742 Synthese
2035 1682 2083 1742 des
2108 1682 2252 1742 geistigen
2283 1675 2348 1735 Wie

1486 1722 1545 1782 ner
1575 1724 1688 1784 Lebens
1723 1726 1777 1786 zur
1807 1725 1881 1785 Zeit
1911 1724 1959 1784 der
1990 1724 2088 1784 letzten
2128 1721 2364 1781 Jahrhundert¬

587 1721 727 1781 ständigt
761 1726 890 1786 wurde,
913 1730 1103 1790 abwarten.

1491 1763 1616 1823 wende.

628 1822 729 1882 Artur
755 1828 986 1888 Schnitzler
1012 1834 1114 1894 wurde
1147 1834 1178 1894 am
1217 1837 1268 1897 15.
1295 1837 1364 1897 Mai
1391 1837 1460 1897 1862

585 1861 612 1921 in
650 1861 738 1921 Wien
776 1866 925 1926 geboren,
954 1865 1005 1925 als
1039 1870 1127 1930 Sohn
1165 1871 1216 1931 des
1254 1876 1454 1936 ordentlichen

579 1902 757 1962 Professors
787 1903 821 1963 an
851 1903 906 1963 der
931 1906 1059 1966 Wiener
1084 1911 1287 1971 Universität
1318 1914 1381 1974 Dr.
1402 1912 1460 1972 Jo¬

579 1936 658 1996 hann
697 1940 880 2000 Schnitzler,
908 1945 993 2005 eines
1026 1949 1271 2009 Laryngologen
1309 1949 1365 2009 von
1404 1950 1464 2010 Be¬

584 1978 739 2038 deutung.
775 1981 935 2041 Schnitzler
971 1986 1116 2046 studierte
1152 1988 1317 2048 gleichfalls
1353 1988 1458 2048 Medi¬

582 2014 624 2074 zin
657 2017 685 2077 in
718 2019 825 2079 Wien,
844 2019 1054 2079 promovierte
1083 2022 1153 2082 1885
1186 2024 1241 2084 und
1274 2026 1354 2086 war,
1378 2027 1461 2087 nach¬

578 2049 634 2109 dem
671 2051 703 2111 er
737 2052 955 2112 (1886--1889)
979 2058 1035 2118 auf
1059 2061 1277 2121 verschiedenen
1310 2064 1450 2124 Kliniken

583 2091 764 2151 praktiziert
797 2094 853 2154 und
886 2094 956 2154 auch
989 2098 1054 2158 eine
1088 2100 1176 2160 Reise
1209 2100 1260 2160 zum
1307 2102 1442 2162 Studium

571 2128 626 2188 der
667 2130 873 2190 hygienischen
919 2136 1166 2196 Einrichtungen
1212 2137 1281 2197 nach
1327 2139 1450 2199 London

576 2164 635 2224 und
667 2166 768 2226 Paris
800 2170 1038 2230 unternommen
1071 2174 1176 2234 hatte,
1199 2173 1245 2233 bis
1282 2174 1350 2234 1893
1383 2177 1460 2237 Assi¬

577 2202 651 2262 stent
680 2205 773 2265 seines
802 2205 918 2265 Vaters
947 2208 979 2268 an
1013 2208 1064 2268 der
1093 2213 1218 2273 Wiener
1248 2214 1448 2274 allgemeinen

584 2242 769 2302 Poliklinik.
795 2243 857 2303 Den
888 2246 1171 2306 militärärztlichen
1203 2249 1326 2309 Dienst,
1342 2252 1367 2312 in
1399 2252 1444 2312 den

579 2279 740 2339 Schnitzler
775 2280 873 2340 später
903 2284 986 2344 trat,
1011 2286 1114 2346 mußte
1149 2286 1178 2346 er
1208 2287 1271 2347 nach
1306 2290 1354 2350 der
1389 2291 1452 2351 Pu¬

574 2315 721 2375 blikation
757 2321 850 2381 seines
880 2322 1057 2382 „Leutnant
1083 2323 1186 2383 Gustl“
1216 2326 1364 2386 aufgeben
1394 2329 1448 2389 und

575 2354 645 2414 bald
671 2357 812 2417 widmete
838 2360 867 2420 er
888 2360 933 2420 sich
959 2360 1181 2420 ausschließlich
1207 2363 1257 2423 der
1278 2363 1454 2423 Literatur.

610 2393 676 2453 Von
720 2396 893 2456 kleineren,
922 2399 1022 2459 längst
1056 2401 1248 2461 vergessenen
1287 2405 1455 2465 Frühpro¬

568 2431 696 2491 dukten,
731 2431 780 2491 die
815 2434 844 2494 in
889 2434 943 2494 der
978 2437 1155 2497 „Deutschen
1196 2440 1432 2500 Wochenschrift

583 2470 683 2530 (1886)
713 2470 770 2530 und
804 2470 833 2530 in
867 2470 919 2530 der
949 2474 1045 2534 lange
1080 2475 1156 2535 nicht
1185 2475 1267 2535 mehr
1301 2480 1450 2540 bestehen¬

570 2507 624 2567 den
654 2509 826 2569 Zeitschrift
857 2510 915 2570 „An
945 2511 999 2571 der
1025 2512 1142 2572 schönen
1173 2513 1285 2573 blauen
1316 2516 1443 2576 Donau“

575 2545 680 2605 (1889)
711 2547 872 2607 erschienen
908 2550 983 2610 sind,
1003 2551 1039 2611 ist
1069 2551 1124 2611 sein
1160 2552 1266 2612 erstes,
1292 2554 1447 2614 aufsehen¬

568 2584 749 2644 erregendes
778 2586 834 2646 und
862 2585 890 2645 in
918 2587 969 2647 der
993 2589 1171 2649 damaligen
1199 2592 1273 2652 Zeit
1293 2591 1339 2651 als
1368 2592 1437 2652 kühn

569 2623 793 2683 empfundenes
827 2624 934 2684 Werk:
962 2626 1140 2686 „Anatol“,
1164 2627 1229 2687 eine
1257 2630 1355 2690 Reihe
1389 2631 1439 2691 von

568 2658 784 2718 dramatischen
818 2661 991 2721 Dialogen,
1011 2664 1058 2724 die
1087 2664 1145 2724 mit
1170 2664 1251 2724 ihren
1285 2667 1376 2727 scharf
1401 2667 1448 2727 be¬

561 2697 730 2757 obachteten
754 2697 910 2757 Menschen
939 2700 995 2760 und
1023 2702 1112 2762 deren
1146 2703 1297 2763 graziöser
1316 2706 1443 2766 Sprache

568 2733 597 2793 in
627 2736 715 2796 einer
745 2734 799 2794 fast
824 2739 1026 2799 spielerischen
1061 2740 1119 2800 Art
1149 2742 1217 2802 schon
1252 2741 1301 2801 die
1326 2742 1443 2802 Eigen¬

556 2772 609 2832 art
638 2775 696 2835 von
730 2774 914 2834 Schnitzlers
944 2777 1065 2837 Talent
1095 2779 1210 2839 zeigen.
1246 2780 1322 2840 Sein
1362 2782 1443 2842 näch¬

568 2811 620 2871 stes
659 2812 716 2872 und
754 2812 884 2872 zugleich
918 2814 974 2874 das
1008 2815 1084 2875 erste
1118 2818 1319 2878 aufgeführte
1353 2817 1444 2877 Werk

559 2849 628 2909 war
653 2849 737 2909 „Das
767 2849 930 2909 Märchen“
965 2852 1083 2912 (1893).
1113 2855 1157 2915 In
1187 2855 1236 2915 der
1267 2856 1355 2916 gleich
1385 2857 1434 2917 den

563 2888 794 2948 vorgenannten
829 2889 1040 2949 Schöpfungen
1070 2891 1124 2951 dem
1164 2893 1291 2953 Wiener
1321 2896 1429 2956 Milieu

561 2924 798 2984 entnommenen
838 2927 1031 2987 „Liebelei“,
1061 2931 1244 2991 Schnitzlers
1284 2933 1427 2993 seinerzei

566 2963 814 3023 meistgespieltem
862 2967 1057 3027 Schauspiel,
1086 2969 1181 3029 klingt
1211 2969 1267 3029 das
1306 2972 1439 3032 Anatol¬

566 3002 661 3062 motiv
691 3002 806 3062 wider.
840 3003 941 3063 Dessen
975 3007 1220 3067 Uraufführung
1259 3009 1360 3069 (1895)
1390 3010 1427 3070 am

559 3041 774 3101 Burgtheater
804 3040 866 3100 war
895 3043 1072 3103 Schnitzlers
1102 3045 1192 3105 erster
1217 3044 1327 3104 großer
1351 3044 1437 3104 Büh¬

557 3078 734 3138 nenerfolg.
774 3078 818 3138 In
858 3077 942 3137 Wien
982 3080 1075 3140 spielt
1110 3082 1178 3142 auch
1219 3083 1272 3143 das
1322 3084 1430 3144 nächste

558 3114 651 3174 Stück
677 3115 864 3175 „Freiwild“
906 3118 1020 3178 (1896).
1052 3120 1093 3180 In
1130 3121 1207 3181 diese
1234 3123 1337 3183 Jahre
1369 3121 1441 3181 fällt

559 3152 608 3212 die
633 3154 820 3214 Entstehung
856 3156 904 3216 des
934 3155 1111 3215 „Reigen“,
1132 3160 1196 3220 zehn
1231 3158 1344 3218 Szenen
1384 3158 1437 3218 mit

556 3188 606 3248 dem
656 3193 784 3253 gleichen
826 3193 981 3253 erotischen
1018 3196 1255 3256 Grundmotiv,
1283 3196 1329 3256 die
1366 3197 1433 3257 aber

557 3229 612 3289 erst
650 3230 715 3290 viel
748 3230 851 3290 später
889 3232 1025 3292 gedruckt
1063 3233 1119 3293 und
1161 3234 1250 3294 1920,
1284 3235 1428 3295 durchaus

559 3266 637 3326 nicht
661 3267 707 3327 dem
750 3265 858 3325 Willen
891 3268 937 3328 des
966 3270 1105 3330 Dichters
1134 3270 1358 3330 entsprechend,
1377 3272 1433 3332 un¬

557 3303 603 3363 ter
636 3303 687 3363 dem
739 3306 943 3366 Widerspruch
986 3307 1135 3367 weitester
1173 3309 1280 3369 Kreise
1327 3311 1434 3371 aufge¬

558 3340 637 3400 führt
661 3344 802 3404 wurden.
831 3345 1009 3405 Schnitzlers
1038 3347 1141 3407 Werke
1165 3348 1268 3408 reihen
1297 3348 1339 3408 sich
1367 3348 1423 3408 nun

555 3378 583 3438 in
622 3381 736 3441 rascher
770 3384 885 3444 Folge.
919 3383 962 3443 Es
1001 3384 1192 3444 erschienen:
1227 3387 1307 3447 „Das
1351 3386 1432 3446 Ver¬

552 3420 720 3480 mächtnis“
760 3420 878 3480 (1897),
904 3422 948 3482 die
978 3422 1046 3482 drei
1077 3423 1225 3483 Einakter
1265 3426 1432 3486 „Paracel¬

552 3457 640 3517 sus".
670 3458 749 3518 „Die
789 3460 995 3520 Gefährtin",
1025 3461 1108 3521 „Der
1149 3461 1246 3521 grüne
1287 3464 1423 3524 Kakadu“

561 3494 675 3554 (1898),
705 3497 762 3557 sein
801 3498 939 3558 Darama
978 3499 1059 3559 „Der
1088 3499 1226 3559 Schleier
1261 3499 1313 3559 der
1347 3501 1428 3561 Bea¬

546 3535 637 3595 trice"
676 3533 796 3593 (1899),
816 3536 893 3596 dann
927 3537 975 3597 der
1005 3539 1264 3599 Einakterzyklus
1299 3542 1428 3602 „Leben¬

540 3573 615 3633 dige
652 3575 838 3635 Stunden“,
862 3575 988 3635 woraus
1026 3576 1189 3636 besonders
1231 3578 1408 3638 „Literatur

544 3611 735 3671 hervorragt
773 3611 895 3671 (1901),
919 3614 974 3674 dac
1007 3615 1129 3675 Drama
1167 3618 1246 3678 „Der
1289 3617 1424 3677 einsame

546 3649 636 3709 Weg“
697 3650 818 3710 (1903),
854 3651 904 3711 die
955 3653 1106 3713 Komödie
1158 3656 1410 3716 „Zwischenspiel

546 3685 676 3745 (1904);
705 3688 812 3748 ferner
850 3688 877 3748 im
929 3691 1055 3751 gleichen
1098 3694 1200 3754 Jahre
1243 3692 1308 3752 eine
1346 3692 1420 3752 neue

541 3727 778 3787 Einakterreihe
812 3727 1087 3787 „Marionetten“.
1121 3731 1200 3791 „Der
1229 3731 1322 3791 junge
1355 3729 1425 3789 Me¬

541 3764 694 3824 dardus“,
724 3766 814 3826 dessen
858 3766 1040 3826 Titelrolle,
1070 3766 1122 3826 dem
1171 3766 1281 3826 großen
1334 3770 1406 3830 Jose

545 3801 645 3861 Kainz
677 3805 850 3865 zugedacht,
878 3805 928 3865 dem
978 3805 1124 3865 Künstler
1161 3806 1238 3866 nicht
1270 3807 1352 3867 mehr
1389 3806 1416 3866 zu

540 3840 644 3900 spielen
679 3841 836 3901 vergönnt
867 3841 949 3901 war,
976 3841 1011 3901 ist
1038 3842 1085 3902 ein
1120 3844 1238 3904 Drama
1273 3844 1334 3904 aus
1365 3844 1416 3904 den

540 3876 640 3936 Tagen
677 3876 726 3936 der
754 3877 913 3937 Besetzung
945 3879 1054 3939 Wiens
1086 3879 1168 3939 durch
1200 3880 1359 3940 Napoleon
1391 3883 1422 3943 1.

549 3912 721 3972 (erschienen
766 3912 867 3972 1909).
903 3912 1009 3972 Diesem
1058 3915 1164 3975 Werke
1200 3917 1297 3977 folgte
1333 3918 1416 3978 „Das

540 3950 630 4010 weite
669 3951 774 4011 Land“
818 3954 937 4014 (1910),
971 3955 1038 4015 eine
1072 3957 1316 4017 Tragikomödie
1360 3957 1412 4017 des
