3248 4384
1420 219 1559 279 box
1638 222 1825 282 43/9

323 225 809 285 Schnitzler
876 228 913 288 s
972 222 1209 282 Death

1156 1434 1878 1494 OBSERVER

1247 1496 1268 1556 I.
1281 1494 1401 1554 österr.
1415 1489 1565 1549 behördl.
1574 1485 1875 1545 konzessioniertes

1201 1533 1431 1593 Unternehmen
1462 1529 1510 1589 für
1538 1524 1922 1584 Zeitungs-Ausschnitte

1258 1594 1397 1654 WIEN,
1424 1593 1478 1653 I.,
1505 1590 1784 1650 WOLLZEILE
1832 1586 1878 1646 11

1353 1644 1566 1704 TELEPHON
1599 1639 1780 1699 R-23-,-43

1071 1771 1203 1831 lxtrait
1228 1761 1267 1821 du
1302 1750 1488 1810 Journal:

1072 1869 1216 1929 Adresse
1235 1863 1244 1923 :

1520 1939 1573 1999 28

1088 1970 1171 2030 pate

1180 2014 1298 2074 Arthur
1319 2015 1478 2075 Schnitzler
1505 2014 1540 2074 f.
1556 2014 1648 2074 Wenn
1680 2013 1746 2073 man
1778 2011 1823 2071 von
1855 2005 2045 2065 Oesterreichs

1122 2059 1222 2119 großen
1263 2059 1510 2119 zeitgenössischen
1551 2054 1693 2114 Dichtern
1729 2052 1850 2112 spricht,
1881 2050 1946 2110 muß
1982 2044 2047 2104 man

1120 2098 1208 2158 neben
1248 2098 1517 2158 Hofmannsthall
1537 2096 1694 2156 Hermann
1729 2092 1816 2152 Bahr
1851 2089 1905 2149 und
1940 2086 2047 2146 Stefan

1123 2140 1225 2200 Zweig
1255 2140 1426 2200 unbedingt
1456 2139 1519 2199 auch
1549 2137 1597 2197 den
1632 2135 1749 2195 Namen
1783 2133 1900 2193 Arthur
1930 2128 2057 2188 Schnitz¬

1125 2218 1185 2278 leas
1216 2217 1357 2277 nennen,
1378 2217 1428 2277 det
1459 2220 1534 2280 letzte
1565 2217 1672 2277 Woche
1703 2217 1758 2277 fast
1784 2219 1996 2279 siebzigjährig
2027 2217 2057 2277 in

1127 2259 1215 2319 Wien
1247 2259 1398 2319 gestorben
1430 2259 1476 2319 ist.

1192 2303 1225 2363 In
1259 2301 1307 2361 den
1341 2300 1485 2360 Weitesten
1519 2298 1638 2358 Kreisen
1668 2298 1768 2358 wurde
1798 2298 1956 2358 Schnitzler
1980 2298 2061 2358 durch

1133 2340 1182 2400 sein
1212 2341 1390 2401 Schauspiel
1410 2341 1488 2401 „Der
1514 2340 1647 2400 Reigen“
1672 2340 1820 2400 bekannt,
1836 2340 1954 2400 trotzdem
1994 2340 2067 2400 diese

1130 2381 1275 2441 Dichtung
1319 2381 1412 2441 lange
1456 2381 1535 2441 nicht
1569 2378 1616 2438 die
1654 2380 1927 2440 hervorragendste
1975 2378 2073 2438 seiner

1130 2420 1274 2480 Arbeiten
1309 2422 1357 2482 ist,
1381 2420 1439 2480 und
1469 2423 1531 2483 die,
1556 2420 1614 2480 wie
1643 2420 1672 2480 er
1701 2420 1822 2480 einmal
1846 2420 1933 2480 selbst
1958 2420 2078 2480 schrieb,

1128 2462 1203 2522 nicht
1227 2463 1278 2523 für
1306 2462 1372 2522 eine
1405 2461 1625 2521 vergröbernde
1659 2461 1987 2521 Bühnenaufführung
2020 2457 2071 2517 be¬

1128 2502 1243 2562 stimmt
1263 2501 1339 2561 war.
1364 2501 1441 2561 Beim
1480 2501 1561 2561 Lesen
1590 2501 1681 2561 jedoch
1711 2501 1845 2561 enthüllt
1865 2501 1955 2561 dieser
1981 2500 2071 2560 „Rei¬

1134 2544 1202 2604 gen“
1239 2543 1307 2603 eine
1339 2543 1557 2603 erschütternde
1590 2543 1739 2603 Groteske
1776 2541 1826 2601 des
1863 2543 2063 2603 menschlichen

1132 2585 1251 2645 Sexus.
1271 2584 1356 2644 Diese
1381 2583 1476 2643 heikle
1500 2585 1595 2645 Frage
1624 2585 1648 2645 so
1672 2582 1729 2642 fein
1763 2582 1791 2642 zu
1820 2582 1982 2642 gestalten,
2002 2582 2064 2642 war

1125 2623 1180 2683 nur
1212 2623 1294 2683 einem
1340 2623 1468 2683 wirklich
1500 2624 1610 2684 großen
1642 2623 1774 2683 Talente
1807 2623 1948 2683 möglich.

1186 2665 1360 2725 Schnitzler,
1389 2662 1441 2722 von
1480 2663 1583 2723 Beruf
1612 2665 1772 2725 eigentlich
1806 2662 1900 2722 Arzt,
1924 2662 1995 2722 war
2024 2660 2075 2720 der

1129 2704 1415 2764 liebenswürdigste
1454 2704 1542 2764 unter
1581 2702 1632 2762 den
1675 2704 1787 2764 großen
1830 2704 2065 2764 Schriftstellern

1127 2743 1173 2803 der
1202 2746 1460 2806 naturalistischen
1493 2743 1624 2803 Epoche,
1653 2744 1709 2804 und
1743 2743 1770 2803 in
1808 2744 1902 2804 dieser
1931 2744 1991 2804 Art
2020 2743 2066 2803 die

1127 2785 1332 2845 bedeutendste
1361 2785 1562 2845 Erscheinung
1590 2785 1614 2845 in
1647 2785 1848 2845 Oesterreich.
1877 2785 1932 2845 Die
1966 2785 2063 2845 weiche

1127 2826 1322 2886 Wienerluft
1356 2823 1411 2883 und
1449 2824 1500 2884 die
1543 2826 1799 2886 sprichwörtliche
1842 2824 2065 2884 österreichische

1127 2865 1332 2925 Gelassenheit
1365 2865 1443 2925 aber
1480 2865 1534 2925 hat
1567 2865 1663 2925 seinem
1719 2866 1966 2926 Naturalismus
2008 2865 2067 2925 alle

1127 2907 1252 2967 Schärfe
1281 2906 1339 2966 und
1368 2907 1604 2967 Boshaftigkeit
1628 2907 1830 2967 genommen.

1184 2946 1258 3006 Was
1291 2946 1323 3006 an
1362 2946 1526 3006 Schnitzler
1554 2948 1713 3008 besonders
1747 2946 1774 3006 zu
1808 2946 1933 3006 betonen
1972 2948 2018 3008 ist,
2037 2946 2074 3006 ist

1121 2989 1170 3049 der
1198 2988 1362 3048 Umstand,
1381 2988 1435 3048 daß
1467 2988 1499 3048 er
1527 2988 1553 3048 in
1586 2988 1635 3048 den
1673 2988 1813 3048 Jahren,
1837 2987 1864 3047 in
1896 2985 1987 3045 denen
2019 2983 2069 3043 ge¬

1124 3029 1265 3089 wöhnlich
1293 3027 1343 3087 der
1366 3028 1466 3088 geistig
1494 3028 1745 3088 Produzierende
1773 3027 1864 3087 nichts
1892 3027 1974 3087 mehr
1997 3027 2065 3087 oder

1129 3068 1305 3128 wenigstens
1342 3068 1424 3128 nicht
1456 3068 1542 3128 mehr
1574 3068 1638 3128 viel
1670 3068 1774 3128 Neues
1811 3069 1838 3129 zu
1879 3068 1965 3128 sagen
2002 3068 2070 3128 hat,

1128 3110 1190 3170 noch
1219 3110 1340 3170 äußerst
1364 3108 1557 3168 Wertvolles
1581 3110 1667 3170 schuf.
1687 3109 1745 3169 Die
1774 3108 1928 3168 Tragödie
1958 3107 2073 3167 „Bade¬

1123 3150 1189 3210 arzt
1224 3150 1353 3210 Gräser“
1387 3151 1434 3211 zum
1483 3149 1636 3209 Beispiel,
1660 3149 1708 3209 die
1742 3149 1794 3209 das
1833 3149 1967 3209 Problem
2016 3149 2063 3209 des

1123 3191 1285 3251 alternden
1314 3188 1453 3248 Mannes
1482 3188 1505 3248 in
1538 3190 1635 3250 Bezug
1668 3191 1719 3251 auf
1743 3192 1789 3252 die
1813 3192 1891 3252 Frau
1920 3191 2069 3251 schildert,

1128 3235 1161 3295 ist
1185 3231 1226 3291 ein
1261 3230 1473 3290 Meisterwerk
1501 3230 1530 3290 in
1563 3230 1662 3290 seiner
1691 3230 1766 3290 Art.

1185 3271 1300 3331 Arthur
1330 3271 1513 3331 Schnitzler,
1532 3271 1585 3331 der
1610 3271 1735 3331 Dichter
1764 3268 1832 3328 voll
1856 3269 1986 3329 Grazie,
2006 3270 2072 3330 An¬

1125 3311 1188 3371 mut
1216 3313 1276 3373 und
1304 3310 1490 3370 Heiterkeit,
1514 3310 1586 3370 wird
1615 3310 1701 3370 einen
1733 3311 1820 3371 guten
1852 3313 1939 3373 Platz
1962 3310 1989 3370 in
2022 3311 2071 3371 der

1129 3352 1438 3412 Literaturgeschichte
1473 3352 1521 3412 der
1551 3353 1681 3413 Neuzeit
1706 3352 1831 3412 finden,
1856 3352 2069 3412 hauptsächlich

1118 3391 1163 3451 als
1196 3394 1365 3454 Darsteller
1393 3392 1448 3452 des
1481 3391 1559 3451 Eros
1596 3391 1623 3451 in
1660 3392 1710 3452 all
1738 3391 1793 3451 den
1831 3394 2059 3454 mannigfachen

1127 3433 1390 3493 Verkleidungen.
1414 3433 1480 3493 Aus
1513 3433 1607 3493 diesem
1655 3433 1773 3493 Milieu
1811 3433 1924 3493 heraus
1957 3433 2013 3493 hat
2042 3434 2074 3494 er

1123 3472 1195 3532 denn
1236 3474 1305 3534 auch
1342 3474 1442 3534 einige
1479 3472 1629 3532 Novellen
1671 3474 1876 3534 geschrieben,
1904 3474 1941 3534 ich
1978 3474 2068 3534 denke

1124 3516 1196 3576 etwa
1230 3513 1268 3573 an
1307 3514 1355 3574 die
1384 3515 1470 3575 große
1500 3516 1678 3576 Erzählung
1717 3516 1909 3576 „Sterben“,
1934 3516 1982 3576 die
2011 3516 2068 3576 fast

1122 3558 1266 3618 klassische
1294 3558 1486 3618 Prägungen
1519 3558 1657 3618 besitzen.
