3392 4320
312 371 661 431 OBSI

713 383 1023 443 RVER

400 428 425 488 I.
438 431 555 491 österr.
568 434 718 494 behördl.
731 437 1028 497 konzessionlertes

348 472 584 532 Unternehmen
615 476 664 536 für
691 476 1079 536 Zeitungs-Ausschnitte

401 531 548 591 WIEN,
575 536 621 596 I.,
649 536 937 596 WOLLZEILE
984 542 1023 602 11

498 583 717 643 TELEPHON
754 588 926 648 R-23-0-43

292 724 517 784 Ausschnitt
540 728 633 788 aus:

262 905 641 965 Dusseldorfer
670 906 1021 966 Nlachrichten

347 975 518 1035 Auflage
555 975 677 1035 100000
709 975 944 1035 Exemplare

702 1031 739 1091 24
786 1039 874 1099 OKT.
891 1041 950 1101 799

647 1073 880 1133 ugabe
897 1082 944 1142 vom

352 1082 462 1142 Ausadn
511 1082 535 1142 au
569 1083 593 1143 de

2218 1216 2363 1276 heimnis
2393 1216 2448 1276 des
2484 1214 2629 1274 Lebens.
2670 1216 2750 1276 Mag
2806 1215 2906 1275 vieles
2942 1213 2976 1273 an
3033 1213 3138 1273 seinen
3183 1211 3288 1271 denne

296 1243 420 1303 uskar
461 1241 618 1301 maurus
652 1240 855 1300 Fontana:

3182 1248 3279 1308 wahr

2217 1255 2364 1315 Dramen
2403 1254 2465 1314 und
2494 1254 2666 1314 Romanen
2700 1253 2823 1313 formal
2853 1252 3053 1312 vergänglich
3082 1251 3139 1311 sein

3186 1285 3242 1345 fach

2222 1291 2283 1351 und
2313 1292 2355 1352 die
2380 1294 2504 1354 Zeichen
2538 1291 2624 1351 eines
2653 1291 2863 1351 abgeblaßten
2888 1290 3146 1350 Impressionis¬

3186 1324 3273 1384 Lüge

2221 1329 2295 1389 mus
2328 1330 2435 1390 tragen
2473 1329 2482 1389 —
2534 1329 2603 1389 eine
2636 1328 2780 1388 Stimme
2814 1328 2869 1388 wie
2897 1327 2944 1387 die
2977 1327 3074 1387 seine,
3098 1327 3144 1387 die

3187 1360 3272 1420 gleid

2216 1366 2281 1426 von
2319 1365 2370 1425 der
2403 1366 2518 1426 Gnade
2552 1366 2602 1426 des
2640 1366 2761 1426 Lebens
2798 1365 2923 1425 kündet,
2952 1364 3026 1424 kann
3068 1365 3147 1425 nicht

430 1384 544 1444 Son
629 1384 1060 1444 Canaletto
1128 1382 1193 1442 zu
1278 1380 1608 1440 Arthur
1660 1379 2090 1439 Schnitzler

3188 1399 3257 1459 hera

2217 1404 2427 1464 verschallen,
2453 1404 2526 1464 denn
2565 1402 2599 1462 sie
2629 1402 2717 1462 dient
2747 1402 2825 1462 nicht
2850 1404 2898 1464 der
2928 1404 3148 1464 Vergangen¬

3186 1433 3278 1493 Herr

2220 1443 2301 1503 heit,
2321 1440 2451 1500 sondern
2485 1440 2538 1500 dem
2577 1440 2779 1500 Künftigen.

3185 1473 3274 1533 hatte

1104 1476 1157 1536 Ein
1204 1476 1390 1536 Uekrolog

2277 1479 2326 1539 Um
2370 1478 2473 1538 seiner
2503 1479 2625 1539 stillen,
2645 1478 2895 1538 nachdenklichen
2935 1474 2993 1534 und
3024 1473 3038 1533 -
3087 1475 3146 1535 wie

3190 1512 3274 1572 aleid

2620 1515 2624 1575 -
2648 1515 2835 1575 „verrucht"
2863 1513 3140 1573 weltmännischen

2228 1517 2292 1577 man
2330 1515 2459 1575 damals
2492 1514 2566 1574 sand

350 1546 632 1606 Abschiednehmen
662 1551 673 1611 —
721 1550 773 1610 das
804 1549 868 1609 war
899 1549 945 1609 der
969 1549 1098 1609 Inhalt
1117 1545 1405 1605 seiner-stehend,
1424 1545 1476 1605 von
1512 1545 1564 1605 dem
1606 1543 1783 1603 „einsamen
1813 1543 1906 1603 Weg"
1937 1542 1989 1602 der
2013 1541 2189 1601 altgewor¬

3189 1548 3278 1608 schne

2227 1552 2288 1612 Art
2318 1555 2370 1615 hat
2400 1554 2471 1614 man
2505 1554 2581 1614 ihn,
2601 1552 2779 1612 besonders
2813 1551 2850 1611 um
2899 1551 2942 1611 die
2976 1551 3153 1611 Jahrhun¬

285 1588 390 1648 letzten
419 1587 543 1647 Werke,
562 1587 677 1647 immer
701 1587 834 1647 wieder.
854 1589 897 1649 Es
921 1589 988 1649 war
1007 1587 1078 1647 eine
1098 1586 1212 1646 innere
1247 1582 1356 1642 denen
1390 1584 1605 1644 enttäuschten
1639 1584 1902 1644 Puppenspieler
1931 1581 1992 1641 mit
2017 1579 2069 1639 dem
2117 1578 2189 1638 Da¬

3187 1585 3265 1645 bede

2223 1593 2424 1653 dertwende,
2448 1591 2503 1651 lieb
2536 1590 2667 1650 gehabt,
2691 1589 2760 1649 auch
2789 1589 2891 1649 dann,
2915 1587 3004 1647 wenn
3037 1587 3069 1647 er
3098 1587 3148 1647 als

1261 1620 1338 1680 sein,
1357 1619 1415 1679 von
1449 1620 1501 1680 dem
1545 1619 1636 1679 „Ruf
1656 1619 1708 1679 des
1739 1619 1902 1679 Lebens",
1922 1617 1974 1677 der
1998 1616 2075 1676 alles
2109 1615 2190 1675 Sin¬

3189 1624 3273 1684 loser

288 1628 422 1688 Unruhe
452 1625 480 1685 in
515 1625 630 1685 ihnen,
674 1625 746 1685 noch
775 1625 905 1685 einmal
949 1625 1001 1685 den
1036 1625 1132 1685 Kreis
1166 1622 1219 1682 des

2227 1628 2269 1688 ein
2308 1630 2485 1690 Tragiker,
2510 1628 2557 1688 ein
2596 1626 2782 1686 Pathetiker
2811 1626 2931 1686 großen
2965 1623 3055 1683 Stils
3094 1623 3151 1683 vor

1261 1658 1360 1718 nende
1397 1656 1456 1716 und
1492 1658 1606 1718 Selige
1638 1655 1838 1715 überbraust
1865 1656 1928 1716 mit
1956 1655 2060 1715 seiner
2093 1655 2192 1715 grau¬

3192 1659 3242 1719 sam

290 1664 448 1724 geliebten
482 1664 606 1724 Lebens
641 1662 669 1722 zu
708 1664 971 1724 durchschreiten,
996 1663 1062 1723 noch
1097 1661 1221 1721 einmal

2224 1665 2287 1725 uns
2322 1667 2464 1727 hintrat.
2505 1664 2553 1724 Er
2583 1664 2666 1724 blieb
2701 1663 2790 1723 Jahr
2820 1662 2858 1722 um
2903 1661 3011 1721 Jahr,
3036 1660 3090 1720 der
3120 1658 3148 1718 er

1262 1697 1362 1757 samen
1391 1694 1491 1754 Gier,
1506 1694 1558 1754 das
1588 1694 1745 1754 fliehende
1770 1694 1865 1754 Leben
1894 1694 1917 1754 in
1947 1692 2033 1752 jeder
2057 1691 2186 1751 Minute

2224 1702 2314 1762 war,
2334 1704 2381 1764 als
2410 1703 2462 1763 der
2486 1703 2519 1763 er
2544 1702 2706 1762 begonnen
2740 1700 2844 1760 hatte:
2878 1699 3026 1759 verliebt
3046 1698 3069 1758 in
3103 1697 3150 1757 die
3184 1696 3255 1756 sern

290 1703 334 1763 die
355 1700 518 1760 Gestalten
548 1700 602 1760 der
628 1703 806 1763 Phantasie
831 1702 861 1762 zu
886 1701 1029 1761 grüßen.
1069 1699 1128 1759 Si=
1154 1697 1227 1757 alle,

1263 1733 1342 1793 ganz
1369 1735 1400 1795 zu
1433 1731 1575 1791 besitzen,
1597 1733 1654 1793 mit
1677 1730 1776 1790 seiner
1804 1732 1988 1792 fiebernden
2021 1733 2137 1793 Angst,
2159 1731 2184 1791 zu

2229 1742 2356 1802 Wiener
2381 1742 2750 1802 Kleinbürgerlichkeit,
2770 1738 2794 1798 in
2824 1737 2868 1797 die
2893 1737 3035 1797 Liebelei
3055 1736 3153 1796 erster

297 1741 375 1801 seine
400 1739 562 1799 Menschen
592 1740 650 1800 und
676 1740 744 1800 ihre
769 1740 950 1800 Schicksale,
966 1740 1024 1800 ließ
1050 1739 1221 1799 Schnibler

1262 1775 1336 1835 kurz
1361 1772 1440 1832 oder
1465 1771 1494 1831 zu
1525 1771 1593 1831 spät
1614 1769 1642 1829 zu
1678 1769 1835 1829 kommen.

2228 1778 2378 1838 Jugend,
2424 1778 2484 1838 mit
2520 1778 2594 1838 Maß
2635 1777 2871 1837 sozialkritisch,
2897 1776 3023 1836 elegisch
3058 1772 3148 1832 müde

287 1781 321 1841 an
357 1777 406 1837 sich
432 1778 684 1838 vorbeiziehen.
725 1778 768 1838 Er
799 1778 848 1838 saß
893 1776 957 1836 auf
998 1777 1091 1837 einer
1122 1777 1230 1837 Bank,

1318 1811 1472 1871 Zwischen
1504 1808 1684 1868 Sehnsucht
1710 1807 1766 1867 und
1798 1806 1906 1866 Traum
1948 1805 2071 1865 standen
2108 1804 2190 1864 seine

2229 1816 2284 1876 und
2308 1815 2570 1875 ergebungsvoll
2589 1813 2856 1873 lebensfreudig.
2889 1811 2931 1871 Es
2960 1811 3025 1871 war
3049 1811 3146 1871 etwas

292 1816 377 1876 Laub
407 1816 521 1876 mochte
546 1816 603 1876 auf
622 1816 670 1876 ihn
704 1816 837 1876 gefallen
867 1814 924 1874 sein
958 1814 1020 1874 und
1045 1813 1087 1873 ein
1121 1813 1221 1873 wenig

1262 1846 1429 1906 Menschen
1468 1846 1496 1906 in
1535 1846 1626 1906 einer
1660 1843 1822 1903 „ringsum
1870 1842 2067 1902 aufgetanen
2105 1840 2196 1900 Welt

2228 1852 2259 1912 an
2287 1853 2368 1913 ihm,
2387 1852 2454 1912 was
2482 1852 2545 1912 man
2577 1852 2608 1912 am
2649 1850 2744 1910 besten
2771 1849 3038 1909 hoffnungsvolle
3061 1848 3156 1908 Hoff¬

297 1853 408 1913 Sonne
437 1854 483 1914 ihn
512 1855 679 1915 wärmen.
717 1854 787 1914 Der
815 1854 936 1914 Reigen
970 1852 1067 1912 seines
1100 1850 1217 1910 Lebens

1262 1882 1314 1942 der
1348 1884 1467 1944 Rätsel
1496 1883 1558 1943 und
1597 1881 1884 1941 Versuchungen".
1928 1879 2085 1939 Vorüber
2120 1878 2176 1938 auc

2229 1891 2490 1951 nungslosigkeit
2518 1891 2602 1951 hätte
2631 1890 2756 1950 nennen
2790 1888 2929 1948 können,
2953 1885 3032 1945 weil
3056 1885 3149 1945 dieses

297 1895 352 1955 und
385 1892 487 1952 seines
516 1891 651 1951 Werkes
703 1890 815 1950 tanzte
843 1891 875 1951 an
913 1891 959 1951 ihm
1007 1889 1123 1949 vorbei
1166 1887 1216 1947 ins

1261 1923 1330 1983 sie!.
1335 1921 1493 1981 Vorüber
1523 1920 1596 1980 diese
1621 1921 1878 1981 nazissushafte,
1893 1918 1942 1978 sich
1967 1918 2169 1978 bespiegelnd

2227 1930 2354 1990 Gefühl
2374 1928 2433 1988 und
2458 1929 2536 1989 diese
2561 1927 2762 1987 Erkenntnis
2787 1925 2880 1985 nichts
2910 1924 2998 1984 mehr
3023 1921 3071 1981 für
3097 1923 3145 1983 das

290 1930 447 1990 Dunkle,
463 1930 487 1990 in
522 1930 575 1990 das
601 1930 634 1990 er
660 1930 723 1990 nun
753 1930 856 1990 selber
881 1929 1033 1989 gesunken
1064 1929 1112 1989 ist.
1147 1924 1230 1984 Voll

1267 1960 1472 2020 Schwermut
1502 1958 1564 2018 und
1593 1957 1765 2017 Klugheit,
1790 1956 1934 2016 vorüber
1963 1954 2063 2014 dieses
2098 1954 2198 2014 Spiel

2226 1966 2282 2026 Ich
2306 1966 2519 2026 erwarteten,
2538 1963 2612 2023 aber
2641 1963 2691 2023 vom
2734 1963 2854 2023 Leben,
2874 1963 2924 2023 von
2957 1960 3008 2020 der
3032 1960 3162 2020 Natur,

294 1969 531 2029 sinnbildlicher
564 1964 666 2024 Kraft
694 1966 759 2026 war
792 1967 843 2027 es,
890 1966 977 2026 wenn
1034 1965 1061 2025 in
1118 1963 1205 2023 einem

1262 1997 1324 2057 mit
1348 1997 1459 2057 Schein
1493 1995 1555 2055 und
1584 1993 1695 2053 Sch-in
1738 1995 1844 2055 („Was
1873 1993 1921 2053 faß
1956 1991 2012 2051 ich,
2032 1991 2123 2051 wenn
2153 1990 2181 2050 id

2229 2002 2282 2062 vom
2326 2004 2378 2064 All
2398 2002 2480 2062 alles
2504 2002 2518 2062 -
2562 2002 2682 2062 immer
2712 2002 2736 2062 in
2770 2001 2818 2061 der
2847 2001 2934 2061 leisen
2968 1996 3151 2056 Zuversicht

292 2008 395 2068 dieser
420 2005 523 2065 letzten
553 2005 765 2065 Schauspiele
790 2004 838 2064 die
864 2004 1060 2064 Aufhörerin
1096 2002 1139 2062 die
1164 2001 1227 2061 Be¬

1431 2032 1574 2092 vorüber
1604 2031 1699 2091 dieses
1729 2032 1920 2092 resignierte
1945 2028 2189 2088 Beiseitestehen

1263 2033 1362 2093 fasse?

2231 2040 2280 2100 daß
2314 2040 2396 2100 dann
2430 2040 2590 2100 vielleicht
2619 2040 2684 2100 auch
2718 2039 2817 2099 etwas
2851 2037 2900 2097 für
2929 2037 2983 2097 das
3017 2037 3072 2097 Ich
3100 2032 3155 2092 ab¬

299 2043 448 2103 ginnerin
482 2043 649 2103 umarmte
678 2041 741 2101 und
770 2040 861 2100 küßte
890 2041 904 2101 —
948 2040 976 2100 so
1001 2041 1144 2101 begrüßt
1169 2040 1221 2100 das

1266 2072 1314 2132 des
1341 2072 1541 2132 Wissenden,
1563 2070 1704 2130 vorüber
1732 2069 1829 2129 dieser
1851 2067 1969 2127 Rausch
1992 2067 2046 2127 der
2073 2065 2197 2125 einmal

2232 2079 2327 2139 falle.

290 2084 468 2144 scheidende
497 2082 598 2142 Leben
637 2080 695 2140 das
729 2079 917 2139 kommende
951 2077 1066 2137 Leben.

1268 2110 1408 2170 gelebten
1444 2109 1579 2169 Jugend
1615 2108 1699 2168 („Wo
1730 2107 1790 2167 seid
1821 2106 1870 2166 ihr
1896 2105 1971 2165 hin,
1992 2105 2041 2165 des
2072 2103 2187 2163 Glücks

2286 2114 2335 2174 So
2386 2112 2457 2172 war
2491 2112 2557 2172 auch
2614 2111 2696 2171 seine
2730 2112 2924 2172 Heiterkeit:
2974 2106 3157 2166 Blutsver¬

354 2118 403 2178 Da
438 2120 506 2180 war
541 2120 589 2180 er,
614 2118 668 2178 der
698 2118 766 2178 alte
796 2118 943 2178 Dichter,
968 2115 1031 2175 und
1061 2115 1144 2175 nahm

1268 2147 1525 2207 durchglühende
1556 2143 1723 2203 Tage?"),
1767 2143 1911 2203 vorüber
1947 2142 2049 2202 dieser
2080 2142 2193 2202 Glanz
2231 2150 2344 2210 wandt
2363 2151 2410 2211 den
2441 2150 2614 2210 Watteaus
2639 2150 2699 2210 und
2724 2148 2958 2208 Fragonards,
2970 2147 3024 2207 der
3043 2143 3156 2203 Maler

298 2157 478 2217 rührendes
504 2155 579 2215 Bild
605 2154 614 2214 —
665 2154 800 2214 einsam,
816 2154 876 2214 wie
897 2154 931 2214 er
952 2151 1117 2211 geworden
1148 2151 1213 2211 war

1264 2184 1320 2244 der
1349 2184 1490 2244 Masken
1530 2183 1591 2243 und
1626 2181 1789 2241 Kostüme.
1830 2180 2010 2240 Vorüber!
2055 2176 2100 2236 Er
2135 2183 2287 2243 sah,der
2321 2187 2558 2247 Schäferspiele

2666 2187 2724 2247 ein
2764 2187 2867 2247 wenig
2903 2187 3044 2247 zynisch,
3085 2183 3157 2243 sehr

298 2196 438 2256 Abschied
489 2193 549 2253 von
590 2193 640 2253 dem
691 2190 973 2250 „Zwischenspiel"
1024 2190 1074 2250 der
1105 2190 1230 2250 Sinne,

1266 2222 1322 2282 das
1350 2222 1424 2282 alles
1453 2221 1522 2281 war
1546 2221 1624 2281 nicht
1648 2220 1732 2280 mehr
1761 2220 1988 2280 aufzuhalten,
2007 2215 2058 2275 das
2087 2217 2193 2277 mußte

2232 2226 2378 2286 tronisch,
2400 2225 2491 2285 leicht
2513 2222 2746 2282 melancholisch
2779 2222 2838 2282 und
2865 2221 2908 2281 sich
2936 2222 3022 2282 ganz
3044 2220 3070 2280 in
3103 2220 3151 2280 der

297 2233 354 2293 von
388 2231 440 2291 dem
489 2231 617 2291 „weiten
651 2229 756 2289 Land“
786 2228 1097 2288 stimmungshafter
1126 2225 1231 2285 Däm¬

1267 2261 1405 2321 sterben.
1449 2258 1538 2318 Aber
1568 2258 1596 2318 er
1627 2258 1734 2318 wußte
1764 2255 1858 2315 auch:
1902 2254 1947 2314 Es
1982 2252 2104 2312 kommt
2149 2250 2197 2310 be¬

2234 2264 2351 2324 Maske
2401 2264 2455 2324 des
2490 2261 2612 2321 seruell
2642 2261 2824 2321 Blasierten
2863 2258 3040 2318 gefallend.
3080 2255 3153 2315 Von

295 2268 486 2328 merseelen,
510 2267 570 2327 von
608 2268 659 2328 der
692 2267 870 2327 „Komödie
903 2265 954 2325 der
987 2264 1202 2324 Verführung

1266 2297 1354 2357 einem
1401 2297 1531 2357 Dichter
1578 2294 1662 2354 nicht
1690 2294 1751 2354 auf
1775 2293 1830 2353 das
1863 2292 1918 2352 an,
1961 2291 2030 2351 was
2059 2289 2095 2349 an
2128 2288 2179 2348 ihm

2229 2301 2386 2361 Rousseau
2425 2302 2482 2362 und
2516 2300 2669 2360 Voltaire
2699 2299 2803 2359 waren
2837 2297 2904 2357 jene
2933 2297 2961 2357 so
2991 2294 3067 2354 weit
3091 2293 3158 2353 ent¬

297 2309 385 2369 durch
414 2306 469 2366 das
498 2306 642 2366 Theater
676 2305 736 2365 und
770 2303 821 2363 das
854 2303 1060 2363 Abenteuer.
1084 2302 1139 2362 von
1177 2300 1228 2360 der

1267 2334 1405 2394 sterblich
1439 2334 1491 2394 ist,
1535 2333 1669 2393 sondern
1707 2330 1765 2390 auf
1794 2330 1870 2390 das,
1914 2327 1980 2387 was
2033 2327 2091 2387 von
2129 2326 2181 2386 ihm

2231 2337 2319 2397 fernt
2347 2339 2403 2399 wie
2436 2337 2486 2397 der
2515 2338 2650 2398 Wiener
2683 2336 2893 2396 Cottagesohn
2930 2333 2986 2393 von
3019 2333 3158 2393 Strind¬

302 2347 474 2407 „Komödie
508 2345 560 2405 der
599 2343 732 2403 Worte"
767 2341 910 2401 zwischen
949 2341 1001 2401 den
1044 2339 1236 2399 Menschen,

1267 2375 1360 2435 übrig
1390 2372 1512 2432 bleiben
1547 2372 1645 2432 wird.
1684 2367 1758 2427 Und
1783 2366 1841 2426 das
1871 2366 1905 2426 ist
1930 2366 1979 2426 bei
2004 2363 2199 2423 Schnitzler:

2229 2378 2305 2438 berg
2334 2377 2391 2437 und
2421 2375 2631 2435 Weininger.
2646 2374 2688 2434 Er
2718 2373 2774 2433 wie
2799 2373 2866 2433 jene
2886 2372 2991 2432 waren
3020 2369 3168 2429 Rokoko,

296 2386 347 2446 die
376 2384 533 2444 einander
562 2382 617 2442 nie
646 2381 803 2441 verstehen
846 2381 985 2441 können,
1009 2378 1078 2438 auch
1111 2378 1139 2438 in
1172 2375 1227 2435 der

1270 2410 1321 2470 das
1359 2411 1517 2471 fromme,
1559 2408 1717 2468 ergebene
1764 2406 1829 2466 und
1862 2405 2038 2465 anbetende
2071 2402 2196 2462 Hände¬

2233 2414 2337 2474 waren
2373 2412 2504 2472 Zeugen
2559 2412 2649 2472 einer
2681 2411 2799 2471 satten,
2840 2410 2894 2470 dem
2940 2408 3057 2468 Genuß
3094 2407 3152 2467 und

297 2423 426 2483 nächsten
461 2420 547 2480 Nähe
576 2420 672 2480 nicht,
692 2420 744 2480 vom
789 2417 976 2477 „Leutnant
995 2414 1130 2474 Gustl“,
1145 2414 1221 2474 ewig

2229 2450 2286 2510 dem
2334 2449 2544 2509 Bewußtsein
2588 2448 2640 2508 des
2679 2446 2841 2506 Genusses
2880 2446 3052 2506 raffiniert
3086 2442 3158 2502 hin¬

298 2461 435 2521 zwischen
474 2461 588 2521 Duell
628 2457 696 2517 und
727 2458 887 2518 Triumph
942 2457 1002 2517 der
1049 2452 1216 2512 Amouren
1272 2452 1370 2512 salten
1401 2452 1462 2512 vor
1493 2449 1546 2509 dem
1586 2446 1707 2506 immer
1731 2444 1837 2504 neuen
1868 2439 2014 2499 Wunder
2045 2435 2105 2495 und
2137 2437 2197 2497 Ge¬

2234 2489 2406 2549 gegebenen
2440 2488 2578 2548 Kultur.
2613 2485 2732 2545 Daher
2756 2482 2899 2542 stammte
2924 2482 2971 2542 die
3001 2482 3144 2542 Wachhei

2229 2527 2257 2587 in
2296 2527 2397 2587 seinen
2441 2524 2628 2584 Menschen,
2653 2524 2749 2584 daher
2783 2521 2864 2581 seine
2899 2518 2989 2578 Liebe
3024 2520 3052 2580 zu
3091 2518 3143 2578 dem

2229 2563 2415 2623 Leutnant,
2435 2562 2482 2622 der
2507 2560 2554 2620 ihm
2598 2562 2746 2622 Symbol
2765 2560 2818 2620 für
2842 2559 2885 2619 ein
2919 2557 3038 2617 schönes
3068 2554 3163 2614 Stück

2234 2602 2400 2662 zuckenden
2434 2599 2586 2659 Fleisches
2615 2599 2700 2659 war.
2720 2597 2834 2657 Dieser
2858 2596 2948 2656 allein
2982 2593 3063 2653 hatte
3083 2593 3158 2653 nicht

2234 2637 2278 2697 die
2308 2637 2557 2697 Überlegenheit
2582 2634 2631 2694 des
2656 2634 2856 2694 Intellekts,
2877 2633 2920 2693 die
2940 2633 3023 2693 sonst
3043 2630 3156 2690 immer

2234 2676 2281 2736 die
2315 2675 2477 2735 Menschen
2535 2672 2587 2732 bei
2617 2673 2794 2733 Schnitzler
2847 2670 2966 2730 haben,
3010 2667 3081 2727 auch
3116 2667 3163 2727 die

2234 2713 2382 2773 Frauen.
2426 2712 2478 2772 In
2517 2709 2569 2769 den
2612 2709 2837 2769 Mittelpunkt
2871 2706 2971 2766 seiner
3005 2703 3153 2763 Dramen

2234 2751 2297 2811 und
2327 2751 2479 2811 Novellen
2510 2748 2608 2808 stellte
2638 2748 2667 2808 er
2692 2748 2766 2808 gern
2796 2745 2909 2805 Arzte,
2929 2742 3169 2802 Schauspieler,

2229 2789 2475 2849 Schriftsteller.
2519 2784 2566 2844 Es
2606 2784 2712 2844 waren
2751 2783 2939 2843 Menschen,
2968 2781 3064 2841 denen
3103 2778 3156 2838 das

2236 2826 2331 2886 Wort
2351 2825 2442 2885 leicht
2466 2823 2562 2883 wird,
2582 2823 2630 2883 die
2654 2823 2716 2883 viel
2740 2822 2803 2882 und
2827 2820 2898 2880 gern
2928 2817 2985 2877 von
3014 2817 3062 2877 sich
3087 2816 3168 2876 aus¬

2234 2864 2322 2924 sagen
2360 2863 2419 2923 und
2453 2861 2545 2921 deren
2578 2861 2727 2921 gescheite
2756 2858 3002 2918 Anmerkungen
3040 2853 3067 2913 zu
3105 2855 3156 2915 den

2236 2900 2459 2960 verworrenen
2492 2898 2724 2958 Beziehungen
2752 2897 2802 2957 des
2830 2894 2948 2954 Lebens
2976 2891 3035 2951 fast
3059 2891 3154 2951 etwas

2236 2939 2432 2999 Berufliches
2466 2936 2587 2996 haben.
2611 2935 2672 2995 Sie
2701 2934 2808 2994 waren
2842 2932 2902 2992 auf
2926 2930 3015 2990 einen
3053 2928 3165 2988 Punkt

2236 2977 2364 3037 fixiert:
2389 2975 2448 3035 auf
2473 2974 2517 3034 die
2547 2972 2674 3032 Erotik.
2695 2972 2763 3032 Die
2788 2969 2926 3029 erlebten
2961 2966 2995 3026 sie
3025 2966 3084 3026 und
3114 2964 3167 3024 er¬

2236 3014 2326 3074 litten
2360 3011 2393 3071 sie
2422 3012 2542 3072 immer
2571 3012 2710 3072 wieder,
2729 3011 2824 3071 Arzt,
2844 3006 3069 3066 Schauspieler
3098 3004 3160 3064 und

2237 3051 2484 3111 Schriftsteller.
2525 3047 2570 3107 Es
2626 3046 2696 3106 war
2748 3045 2808 3105 das
2860 3042 3061 3102 Treibende,
3107 3041 3162 3101 das

2241 3089 2473 3149 Schöpferische
2500 3087 2553 3147 der
2581 3085 2857 3145 Schnitzlerwelt,
2890 3082 2965 3142 aber
3004 3079 3073 3139 auch
3112 3078 3165 3138 ihr

2240 3127 2517 3187 Vergängliches.

2297 3163 2493 3223 Schnitzlers
2534 3157 2813 3217 Grunderlebnis
2859 3155 2930 3215 mag
2976 3154 3071 3214 dieses
3117 3150 3152 3210 ge

2236 3201 2336 3261 wesen
2365 3199 2451 3259 sein:
2471 3197 2538 3257 Wie
2567 3196 2609 3256 sich
2639 3196 2748 3256 Schein
2778 3193 2839 3253 mit
2860 3192 2935 3252 Sein
2965 3190 3156 3250 vertauschte

2236 3238 2474 3298 verwechselte,
2498 3235 2544 3295 sich
2577 3233 2722 3293 mengte,
2742 3233 2788 3293 sich
2822 3229 3018 3289 ineinander
3047 3229 3158 3289 krallte

2238 3274 2292 3334 daß
2324 3276 2428 3336 keiner
2456 3273 2542 3333 mehr
2570 3272 2606 3332 am
2648 3270 2738 3330 Ende
2761 3270 2916 3330 erkennen
2948 3267 3079 3327 konnte,
3098 3264 3161 3324 was

2240 3312 2411 3372 Wahrheit
2459 3309 2528 3369 war
2580 3309 2640 3369 und
2691 3308 2803 3368 Trug.
2864 3305 3003 3365 Daraus
3055 3300 3166 3360 wurd¬

3216 3321 3279 3381 Zeit

2241 3350 2432 3410 Schnitzlers
2480 3348 2609 3408 schönste
2653 3344 2964 3404 Bühnendichtung,
3003 3339 3050 3399 die
3094 3339 3151 3399 vom

3211 3360 3267 3420 lich

2236 3387 2398 3447 „Grünen
2436 3385 2589 3445 Kakadu"
2623 3384 2785 3444 geboren,
2829 3381 2876 3441 die
2925 3378 3010 3438 seine
3063 3375 3163 3435 ganze

2236 3426 2403 3486 elegische,
2427 3420 2762 3480 zwischenlichtartige
2791 3418 2891 3478 Kunst
2920 3417 2943 3477 in
2982 3414 3073 3474 einen
3107 3412 3168 3472 Akt

3212 3450 3275 3510 und

2241 3461 2546 3521 zusammenpreßte
2585 3458 2847 3518 Unvergänglich
2877 3453 2943 3513 auch
2977 3453 3034 3513 sein
3073 3450 3168 3510 „Rei¬

3206 3486 3268 3546 das

2238 3501 2329 3561 gen",
2354 3498 2431 3558 diese
2460 3495 2658 3555 bitterbösen
2692 3494 2885 3554 Gespräche,
2905 3491 2952 3551 die
2982 3489 3044 3549 aus
3074 3485 3165 3545 einer

2242 3535 2373 3595 Stunde
2406 3533 2458 3593 des
2490 3533 2685 3593 Erkennens
2723 3533 2791 3593 eine
2823 3531 2875 3591 des
2907 3530 3029 3590 ewigen
3061 3526 3171 3586 Nicht¬
3203 3523 3308 3583 began

3208 3560 3322 3620 barock

2240 3575 2423 3635 erkennens
2454 3570 2597 3630 machen.

3208 3599 3332 3659 graber

2299 3608 2371 3668 Wer
2399 3611 2482 3671 wird
2517 3608 2655 3668 geliebt,
2678 3604 2739 3664 wer
2773 3602 2867 3662 liebt,
2890 3601 2933 3661 wo
2963 3599 3001 3659 ist
3029 3599 3173 3659 Heimat,

3212 3635 3316 3695 Sterb

2246 3647 2488 3707 Bestimmung,
2517 3644 2559 3704 wo
2597 3644 2671 3704 hört
2704 3642 2760 3702 das
2798 3640 2985 3700 Abenteuer
3018 3637 3074 3697 auf
3107 3635 3167 3695 und

3210 3674 3276 3734 det.
3293 3673 3304 3733 I

2240 3685 2380 3745 beginnt
2407 3682 2460 3742 der
2491 3679 2574 3739 Sinn
2615 3679 2703 3739 eines
2738 3676 2862 3736 Lebens
2928 3674 3003 3734 Das
3057 3673 3162 3733 waren

2242 3722 2437 3782 Schnitzlers
2463 3719 2588 3779 Fragen
2619 3718 2653 3778 an
2684 3716 2729 3776 sich
2760 3715 2819 3775 und
2845 3715 2920 3775 seine
2946 3712 3106 3772 Umwelt.
3122 3709 3322 3769 Erabgese

3209 3748 3302 3808 Aber

2240 3760 2354 3820 wurde
2385 3758 2469 3818 nicht
2496 3754 2606 3814 müde,
2633 3753 2664 3813 zu
2705 3753 2832 3813 zeigen,
2855 3751 2911 3811 wie
2944 3748 3031 3808 jeder
3063 3748 3164 3808 davon

3214 3786 3324 3846 Inkon

2245 3797 2361 3857 sprach,
2385 3795 2426 3855 ein
2459 3792 2543 3852 jeder
2572 3792 2613 3852 ein
2646 3790 2739 3850 Wort
2763 3790 2855 3850 dafür
2879 3787 2982 3847 hatte,
3001 3787 3047 3847 die
3071 3784 3154 3844 Seel

3207 3823 3303 3883 fassen

2245 3836 2322 3896 aber
2354 3834 2418 3894 leer
2450 3830 2537 3890 blieb
2574 3829 2637 3889 und
2670 3828 2719 3888 ins
2756 3826 2851 3886 Leere
2884 3826 2988 3886 blickte
3021 3822 3084 3882 und
3117 3822 3171 3882 ins

3210 3861 3323 3921 Visior

2246 3868 2341 3928 Leere
2365 3871 2456 3931 ging.
2476 3868 2567 3928 Wie?
2591 3866 2706 3926 wurde
2726 3865 2802 3925 alles
2832 3865 2888 3925 zur
2908 3862 3028 3922 großen
3058 3862 3177 3922 Szene,

3211 3897 3305 3957 maa.

2273 3909 2405 3969 Nwahr,
2420 3906 2575 3966 verbogen
2605 3906 2663 3966 und
2694 3903 2989 3963 unwahrscheinlich
3012 3900 3070 3960 und
3100 3897 3166 3957 war

3208 3934 3306 3994 lichke

3210 3972 3286 4032 noch
