3344 4384
133 366 260 426 2.
321 369 915 429 Schnitzler's
987 375 1213 435 Death

1419 372 1554 432 box
1634 381 1824 441 42/6

217 999 425 1059 VER

136 1056 427 1116 konzessioniertes

131 1097 458 1157 tungs-Ausschnitte

139 1160 331 1220 LLZEILE
376 1156 397 1216 1

154 1209 329 1269 R-23-0-43

376 1343 473 1403 Vien

260 1526 372 1586 1021

143 1554 152 1614 D

769 1786 900 1846 fanfter
925 1784 996 1844 Tod
1022 1782 1082 1842 aus
1132 1781 1396 1841 unermüdlicher
1435 1778 1675 1838 schöpferischer
1713 1774 1894 1834 Tätigkeit
1931 1772 2076 1832 späteren
2114 1772 2233 1832 Stelle
2247 1771 2317 1831 sagt
2343 1769 2390 1829 er,
2417 1770 2464 1830 ein
2501 1769 2596 1829 Feind
2634 1766 2948 1826 literarhistorischer
2973 1759 3056 1819 Ein¬

760 1830 892 1890 gerissen
927 1826 996 1886 hat,
1014 1825 1053 1885 ist
1077 1825 1140 1885 mit
1164 1823 1209 1883 ein
1244 1823 1388 1883 Spiegel
1412 1820 1498 1880 jener
1527 1820 1665 1880 Epoche,
1683 1819 1711 1879 in
1746 1817 1798 1877 der
1827 1817 1873 1877 sich
1919 1814 2103 1874 ordnung:
2133 1815 2253 1875 „Jeder
2283 1814 2409 1874 Dichter
2444 1813 2484 1873 ist
2508 1811 2640 1871 Realist
2669 1811 2732 1871 und
2762 1808 2923 1868 Idealist,
2964 1803 3050 1863 Im¬

141 1829 406 1889 Schnitzler.

1925 1859 2112 1919 pressionist
2147 1856 2212 1916 und
2246 1855 2500 1915 Expressionist,
2528 1855 2727 1915 Naturalist
2761 1852 2821 1912 und
2861 1850 3053 1910 Symbolist

753 1871 812 1931 dec
824 1871 925 1931 große
948 1868 1132 1928 Uebergang
1154 1867 1213 1927 aus
1241 1865 1289 1925 der
1316 1865 1517 1925 Hochkultur
1534 1862 1587 1922 des
1626 1862 1712 1922 alten
1751 1859 1880 1919 Reiches

145 1897 191 1957 es
226 1892 459 1952 Dichters.

1927 1904 2064 1964 zugleich
2090 1901 2161 1961 oder
2192 1898 2221 1958 er
2247 1898 2282 1958 ist
2301 1898 2493 1958 überhaupt
2518 1895 2638 1955 keiner.
2675 1895 2844 1955 Natürlich
2869 1892 3055 1952 überwiegt

759 1913 792 1973 in
827 1916 866 1976 ein
900 1913 1075 1973 unsicheres
1104 1910 1165 1970 und
1194 1908 1488 1968 zukunftsdunkles
1517 1905 1624 1965 Neues
1658 1905 1800 1965 vollzog.
1817 1902 1884 1962 Der

1925 1945 1996 2005 eine
2030 1942 2129 2002 dieser
2158 1942 2284 2002 Kunst-
2312 1940 2373 2000 und
2407 1939 2765 1999 Weltanschauungen,
2788 1937 2815 1997 je
2850 1936 2921 1996 nach
2954 1933 3053 1993 Tem¬

137 1951 205 2011 dolf
232 1948 332 2008 List.

764 1958 839 2018 erste
866 1957 995 2017 Schritt
1017 1954 1066 2014 des
1094 1954 1217 2014 jungen
1250 1951 1390 2011 Dichters
1423 1950 1487 2010 war
1515 1949 1601 2009 jener
1634 1945 1812 2005 „Anatol“,
1834 1945 1882 2005 der

765 1999 859 2059 heute
889 2000 959 2060 noch
989 1998 1035 2058 als
1065 1995 1212 2055 seltsame
1242 1993 1382 2053 Melodie
1412 1993 1470 2053 aus
1506 1992 1559 2052 den
1589 1988 1876 2048 Frühlingstagen
1924 1987 2118 2047 perament,
2142 1985 2271 2045 Anlage
2330 1984 2394 2044 und
2448 1981 2694 2041 Stimmung".
2736 1979 2829 2039 Sein
2883 1979 3047 2039 schärfster

159 2006 195 2066 ist
225 2005 273 2065 der
309 2002 422 2062 Wiener
459 1999 572 2059 Dichter
609 1995 716 2055 Doktor

1929 2031 2058 2091 Kampf
2083 2031 2141 2091 gilt
2160 2029 2212 2089 dem
2255 2026 2455 2086 Grotesken,
2473 2023 2526 2083 das
2556 2023 2603 2083 die
2627 2023 2745 2083 Bühne
2770 2023 2893 2083 vielfach
2923 2023 2929 2083 —
2982 2020 3046 2080 auch

765 2044 815 2104 des
849 2042 1108 2102 österreichischen
1149 2037 1407 2097 Naturalismus
1442 2035 1470 2095 in
1527 2035 1588 2095 uns
1640 2035 1769 2095 klingt:
1814 2029 1882 2089 vier

131 2046 195 2106 ler
244 2043 362 2103 wenige
392 2039 519 2099 Monate
569 2035 622 2095 vor
672 2033 721 2093 der

1935 2076 2000 2136 dies
2025 2074 2157 2134 sondert
2182 2071 2229 2131 ihn
2260 2071 2314 2131 von
2344 2071 2392 2131 der
2417 2069 2537 2129 großen
2567 2068 2687 2128 Menge
2712 2068 2814 2128 seiner
2833 2063 3043 2123 literarischen

125 2083 159 2143 ses
209 2080 262 2140 70.
287 2080 509 2140 Lebensjahres
559 2071 730 2131 gestorben.

767 2089 874 2149 Jahre
907 2088 971 2148 nach
1004 2083 1148 2143 Gerhart
1171 2080 1406 2140 Hauptmanns
1439 2078 1525 2138 „Vor
1552 2076 1890 2136 Sonnenaufgang“,

1937 2116 2151 2176 Zeitgenossen
2191 2112 2207 2172 —
2265 2112 2366 2172 unter
2423 2114 2508 2174 seine
2542 2112 2728 2172 Herrschaft
2774 2107 2926 2167 gebracht
2977 2104 3056 2164 hat:

121 2122 193 2182 noch
226 2121 262 2181 am
295 2119 463 2179 Vormittag
482 2113 559 2173 einen
582 2112 728 2172 Spazier¬

767 2131 812 2191 ein
852 2132 942 2192 Jahr
971 2128 1038 2188 nach
1072 2125 1168 2185 dessen
1203 2123 1383 2183 „Webern"
1413 2122 1474 2182 und
1509 2120 1694 2180 „Hanneles
1729 2117 1892 2177 Himmel¬

124 2163 161 2223 len
205 2157 259 2217 und
292 2155 357 2215 war
407 2155 494 2215 gegen
532 2150 646 2210 Mittag
696 2149 722 2209 in

1930 2160 2141 2220 „Innerhalb
2185 2157 2238 2217 des
2276 2154 2455 2214 Grotesken
2499 2155 2536 2215 ist
2570 2153 2601 2213 es
2645 2152 2786 2212 niemals
2824 2150 2975 2210 möglich,
3003 2149 3051 2209 die

1304 2166 1386 2226 seine
1443 2165 1535 2225 ersten
1598 2160 1892 2220 Novellenbücher,

966 2172 1062 2232 Dann
1123 2167 1230 2227 kamen

124 2197 330 2257 heimgekehrt.
356 2193 406 2253 Als
438 2193 467 2253 er
498 2190 589 2250 seiner
620 2184 730 2244 Sekre¬

1931 2202 2135 2262 Vollendung
2175 2202 2207 2262 zu
2247 2199 2474 2259 erreichen...
2519 2196 2618 2256 Denn
2658 2195 2807 2255 während
2841 2192 2968 2252 sowohl
2996 2190 3051 2250 das

773 2217 982 2277 „Sterben",
1005 2214 1083 2274 „Die
1118 2212 1203 2272 Frau
1237 2209 1287 2269 des
1322 2208 1485 2268 Weisen",
1508 2207 1537 2267 im
1583 2205 1672 2265 Jahr
1701 2203 1757 2263 der
1786 2202 1892 2262 Jahr¬

125 2237 171 2297 ren
223 2234 373 2294 beginnen
425 2229 542 2289 wollte,
580 2226 650 2286 sank
697 2221 729 2281 er

1931 2245 2101 2305 Tragische
2135 2244 2184 2304 als
2218 2241 2278 2301 das
2312 2241 2472 2301 Komische
2506 2239 2577 2299 auch
2612 2238 2666 2298 bei
2700 2238 2798 2298 höchst
2844 2236 3053 2296 gesteigerter

767 2261 1025 2321 hundertwende
1058 2256 1106 2316 der
1139 2253 1327 2313 „Leutnant
1355 2250 1489 2310 Gustl“,
1512 2249 1565 2309 das
1598 2246 1808 2306 Paradestück
1835 2243 1883 2303 des

125 2277 143 2337 s
176 2272 373 2332 zusammen.
416 2268 457 2328 Er
486 2267 561 2327 starb
618 2262 729 2322 wenige

1931 2286 2124 2346 Intensität
2141 2285 2307 2345 innerhalb
2346 2283 2395 2343 des
2418 2283 2584 2343 Endlichen
2612 2280 2788 2340 beschlossen
2811 2280 2860 2340 ist,
2878 2278 2971 2338 weist
3000 2274 3049 2334 das

766 2304 1009 2364 erzählerischen
1046 2298 1347 2358 Telegrammstils,
1374 2293 1453 2353 dann
1485 2292 1590 2352 kamen
1628 2289 1675 2349 die
1702 2289 1881 2349 handfesten

126 2313 170 2373 schs
201 2311 261 2371 Uhr
292 2310 417 2370 abends,
459 2307 534 2367 ohne
580 2301 624 2361 die
670 2300 730 2360 Be¬

1936 2331 2099 2391 Groteske
2128 2329 2184 2389 ins
2214 2329 2434 2389 Grenzenlose
2470 2328 2534 2388 und
2571 2325 2698 2385 schließt
2728 2325 2777 2385 sich
2806 2323 2834 2383 so
2870 2321 2962 2381 selbst
2991 2321 3040 2381 von

768 2346 1011 2406 Theaterstücke
1061 2342 1132 2402 voll
1177 2340 1398 2400 eigenartiger
1432 2334 1764 2394 Stimmungsreize,
1808 2331 1891 2391 „Die

129 2352 239 2412 rlangt
286 2351 320 2411 zu
371 2345 482 2405 haben.
528 2340 589 2400 Dr.
615 2340 730 2400 Arthur

1934 2375 1984 2435 der
2017 2375 2126 2435 Kunst
2152 2370 2254 2430 aus".

773 2388 954 2448 Liebelei",
977 2384 1192 2444 „Freiwild",
1215 2382 1302 2442 „Der
1331 2381 1430 2441 grüne
1463 2377 1611 2437 Kakadu"
1646 2375 1706 2435 und
1739 2375 1810 2435 auch
1839 2371 1893 2431 der

158 2387 241 2447 einer
273 2381 641 2441 Herzmuskelentartung
673 2375 730 2435 und

2017 2417 2083 2477 Die
2109 2417 2242 2477 Tragik
2268 2414 2384 2474 dieses,
2410 2411 2677 2471 österreichischen
2711 2409 2861 2469 Dichters
2912 2406 2953 2466 ist
2996 2403 3053 2463 die

163 2426 276 2486 langem
311 2426 336 2486 in
356 2423 504 2483 ärztlicher
524 2417 736 2477 Behandlung.

773 2434 962 2494 „Reigen",
984 2431 1037 2491 der
1070 2429 1141 2489 nach
1174 2426 1466 2486 zwanzigjährigem
1531 2420 1775 2480 Begrahensein
1835 2415 1899 2475 mit

1934 2462 2060 2522 Tragik
2089 2459 2140 2519 des
2176 2457 2441 2517 Naturalismus
2476 2455 2684 2515 überhaupt.
2725 2454 2799 2514 Der
2829 2450 2944 2510 Drang
2996 2450 3053 2510 zur

774 2477 958 2537 einemmal
994 2474 1039 2534 die
1080 2471 1329 2531 zeitgenössische
1364 2465 1479 2525 Bühne
1520 2462 1815 2522 revolutionierte,
1844 2459 1890 2519 ein

120 2483 223 2543 Woge
251 2479 348 2539 echter
382 2477 557 2537 Dichtung,
584 2470 649 2530 was
682 2468 726 2528 die

1937 2504 2166 2564 Wirklichkeit,
2191 2501 2238 2561 die
2274 2499 2563 2559 Uebersteigerung
2599 2498 2722 2558 dessen,
2746 2495 2811 2555 was
2853 2492 2917 2552 man
2959 2490 3058 2550 zuvor

127 2527 188 2587 der
237 2521 512 2581 naturalistischen
547 2514 725 2574 Erhebung
767 2519 1027 2579 unerfreuliches
1104 2513 1296 2573 Dokument
1372 2509 1584 2569 literarischer
1661 2505 1894 2565 Hemmungs¬

1934 2546 2122 2606 realistische
2153 2546 2258 2606 Kunst
2288 2543 2429 2603 nannte,
2454 2543 2583 2603 mußte,
2625 2540 2737 2600 zumal
2785 2537 2825 2597 sie
2873 2536 2937 2596 mit
2985 2532 3038 2592 dem

127 2570 253 2630 agwort
276 2567 341 2627 hieß
375 2566 397 2626 ja
431 2559 641 2619 Wirklichkeit
669 2555 729 2615 und

773 2563 937 2623 losigkeit.

1934 2590 2253 2650 Stimmunghaften
2337 2586 2389 2646 der
2467 2585 2644 2645 parallelen
2721 2579 3052 2639 impressionistischen

867 2602 910 2662 Es
942 2602 1060 2662 folgten
1092 2600 1117 2660 in
1155 2599 1242 2659 schier
1267 2596 1474 2656 unendlicher
1500 2593 1599 2653 Reihe
1625 2590 1674 2650 die
1700 2589 1812 2649 Werke
1838 2588 1887 2648 des

154 2611 280 2671 leichter
313 2606 392 2666 denn
429 2605 508 2665 aller
541 2600 736 2660 Aufgaben¬

1939 2632 2127 2692 Strömung
2166 2631 2414 2691 zwangsläufig
2452 2626 2636 2686 verbunden
2674 2626 2766 2686 war,
2815 2623 2934 2683 wieder
2988 2621 3041 2681 zum

778 2647 1005 2707 dramatischen
1043 2644 1105 2704 und
1142 2642 1382 2702 erzählerischen
1420 2635 1580 2695 Reifens,
1606 2634 1654 2694 die
1686 2632 1895 2692 Schauspiele

128 2656 168 2716 an
209 2653 358 2713 brauchte
388 2649 555 2709 schließlich
591 2644 648 2704 nur
677 2641 729 2701 ein

1936 2675 2173 2735 Spielerischen
2206 2674 2344 2734 führen,
2367 2672 2422 2732 zur
2450 2671 2665 2731 gekünstelten
2699 2665 2925 2725 Wirklichkeit,
2947 2662 3063 2722 ander¬

784 2694 867 2754 „Der
898 2691 1042 2751 Schleier
1079 2686 1126 2746 der
1158 2686 1349 2746 Beatrice",
1374 2683 1458 2743 „Der
1495 2680 1633 2740 einsame
1664 2677 1784 2737 Weg,
1808 2674 1898 2734 „Der

149 2697 351 2757 Arrangeur
399 2692 452 2752 des
505 2686 733 2746 gesprochenen

1949 2718 2014 2778 seits
2042 2718 2119 2778 aber
2142 2719 2213 2779 auch
2247 2716 2301 2776 zur
2324 2714 2610 2774 Ueberschreitung
2638 2712 2721 2772 aller
2743 2710 2914 2770 Grenzen,
2931 2707 2980 2767 die
3003 2706 3057 2766 der

123 2742 250 2802 hterner
276 2738 378 2798 Prosa
404 2734 512 2794 Strich
538 2731 575 2791 um
621 2728 729 2788 Strich
775 2733 857 2793 Ruf
902 2731 959 2791 des
991 2731 1156 2791 Lebens",
1196 2728 1246 2788 die
1298 2726 1483 2786 „Komödie
1534 2721 1585 2781 der
1636 2718 1789 2778 Worte",
1834 2715 1891 2775 das

1941 2761 2150 2821 dichterischen
2188 2758 2404 2818 Schilderung
2441 2758 2573 2818 gezogen
2609 2756 2693 2816 sind.
2718 2754 2784 2814 Der
2814 2749 2977 2809 Einbruch
3008 2746 3055 2806 des

785 2777 1085 2837 „Zwischenspiel",
1127 2773 1179 2833 die
1216 2770 1397 2830 „Komtesse
1433 2767 1569 2827 Mitzi",
1616 2762 1669 2822 der
1711 2760 1898 2820 „Professor

125 2786 185 2846 mit
219 2782 318 2842 seinen
358 2778 485 2838 eigenen
519 2775 635 2835 Augen
675 2770 741 2830 sah.

1943 2806 2119 2866 Erotischen
2155 2803 2213 2863 hat
2237 2803 2313 2863 auch
2343 2803 2372 2863 in
2408 2799 2538 2859 Arthur
2568 2799 2744 2859 Schnitzler
2791 2794 2897 2854 keinen
2933 2792 3044 2852 Damm

783 2820 1013 2880 Bernhardi",
1031 2817 1116 2877 „Der
1146 2814 1243 2874 junge
1273 2811 1503 2871 Medardus",
1521 2807 1728 2867 dramatische
1757 2802 1895 2862 Historie

130 2834 158 2894 zu
193 2826 317 2886 erleben
375 2820 443 2880 und
494 2817 545 2877 die
574 2814 732 2874 Dichtung

1936 2847 2133 2907 ernsthafter
2169 2845 2360 2905 Besinnung
2412 2841 2597 2901 gefunden,
2644 2842 2677 2902 er
2729 2840 2790 2900 hat
2836 2837 2926 2897 mehr
2978 2835 3056 2895 denn

774 2863 838 2923 von
898 2862 1145 2922 einprägsamer
1193 2856 1405 2916 Farbigkeit,
1465 2853 1517 2913 die
1565 2847 1900 2907 Erzählungsbücher

125 2871 140 2931 r
174 2868 235 2928 und
269 2865 446 2925 Akrobaten
486 2859 541 2919 der
570 2858 741 2918 Literatur

1947 2893 2090 2953 mancher
2115 2889 2234 2949 andere
2259 2886 2355 2946 dieser
2379 2886 2565 2946 Verirrung
2602 2883 2697 2943 seinen
2728 2880 2853 2940 Tribut
2878 2877 3004 2937 gezollt.

779 2907 1108 2967 „Dämmerseelen",
1130 2901 1287 2961 „Masken
1331 2900 1390 2960 und
1428 2895 1596 2955 Wunder“
1629 2894 1694 2954 und
1732 2889 1899 2949 „Casano¬

143 2913 318 2973 Geometer
350 2908 399 2968 der
425 2907 524 2967 Seele
550 2901 649 2961 traten
681 2901 736 2961 auf

2027 2934 2109 2994 Noch
2139 2933 2257 2993 stärker
2281 2931 2441 2991 vielleicht
2465 2928 2511 2988 als
2542 2926 2588 2986 die
2618 2925 2742 2985 Dichter
2772 2922 2825 2982 des
2855 2922 2979 2982 Kreises
3009 2919 3044 2979 um

779 2951 843 3011 vas
876 2947 1080 3007 Heimfahrt“
1113 2943 1199 3003 sowie
1232 2943 1280 3003 der
1313 2942 1432 3002 Roman
1470 2937 1556 2997 „Der
1584 2935 1659 2995 Weg
1692 2932 1740 2992 ins
1773 2932 1886 2992 Freie“

1943 2977 2214 3037 Hofmannsthal
2238 2973 2278 3033 ist
2302 2973 2331 3033 er
2361 2973 2413 3033 dem
2461 2970 2567 3030 Spiel
2591 2970 2643 3030 der
2673 2969 2784 3029 Worte
2815 2965 2961 3025 verfallen
2997 2960 3056 3020 und

871 2995 914 3055 In
954 2991 1008 3051 den
1048 2988 1269 3048 fruchtreichen
1308 2985 1435 3045 Jahren
1479 2981 1528 3041 der
1568 2979 1761 3039 herbstlichen
1806 2973 1899 3033 Reife

138 2999 310 3059 Hunderte
342 2994 399 3054 von
452 2990 509 3050 den
541 2986 732 3046 Schreibern

1946 3021 1980 3081 es
2016 3020 2058 3080 ist
2085 3020 2129 3080 ein
2165 3015 2496 3075 Selbstbekenntnis,
2516 3015 2611 3075 wenn
2664 3012 2725 3072 sein
2761 3010 2962 3070 Paracelsus
3015 3004 3067 3064 die

787 3037 840 3097 gab
878 3033 915 3093 er
948 3032 1012 3092 uns
1045 3032 1099 3092 die
1132 3028 1449 3088 „Traumnovelle",
1477 3026 1525 3086 die
1563 3021 1622 3081 wie
1655 3021 1719 3081 kein
1757 3017 1891 3077 anderes

121 3044 270 3104 rationen
306 3041 352 3101 sich
389 3036 451 3096 nur
482 3032 570 3092 mehr
601 3029 735 3089 dadurch

1997 3060 2044 3120 erse
2075 3062 2205 3122 spricht:

791 3078 889 3138 seiner
912 3077 1017 3137 Werke
1045 3073 1094 3133 das
1123 3073 1271 3133 Wunder
1294 3071 1376 3131 einer
1405 3071 1482 3131 ganz
1510 3068 1626 3128 großen
1654 3062 1891 3122 erzählerischen

118 3089 233 3149 ießlich
267 3083 349 3143 jeder
383 3080 438 3140 von
471 3077 564 3137 ihnen
604 3075 664 3135 auf
692 3071 730 3131 ein

2103 3106 2164 3166 Mit
2190 3104 2433 3164 Menschenseelen
2472 3103 2558 3163 spiele
2584 3101 2640 3161 ich.
2659 3098 2709 3158 Ein
2741 3098 2821 3158 Sinn

784 3121 921 3181 Technik
955 3119 1015 3179 mit
1044 3116 1258 3176 gedanklicher
1292 3113 1385 3173 Tiefe
1419 3110 1479 3170 und
1540 3109 1672 3169 zugleich
1728 3104 1794 3164 mit
1844 3101 1899 3161 der

128 3131 238 3191 warf,
256 3127 354 3187 dieser
383 3122 447 3182 auf
471 3119 540 3179 eine
570 3116 744 3176 besondere

2095 3144 2163 3204 wird
2198 3143 2252 3203 nur
2282 3143 2330 3203 von
2365 3143 2414 3203 dem
2458 3140 2625 3200 gefunden,
2646 3140 2694 3200 der
2724 3138 2768 3198 ihn
2803 3137 2890 3197 sucht,

790 3161 1128 3221 Liebenswürdigkeit
1152 3158 1264 3218 typisch
1293 3158 1501 3218 wienerischen
1541 3149 1732 3209 Leichtsinns
1761 3144 1908 3204 vereint.

143 3172 326 3232 Vorstadt,
349 3168 434 3228 jener
462 3163 526 3223 auf
554 3160 597 3220 ein
635 3158 748 3218 beson¬

2095 3182 2137 3242 Es
2167 3182 2272 3242 fließen
2306 3179 2484 3239 ineinander
2513 3177 2614 3237 Traum
2657 3176 2710 3236 und
2744 3175 2878 3235 Wachen,

788 3208 864 3268 Fast
898 3205 1058 3265 unlösbar
1092 3202 1268 3262 verfließen
1307 3200 1373 3260 hier
1407 3197 1522 3257 Traum
1578 3194 1639 3254 und
1678 3191 1760 3251 reale
1800 3188 1904 3248 Wirk¬

125 3216 254 3276 gelände
306 3212 362 3272 der
414 3206 611 3266 vornehmen
646 3200 752 3260 Welt.

2101 3220 2258 3280 Wahrheit
2283 3218 2336 3278 und
2367 3218 2454 3278 Lüge.
2480 3215 2647 3275 Sicherheit
2672 3213 2701 3273 ist
2726 3212 2882 3272 nirgends.

787 3250 908 3310 lichkeit
942 3248 1151 3308 ineinander.
1201 3242 1294 3302 Nicht
1328 3242 1471 3302 weniger
1505 3240 1581 3300 groß
1637 3235 1681 3295 ist
1715 3233 1758 3293 die
1797 3230 1907 3290 Kunst

149 3258 302 3318 erscheint
334 3253 397 3313 uns
429 3250 524 3310 heute
561 3248 619 3308 von
656 3242 745 3302 einer

2099 3258 2164 3318 Wir
2189 3257 2279 3317 wissen
2316 3255 2400 3315 nichts
2425 3253 2479 3313 von
2510 3253 2636 3313 andern,
2655 3251 2745 3311 nichts
2770 3249 2818 3309 von
2848 3250 2920 3310 uns.

790 3292 979 3352 Schnitzlers
1017 3290 1043 3350 in
1077 3286 1276 3346 „Therese",
1299 3285 1353 3345 der
1380 3282 1601 3342 ergreifenden
1640 3275 1786 3335 Chronik
1813 3273 1899 3333 eines

150 3301 337 3361 Struktur,
382 3297 437 3357 daß
477 3291 509 3351 es
543 3289 609 3349 uns
665 3286 747 3346 nicht

2094 3296 2158 3356 Wir
2181 3297 2284 3357 spielen
2318 3295 2443 3355 immer:
2465 3294 2525 3354 wer
2547 3292 2579 3352 es
2608 3292 2694 3352 weiß,
2711 3291 2749 3351 ist
2766 3291 2847 3351 klug.

788 3337 966 3397 schlichten,
984 3334 1041 3394 fast
1066 3331 1261 3391 alltäglichen
1291 3327 1562 3387 Frauenlebens,
1580 3322 1632 3382 das
1668 3321 1753 3381 durch
1783 3317 1904 3377 Schuld

130 3349 135 3409 1
160 3345 378 3405 Gipfelhöhen
437 3337 561 3397 darauf
609 3333 643 3393 zu
697 3327 749 3387 er¬

2041 3352 2109 3412 Und
2138 3349 2226 3409 doch:
2255 3344 2281 3404 es
2317 3346 2357 3406 ist
2379 3346 2460 3406 nicht
2482 3345 2529 3405 so,
2551 3345 2605 3405 daß
2640 3344 2694 3404 aus
2730 3343 2825 3403 seiner
2854 3340 2956 3400 Brust
2977 3340 3066 3400 nur

790 3382 823 3442 an
862 3379 905 3439 ein
939 3376 1110 3436 tragisches
1138 3373 1292 3433 Schicksal
1321 3372 1453 3432 gekettet
1481 3367 1646 3427 erscheint.

119 3391 177 3451 rr
231 3387 296 3447 und
332 3382 462 3442 Arthur
492 3375 746 3435 Schnitzler

1945 3397 2100 3457 Schatten
2134 3394 2274 3454 stiegen,
2318 3392 2376 3452 wie
2404 3388 2577 3448 Sylvester
2604 3388 2717 3448 Thorn
2772 3388 2799 3448 im
2848 3386 2960 3446 „Gang
2993 3383 3047 3443 zum

880 3426 923 3486 Im
974 3421 1068 3481 „Buch
1099 3416 1149 3476 der
1171 3415 1324 3475 Sprüche
1346 3414 1411 3474 und
1433 3409 1622 3469 Bedenken"
1652 3406 1710 3466 hat
1733 3402 1906 3462 Schnitzler

121 3433 314 3493 erreichische
343 3424 553 3484 Lebensraum
605 3418 662 3478 der
691 3415 746 3475 Be¬

1948 3442 2119 3502 Weiher",
2136 3439 2252 3499 müdem
2297 3436 2446 3496 Abglanz
2474 3433 2595 3493 greisen
2618 3432 2861 3492 Dichtertums,
2873 3427 3060 3487 schmerzvol

791 3467 952 3527 versucht,
982 3461 1062 3521 seine
1097 3460 1484 3520 skeptisch-pessimistische
1520 3448 1809 3508 Weltanschauung

126 3477 209 3537 gab.
246 3471 360 3531 Jener
385 3468 444 3528 aus
499 3466 553 3526 der
584 3460 728 3520 Wirklich

1949 3483 2005 3543 von
2045 3483 2089 3543 sich
2118 3480 2248 3540 wähnt.
2288 3477 2366 3537 Aus
2395 3475 2496 3535 seiner
2526 3474 2627 3534 Brust
2673 3473 2728 3533 hat
2757 3471 2802 3531 die
2831 3468 3068 3528 österreichische

790 3507 881 3567 ihrer
914 3504 1124 3564 Anwendung
1163 3502 1221 3562 auf
1249 3501 1292 3561 die
1325 3498 1551 3558 verschiedenen
1590 3490 1843 3550 Lebensgebiete
1870 3486 1897 3546 in

115 3516 379 3576 rvorwachsend,
423 3510 526 3570 dieser
575 3507 639 3567 aus
694 3504 747 3564 der

1948 3527 2113 3587 Dichtung
2147 3522 2213 3582 viel
2241 3519 2457 3579 empfangen,
2501 3517 2567 3577 was
2623 3515 2695 3575 auch
2750 3514 2805 3574 den
2855 3512 3060 3572 kommenden

793 3551 1084 3611 eindeutig-klarer
1117 3543 1382 3603 Formulierung
1420 3538 1646 3598 aufzubauen.
1696 3535 1743 3595 Im
1793 3531 1906 3591 Motto

122 3564 220 3624 phäre
256 3560 308 3620 der
344 3555 541 3615 Großstadt,
566 3550 658 3610 jener
688 3546 752 3606 aus

1951 3567 2194 3627 Generationen
2234 3564 2352 3624 bleibt,
2375 3561 2454 3621 nicht
2483 3559 2544 3619 nur
2579 3559 2731 3619 Schatten
2766 3556 2822 3616 der
2851 3555 3060 3615 menschlichen

795 3594 848 3654 des
880 3594 1006 3654 Werkes
1033 3589 1160 3649 wendet
1187 3588 1213 3648 er
1245 3588 1292 3648 sich
1319 3588 1409 3648 gegen
1446 3582 1493 3642 den
1531 3578 1774 3638 übertriebenen
1806 3573 1911 3633 Sym¬

118 3606 243 3666 Urkraft
276 3601 329 3661 des
367 3597 622 3657 Bauerntums,
650 3592 752 3652 dieser

791 3639 982 3699 bolismus,
1010 3635 1072 3695 mit
1106 3633 1156 3693 den
1196 3631 1246 3691 ihn
1309 3630 1404 3690 selber
1461 3627 1488 3687 in
1551 3624 1607 3684 den
1647 3619 1894 3679 Jugendjahren
1951 3610 2091 3670 Tiefen,
2114 3608 2237 3668 sondern
2272 3606 2339 3666 auch
2373 3604 2519 3664 „blanken
2553 3602 2677 3662 Strahl
2700 3602 2750 3662 der
2779 3600 2896 3660 Sonne
2925 3600 2986 3660 und
3010 3594 3060 3654 des

118 3653 157 3713 sen
190 3648 438 3708 Verwirrtheit
471 3642 518 3702 des
560 3636 743 3696 dekadenten

1954 3653 2121 3713 Himmels
2151 3650 2310 3710 blauende
2347 3647 2631 3707 Unendlichkeit",
2668 3645 2762 3705 Licht
2785 3645 2849 3705 und
2887 3643 3068 3703 Schimmer

793 3681 938 3741 manches
982 3678 1161 3738 verbunden
1204 3675 1312 3735 hatte:
1345 3674 1507 3734 „Tiefsinn
1551 3667 1604 3727 hat
1638 3666 1691 3726 nie
1730 3663 1772 3723 ein
1816 3661 1902 3721 Ding

1963 3700 2013 3760 des
2039 3698 2148 3758 weiten
2183 3695 2309 3755 Landes
2336 3695 2385 3755 der
2412 3692 2623 3752 menschlichen
2658 3689 2775 3749 Seele.

124 3750 202 3810 thur
232 3741 448 3801 Schnitzlers,
488 3739 546 3799 den
577 3735 644 3795 nun
705 3731 752 3791 ein
803 3730 939 3790 erhellt;
960 3725 1107 3785 Klarsinn
1137 3722 1234 3782 schaut
1255 3722 1343 3782 tiefer
1373 3721 1402 3781 in
1432 3717 1471 3777 die
1501 3710 1628 3770 Welt".
1649 3708 1726 3768 Und
1747 3707 1785 3767 an
1816 3706 1903 3766 einer
