3344 4384
312 416 885 476 Schnitzler's
953 417 1181 477 Deatl

1408 422 1543 482 box
1619 431 1851 491 43/20

1124 636 1491 696 OPSE

1338 639 1756 699 SOERVE

1223 697 1243 757 I.
1259 696 1378 756 österr.
1390 697 1541 757 behördl.
1553 700 1850 760 konzessioniertes

1178 736 1417 796 Unternehmen
1447 739 1496 799 für
1521 742 1914 802 Zeitungs-Ausschnitte

1233 796 1382 856 WIEN,
1409 799 1461 859 I.,
1487 802 1780 862 WOLLZEILE
1826 805 1870 865 11

1326 849 1540 909 TELEPHON
1576 852 1751 912 R-23-0-43

1002 1031 1590 1091 anelleoins
1652 1005 1990 1065 mnnng

1179 1241 1223 1301 tor
1244 1244 1453 1304 tjuvkytte
1480 1243 1492 1303 i
1512 1241 1676 1301 forening
1709 1245 1774 1305 med
1801 1244 1924 1304 resan-

1171 1291 1205 1351 de
1235 1294 1516 1354 axfivsfarligt
1552 1294 1684 1354 vayén.

164 1349 915 1409 OBSERVER“

203 1425 229 1485 I.
242 1420 362 1480 österr.
371 1409 520 1469 behördl.
534 1392 834 1452 konzessioniertes

158 1462 391 1522 Unternehmen
424 1449 470 1509 für
494 1434 881 1494 Zeitungs-Ausschnitte

1234 1465 1430 1525 AArthur
1463 1468 1762 1528 Schnitzler
1803 1469 1857 1529 f.

216 1521 367 1581 WIEN,
394 1514 440 1574 I.,
467 1501 751 1561 WOLLZEILE
805 1485 844 1545 11

315 1564 530 1624 TELEPHON
567 1549 741 1609 R-23-0-43

1057 1615 1124 1675 V

1225 1626 1380 1686 WIEN,
1399 1629 1554 1689 onsdag.
1579 1629 1680 1689 (TT)

1221 1677 1359 1737 Arthur
1394 1677 1593 1737 Schnitzler
1627 1677 1721 1737 avled
1761 1677 1826 1737 här
1861 1680 1910 1740 vid

1172 1725 1322 1785 jutiden
1351 1725 1388 1785 pä
1417 1725 1738 1785 onsdagsaftonen.
1781 1724 1827 1784 Da
1856 1726 1926 1786 för¬

418 1739 668 1799 Arbetaren

1168 1775 1323 1835 fattaren
1356 1777 1389 1837 pa
1422 1776 1700 1836 eftermiddagen
1734 1775 1922 1835 ätervände

1170 1824 1239 1884 fran
1274 1823 1304 1883 en
1339 1823 1521 1883 promenad
1557 1824 1752 1884 drabbades
1783 1826 1843 1886 han
1879 1825 1917 1885 av

1168 1874 1373 1934 slaganfall
1421 1874 1481 1934 och
1542 1874 1635 1934 avled
1678 1874 1757 1934 utan
1795 1874 1846 1934 att
1879 1874 1916 1934 ha

293 1906 735 1966 130

1176 1923 1322 1983 äterfätt
1378 1922 1646 1982 medvetandet.
1718 1922 1920 1982 Schnitzler

1163 1972 1286 2032 jekulle
1311 1972 1326 2032 i
1346 1975 1419 2035 maj
1440 1972 1533 2032 nästa
1563 1972 1597 2032 år
1623 1972 1662 2032 ha
1692 1972 1795 2032 blivit
1821 1972 1855 2032 70
1885 1975 1919 2035 år

1168 2023 1350 2083 gammal.

1512 2069 1717 2129 1
1791 2065 1914 2125 22.

1209 2113 1267 2173 Den
1298 2113 1485 2173 bortgangne
1512 2113 1704 2173 författaren
1731 2113 1922 2173 debuterade

1178 2160 1240 2220 1893
1303 2162 1365 2222 med
1403 2163 1432 2223 en
1465 2162 1546 2222 serie
1580 2160 1745 2220 enaktare,
1771 2160 1907 2220 "Anatel

1178 2212 1255 2272 (fyra
1281 2211 1316 2271 av
1338 2211 1391 2271 dem
1431 2213 1594 2273 uppfôrdes
1616 2211 1626 2271 i
1645 2208 1809 2268 Stockholm
1845 2211 1926 2271 sam-

1173 2263 1216 2323 ma
1246 2262 1315 2322 àr),
1331 2262 1382 2322 som
1423 2262 1514 2322 genom
1556 2262 1600 2322 in
1626 2259 1780 2319 stämning
1810 2259 1843 2319 av
1873 2259 1927 2319 fri-

268 2274 497 2334 Arthur
546 2274 902 2334 Schnitzler

1173 2313 1282 2373 volitet
1304 2310 1354 2370 och
1386 2310 1507 2370 vemod,
1526 2310 1571 2370 sin
1600 2310 1696 2370 gratie
1725 2309 1775 2369 och
1804 2309 1885 2369 smak
1918 2312 1928 2372 i

1253 2361 1425 2421 väsentligt
1447 2359 1680 2419 kännetecknar
1706 2359 1749 2419 sin
1780 2358 1930 2418 författa-

509 2370 670 2430 död.

1169 2411 1212 2471 res
1234 2409 1429 2469 egenskaper
1451 2408 1501 2468 och
1530 2408 1685 2468 aveikter.
1721 2408 1822 2468 Genem
1858 2408 1930 2468 skâ-

219 2441 353 2501 WIEN,
376 2441 515 2501 onsdag.
537 2441 639 2501 (TT.)

1171 2459 1307 2519 despelet
1339 2457 1490 2517 "Alkog"
1530 2458 1673 2518 (uppfört
1706 2456 1717 2516 i
1750 2456 1913 2516 Stockholm

262 2492 377 2552 Arthur
427 2489 603 2549 Scheitzler
657 2489 741 2549 avled
799 2489 856 2549 här
910 2489 958 2549 vid

1180 2507 1263 2567 1S96)
1298 2510 1363 2570 slog
1401 2507 1454 2567 han
1496 2508 1599 2568 igenom
1649 2507 1702 2567 och
1741 2507 1805 2567 blev
1844 2506 1919 2566 känd

211 2540 328 2600 7-tiden
384 2541 423 2601 pä
471 2537 761 2597 onsdagsaftonen.
804 2537 847 2597 Då
900 2537 968 2597 för-

1173 2559 1258 2619 langt
1284 2558 1352 2618 utom
1392 2558 1453 2618 sitt
1478 2558 1564 2618 lands
1594 2555 1741 2615 granser.
1781 2556 1820 2616 Av
1853 2557 1928 2617 hans

213 2589 348 2649 fattaren
373 2588 407 2648 på
432 2585 677 2645 eftermiddagen
703 2585 872 2645 ätervände
898 2585 961 2645 från

1173 2605 1342 2665 kadespel
1357 2605 1391 2665 ha
1423 2605 1660 2665 larazelus",
1680 2600 1733 2660 "Pà
1761 2605 1852 2665 grôna
1880 2608 1933 2668 p-

217 2635 241 2695 en
278 2636 464 2696 promenad,
485 2634 660 2694 drabbades
689 2635 741 2695 han
778 2632 810 2692 av
839 2632 965 2692 slagan¬

1175 2657 1304 2717 pegojan
1331 2656 1342 2716 ,
1358 2656 1491 2716 "Damen
1522 2655 1582 2715 med
1609 2656 1738 2716 dolken"
1765 2653 1814 2713 och
1841 2653 1921 2713 "Den

217 2686 281 2746 fall
299 2683 350 2743 och
381 2683 462 2743 avled
493 2683 562 2743 utan
592 2683 639 2743 att
661 2683 696 2743 ha
726 2680 860 2740 återfått
886 2680 972 2740 med¬

1173 2707 1247 2767 sista
1301 2704 1541 2764 maskeraden",
1584 2704 1781 2764 komedierna
1817 2704 1934 2764 "Inter-

221 2734 379 2794 vetandet.
405 2731 579 2791 Schnitzler
609 2731 705 2791 skulle
739 2731 751 2791 i
780 2731 847 2791 maj
877 2731 964 2791 nästa

1384 2755 1591 2815 Släktingar"
1637 2752 1690 2812 och
1745 2752 1928 2812 "Professor

1178 2755 1318 2815 mezzo",

216 2784 248 2844 år
272 2782 304 2842 ha
333 2782 425 2842 blivit
444 2779 476 2839 70
500 2781 532 2841 år
556 2780 709 2840 gammai.

1181 2803 1382 2863 Berechardi"
1437 2803 1521 2863 «amt
1569 2804 1810 2864 tragikomedien
1847 2802 1927 2862 "Det

1178 2854 1242 2914 vida
1300 2853 1425 2913 landet"
1479 2853 1624 2913 uppförts
1674 2853 1689 2913 i
1739 2850 1933 2910 Stockholm.

1193 2904 1368 2964 Schnitzler
1390 2903 1446 2963 har
1468 2902 1542 2962 även
1569 2904 1684 2964 skrivit
1707 2902 1755 2962 ett
1774 2902 1855 2962 stort
1878 2902 1933 2962 an¬

259 2925 317 2985 Som
356 2925 405 2985 den
435 2925 511 2985 mest
532 2926 653 2986 typiske
680 2922 813 2982 wienare
835 2922 894 2982 har
915 2922 973 2982 Ar¬

1178 2952 1225 3012 tal
1244 2952 1395 3012 noveller.
1436 2952 1468 3012 S.
1487 2952 1542 3012 har
1565 2952 1612 3012 som
1649 2951 1807 3011 knappast
1830 2949 1922 3009 nâgon

219 2976 288 3036 thur
319 2976 496 3036 Schnitzler
527 2973 592 3033 ofta
623 2970 823 3030 betecknats.
849 2970 909 3030 Det
940 2970 974 3030 är

1178 3001 1241 3061 fôre
1288 3000 1384 3060 honom
1445 3000 1580 3060 skildrat
1609 3000 1659 3060 den
1692 3000 1766 3060 unge
1798 2997 1926 3057 wienske

216 3024 241 3084 en
273 3024 411 3084 underlig
443 3021 608 3081 blandning
639 3021 674 3081 av
696 3019 979 3079 uppsluppenhet,

1181 3051 1475 3111 levnadenjutaren,
1500 3050 1553 3110 den
1589 3048 1667 3108 rike,
1696 3047 1813 3107 bildade
1849 3047 1934 3107 man-

226 3071 360 3131 vemodig
391 3072 469 3132 lyrik
504 3068 555 3128 och
590 3067 660 3127 kall
682 3066 976 3126 förständsklarhet

1181 3101 1251 3161 nen,
1276 3101 1347 3161 vars
1380 3099 1532 3159 särekilda
1572 3096 1777 3156 kännetecken
1817 3096 1848 3156 är
1884 3098 1930 3158 att

222 3120 290 3180 över
312 3119 390 3179 hans
412 3116 663 3176 författarskap.
685 3114 788 3174 Ehuru
815 3116 866 3176 han
893 3113 974 3173 skri-

1178 3149 1247 3209 vara
1281 3149 1314 3209 en
1347 3149 1509 3209 lätteinnig
1539 3147 1782 3207 melankoliker,
1800 3146 1852 3206 som
1896 3146 1929 3206 är

223 3170 268 3230 vit
290 3170 319 3230 en
348 3167 398 3227 hel
420 3167 528 3227 mängd
553 3164 712 3224 romaner,
733 3161 766 3221 av
792 3163 871 3223 vilka
901 3161 975 3221 fler¬

1178 3202 1220 3262 för
1251 3197 1438 3257 reflekterad
1466 3200 1515 3260 att
1538 3199 1607 3259 nöja
1634 3199 1680 3259 sig
1711 3197 1768 3257 med
1803 3194 1933 3254 förströ-

222 3218 295 3278 talet
321 3218 424 3278 utgätt
446 3215 459 3275 i
481 3215 588 3275 många
619 3212 778 3272 upplagor
805 3211 852 3271 och
883 3209 973 3269 över-

1181 3248 1259 3308 elser
1281 3248 1355 3308 eller
1377 3249 1427 3309 att
1449 3248 1544 3308 kunna
1573 3248 1673 3308 gripas
1698 3245 1733 3305 av
1759 3245 1790 3305 en
1816 3245 1936 3305 lidelse.

219 3266 292 3326 satis
319 3265 357 3325 til
380 3264 419 3324 ett
441 3262 554 3322 flertal
572 3262 663 3322 spräk
698 3260 785 3320 (även
816 3259 868 3319 till
886 3259 977 3319 sven¬

1182 3298 1236 3358 Som
1277 3298 1398 3358 motbild
1424 3296 1534 3356 ställer
1560 3296 1592 3356 S.
1611 3295 1662 3355 vad
1692 3295 1838 3355 wienaren
1872 3295 1934 3355 kal¬

223 3316 310 3376 ska),
332 3313 367 3373 är
393 3310 441 3370 det
467 3310 537 3370 dock
568 3310 707 3370 framför
734 3307 790 3367 allt
817 3307 864 3367 som
908 3307 982 3367 dra-

1180 3348 1220 3408 lar
1258 3346 1331 3406 "das
1365 3346 1453 3406 sûsse
1490 3346 1627 3406 mädel",
1657 3346 1708 3406 den
1749 3343 1848 3403 blida,
1878 3346 1933 3406 an¬

223 3363 331 3423 matisk
361 3358 529 3418 författare
556 3358 607 3418 han
638 3357 810 3417 grundlagt
832 3355 884 3415 och
915 3355 979 3415 vid¬

1178 3397 1380 3457 pràkslsa,
1400 3394 1574 3454 obetydliga
1606 3394 1677 3454 unga
1709 3394 1823 3454 flickan
1855 3396 1867 3456 i
1891 3397 1934 3457 làg

227 3414 278 3474 gat
300 3410 360 3470 sitt
387 3409 490 3469 rykte.
512 3406 602 3466 Hans
629 3406 698 3466 frän
728 3403 888 3463 teatrarna
923 3403 974 3463 här

1178 3445 1501 3505 samhällsställning,
1513 3445 1561 3505 som
1598 3445 1664 3505 utan
1687 3442 1767 3502 stora
1789 3442 1837 3502 ord
1863 3442 1940 3502 hän-

230 3458 324 3518 kända
355 3454 603 3514 "Anatol"-serie
630 3453 681 3513 var
707 3453 900 3513 Schnitzlers
926 3450 977 3510 de¬

1178 3495 1269 3555 giver
1315 3495 1360 3555 sig
1410 3493 1459 3553 och
1513 3492 1604 3552 sedan
1639 3492 1745 3552 finner
1772 3493 1817 3553 sig
1848 3492 1859 3552 i
1886 3493 1935 3553 att

227 3507 281 3567 but
306 3505 356 3565 som
398 3503 603 3563 dramatiker.
629 3501 724 3561 Sedan
754 3501 821 3561 dess
847 3501 904 3561 har
930 3498 980 3558 väl

1178 3546 1287 3606 kastas
1313 3546 1395 3606 bort.
1448 3543 1544 3603 Kring
1566 3543 1630 3603 sina
1659 3543 1819 3603 personer,
1837 3543 1932 3603 vilkas

230 3556 321 3616 minst
346 3553 392 3613 ett
417 3552 571 3612 dussintal
593 3549 630 3609 av
655 3550 730 3610 hans
760 3549 868 3609 pjäser
893 3549 976 3609 upp¬

1178 3597 1400 3657 replikskiften
1427 3594 1480 3654 äro
1504 3592 1778 3652 beundranevärda
1806 3591 1816 3651 i
1837 3591 1943 3651 bland-

233 3603 309 3663 förts
333 3603 368 3663 på
396 3600 519 3660 svenska
542 3600 664 3660 seener.
679 3597 829 3657 ”Alskog”
857 3597 911 3657 hör
934 3597 983 3657 till

1178 3645 1291 3705 ningen
1322 3644 1356 3704 av
1387 3643 1435 3703 vek
1466 3644 1542 3704 lyrik
1576 3640 1625 3700 och
1656 3642 1837 3702 hnsynslôs
1872 3641 1936 3701 rea-

232 3654 261 3714 de
290 3651 382 3711 päser
412 3651 457 3711 som
499 3648 629 3708 särskilt
654 3648 750 3708 slagit
780 3645 808 3705 an
842 3645 896 3705 och
926 3645 980 3705 det

1186 3695 1267 3755 liem,
1282 3693 1385 3753 gjuter
1412 3690 1444 3750 S.
1463 3691 1492 3751 en
1519 3692 1674 3752 atmosfär
1696 3692 1733 3752 av
1759 3689 1822 3749 fint
1841 3689 1940 3749 nyan¬

231 3699 282 3759 var
306 3698 455 3758 förresten
486 3696 549 3756 med
577 3695 627 3755 den
655 3695 706 3755 som
746 3694 800 3754 han
828 3692 906 3752 vann
934 3692 973 3752 sin

1180 3743 1283 3803 serade
1317 3743 1468 3803 dämpade
1503 3741 1624 3801 färger.
1669 3743 1684 3803 1
1714 3740 1791 3800 hans
1825 3740 1939 3800 karak-

230 3749 322 3809 första
352 3746 433 3806 stora
459 3745 628 3805 framgång
658 3743 666 3803 i
688 3740 886 3800 hemlandet.

1184 3794 1391 3854 tärsteckning
1424 3791 1545 3851 märker
1571 3791 1635 3851 man
1664 3791 1728 3851 ofta
1757 3788 1811 3848 den
1840 3788 1939 3848 erfar¬

272 3794 444 3854 Schnitzler
466 3794 522 3854 har
548 3793 612 3853 ofta
639 3791 759 3851 skattat
781 3791 815 3851 åt
837 3791 880 3851 ett
902 3788 979 3848 gan-

231 3845 282 3905 ska
311 3842 409 3902 ytligt
433 3842 587 3902 artisteri.
616 3841 667 3901 Vid
700 3839 732 3899 de
761 3839 906 3899 tillfällen
939 3836 976 3896 dä

1180 3845 1214 3905 ne
1245 3842 1385 3902 läkarens
1416 3842 1583 3902 försonliga
1610 3839 1857 3899 levnadsvishet.
1880 3839 1937 3899 En-

234 3893 286 3953 han
325 3893 407 3953 tagit
438 3893 498 3953 upp
533 3890 645 3950 sociala
681 3887 810 3947 problem
854 3885 910 3945 till
937 3884 988 3944 be¬

1187 3893 1268 3953 taka
1304 3892 1417 3952 ganger
1446 3890 1503 3950 har
1535 3891 1588 3951 han
1624 3890 1695 3950 latit
1720 3888 1834 3948 soclala
1866 3887 1940 3947 syn-

233 3940 378 4000 handling
419 3939 473 3999 har
510 3937 559 3997 det
592 3934 687 3994 gärna
724 3934 800 3994 gällt
837 3934 982 3994 judefrå-

1180 3941 1310 4001 punkter
1337 3940 1403 4000 gôra
1433 3940 1474 4000 sig
1505 3940 1664 4000 zillande,
1683 3937 1731 3997 och
1765 3937 1795 3997 pà
1821 3935 1932 3995 senare

238 3992 287 4052 gan
317 3988 366 4048 och
400 3987 450 4047 vad
479 3985 600 4045 därmed
630 3982 904 4042 sammanhänger.

1180 3993 1209 4053 ar
1247 3991 1280 4051 ha
1321 3991 1447 4051 judieka
1485 3988 1607 4048 problem
1659 3987 1781 4047 utgjort
1815 3988 1937 4048 huvud-

277 4036 525 4096 Ursprungligen
565 4032 617 4092 var
653 4030 830 4090 Schnitzler
866 4030 989 4090 läkare,

1182 4042 1401 4102 pörsmälen.

239 4087 299 4147 men
334 4084 419 4144 sedan
454 4082 505 4142 han
540 4081 586 4141 vid
617 4078 827 4138 30-ärsäldern
861 4080 895 4140 på
926 4078 985 4138 all-

240 4135 290 4195 var
317 4131 413 4191 slagit
432 4131 454 4191 in
486 4131 522 4191 på
550 4125 846 4185 författarebanan,
865 4125 983 4185 ägnade

1228 4151 1341 4211 Arthur
1399 4149 1573 4209 Schuitzler
1606 4144 1773 4204 studerade
1809 4143 1933 4203 mediein

244 4184 296 4244 han
321 4182 364 4242 sig
393 4181 479 4241 snart
500 4179 561 4239 helt
581 4177 614 4237 åt
639 4176 754 4236 denna.

1207 4191 1234 4251 h
1269 4188 1504 4248 promoverades
1536 4183 1604 4243 1SS5
1635 4185 1686 4245 till
1714 4182 1795 4242 med.
1816 4182 1942 4242 doktor.

1188 4229 1249 4289 men
1279 4227 1396 4287 gnade
1423 4227 1467 4287 sig
1493 4227 1584 4287 snart
1610 4224 1805 4284 uteslutande
1835 4221 1867 4281 àt
1890 4222 1941 4282 lit-

1188 4266 1370 4326 teraturen.

2150 436 2873 496 DOBSERVER

2241 491 2261 551 I.
2273 488 2392 548 österr.
2404 488 2555 548 behördl.
2571 485 2869 545 konzessioniertes

2193 527 2427 587 Unternehmen
2456 529 2501 589 für
2530 525 2921 585 Zeitungs-Ausschnitte

2255 585 2396 645 WIEN,
2422 590 2470 650 I.,
2496 590 2779 650 WOLLZEILE
2823 589 2865 649 11

2342 640 2560 700 TELEPHON
2594 637 2768 697 R-23-0-43

2143 855 2476 915 Mrtat
2547 858 2913 918 va

2314 1009 2447 1069 .

2499 1050 2635 1110 0193

2568 1085 2627 1145 Tel.
2651 1086 2739 1146 Opoe,
2764 1086 2871 1146 .

2171 1285 2462 1345 Arinur
2525 1285 2926 1345 Schhizier

2406 1432 2741 1492 avilden.

2184 1548 2423 1608 Drabbades
2458 1548 2502 1608 av
2536 1551 2765 1611 slaganfall
2793 1554 2837 1614 pâ
2872 1549 2972 1609 ons¬

2427 1608 2717 1668 dagskvällen.

2744 1699 2850 1759 a

2851 1826 2888 1886 9

2386 3827 2514 3887 Arthur
2547 3827 2759 3887 Schnitzler.

2211 3919 2302 3979 Från
2346 3918 2442 3978 Wien
2481 3919 2759 3979 telegraferas:

2211 3967 2348 4027 Arthur
2388 3967 2605 4027 Schnitzler
2640 3967 2748 4027 avled
2802 3970 2871 4030 här
2920 3967 2974 4027 vid

2163 4016 2317 4076 sjutiden
2383 4018 2425 4078 på
2487 4015 2843 4075 onsdagsaftonen.

2161 4064 2387 4124 författaren
2428 4066 2467 4126 pä
2513 4066 2811 4126 eftermiddagen
2877 4066 2977 4126 äter-

2160 4114 2277 4174 vände
2313 4114 2391 4174 från
2431 4114 2470 4174 en
2510 4114 2741 4174 promenad,
2766 4115 2977 4175 drabbades

2167 4161 2229 4221 han
2263 4161 2306 4221 av
2335 4164 2550 4224 slaganfall
2575 4164 2632 4224 och
2671 4164 2771 4224 avled
2805 4164 2891 4224 utan
2925 4164 2977 4224 att

2798 4212 2979 4272 Schnitz¬

2160 4211 2201 4271 ha
2244 4212 2404 4272 âterfâtt
2437 4212 2727 4272 medvetandet.

2164 4261 2213 4321 ler
2239 4260 2354 4320 skulle
2386 4261 2400 4321 i
2421 4262 2501 4322 maj
2522 4263 2632 4323 nästa
2663 4263 2703 4323 år
2729 4263 2768 4323 ha
2800 4260 2910 4320 blivit
2935 4261 2970 4321 70
