3344 4352
1421 389 1554 449 box
1635 394 1830 454 43/1

143 393 260 453 12.
310 394 910 454 Schnitzler's
981 392 1215 452 Death

422 1494 736 1554 Ausschnitt
774 1499 848 1559 aus

462 1627 675 1687 Deutsche
707 1620 998 1680 Tageszeitung
1031 1613 1164 1673 Berlin

440 1783 517 1843 Nr.
528 1787 536 1847 1
576 1783 625 1843 64
674 1790 791 1850 vom.

924 1783 1024 1843 3
1082 1792 1307 1852 D193

1678 1893 1800 1953 eigenen
1830 1897 1918 1957 Rasse
1943 1897 2040 1957 weich,
2065 1901 2300 1961 melancholisch,
2316 1903 2531 1963 sentimental,
2551 1906 2619 1966 aber
2645 1909 2708 1969 sehr
2733 1909 2855 1969 bewußt

1680 1939 1909 1999 durchgeführt.

606 1943 700 2003 Der
730 1944 1014 2004 Dramaliker
1053 1947 1129 2007 der
1168 1947 1452 2007 Müdigkeil.

1749 1987 1789 2047 Im
1826 1992 1980 2052 „Anatol“
2006 1995 2063 2055 setzt
2084 1995 2135 2055 das
2161 1995 2254 2055 Spiel
2275 1998 2331 2058 mit
2348 1998 2393 2058 der
2414 2001 2517 2061 Erotik
2538 2001 2610 2061 ein;
2626 2002 2651 2062 im
2688 2004 2842 2064 „Reigen“

721 2011 783 2071 Zum
828 2010 915 2070 Tode
941 2013 1072 2073 Arthur
1098 2016 1317 2076 Schnitzlers.

1674 2032 1758 2092 dessen
1799 2037 1995 2097 Aufführung
2037 2037 2107 2097 1924
2142 2037 2167 2097 in
2203 2040 2313 2100 Berlin
2349 2044 2399 2104 zum
2450 2043 2712 2103 Theaterskandal
2743 2049 2858 2109 führte,

508 2061 550 2121 Im
587 2064 676 2124 Alter
703 2066 750 2126 von
783 2067 814 2127 69
841 2068 950 2128 Jahren
983 2070 1029 2130 ist,
1046 2070 1104 2130 wie
1126 2070 1183 2130 wir
1205 2073 1399 2133 berichteten,
1421 2073 1468 2133 der
1495 2073 1615 2133 Wiener

1674 2079 1709 2139 ist
1736 2079 1786 2139 das
1818 2079 1967 2139 Erotische
1994 2082 2122 2142 satirisch
2154 2084 2210 2144 und
2242 2086 2422 2146 soziologisch
2454 2088 2510 2148 auf
2537 2088 2618 2148 einen
2650 2091 2779 2151 Nenner
2805 2092 2856 2152 ge¬

429 2106 629 2166 Dramatiker
655 2109 709 2169 und
741 2112 891 2172 Erzähler
916 2112 981 2172 Dr.
1002 2114 1122 2174 Arthur
1148 2115 1313 2175 Schnitzler
1340 2117 1510 2177 gestorben.
1551 2118 1615 2178 Für

1671 2122 1786 2182 bracht:
1817 2121 1872 2181 auf
1898 2124 1948 2184 die
1979 2127 2105 2187 brutale
2136 2127 2343 2187 illusionslose
2374 2132 2571 2192 Sexualität.
2607 2133 2647 2193 In
2683 2136 2743 2196 fast
2769 2136 2844 2196 allen

426 2147 473 2207 die
502 2150 807 2210 Theaterdirektoren
841 2153 893 2213 von
927 2156 1018 2216 heute
1047 2156 1080 2216 ist
1109 2156 1142 2216 er
1171 2160 1266 2220 längst
1295 2159 1323 2219 in
1358 2159 1405 2219 den
1439 2159 1620 2219 Literatur¬

1674 2164 1789 2224 Stücken
1820 2167 2001 2227 Schnitzlers
2032 2168 2107 2228 steht
2133 2169 2188 2229 das
2218 2171 2355 2231 erotische
2385 2174 2551 2234 Problem,
2573 2174 2627 2234 das
2658 2177 2849 2237 Verhältnis

424 2192 591 2252 geschichten
626 2195 774 2255 begraben
813 2198 866 2258 und
900 2198 933 2258 sie
962 2198 1144 2258 kümmerten
1183 2200 1226 2260 sich
1260 2201 1331 2261 kaum
1375 2201 1442 2261 noch
1472 2203 1509 2263 um
1553 2204 1620 2264 ihn.

1676 2210 1769 2270 Mann
1804 2210 1857 2270 und
1888 2210 1975 2270 Weib
2005 2210 2029 2270 im
2074 2214 2295 2274 Vordergrund
2325 2216 2383 2276 und
2413 2216 2456 2276 die
2482 2216 2575 2276 Liebe
2600 2219 2673 2279 wird
2708 2221 2766 2281 nur
2791 2221 2845 2281 von

428 2232 504 2292 Doch
542 2234 599 2294 vor
638 2237 723 2297 einem
771 2240 1033 2300 Menschenalter,
1067 2243 1095 2303 in
1134 2243 1186 2303 der
1224 2246 1381 2306 Blütezeit
1420 2244 1472 2304 der
1510 2246 1620 2306 Ibsen,

1673 2250 1722 2310 dem
1763 2253 1883 2313 Manne
1919 2255 1974 2315 aus
2010 2258 2145 2318 gesehen,
2170 2258 2220 2318 dem
2267 2259 2301 2319 sie
2332 2261 2422 2321 nichts
2452 2261 2502 2321 als
2533 2262 2663 2322 Episode
2694 2264 2744 2324 ist.
2774 2267 2844 2327 Das

426 2278 647 2338 Hauptmann,
672 2282 927 2342 Hofmannsthal
957 2285 1084 2345 gehörte
1119 2287 1281 2347 Schnitzler
1320 2289 1344 2349 zu
1389 2288 1438 2348 den
1483 2290 1619 2350 meistge¬

1673 2297 1974 2357 Auseinanderleben
2010 2300 2060 2360 der
2091 2300 2236 2360 Eheleute
2267 2303 2292 2363 im
2333 2306 2614 2366 „Zwischenspiel“,
2635 2307 2680 2367 die
2706 2309 2846 2369 tragische

424 2323 549 2383 spielten
585 2324 822 2384 Dramatikern.
863 2327 933 2387 Mit
964 2328 1014 2388 der
1050 2330 1221 2390 „Liebelei“
1252 2330 1338 2390 hatte
1369 2333 1529 2393 Schnitzler
1560 2333 1610 2393 den

1673 2338 1818 2398 Komödie
1844 2341 1888 2401 der
1914 2341 2054 2401 Familie
2075 2344 2099 2404 im
2140 2344 2271 2404 „Weiten
2302 2346 2402 2406 Land“
2427 2347 2487 2407 sind
2513 2349 2663 2409 Themen,
2679 2353 2739 2413 die,
2759 2353 2839 2413 wenn

422 2365 512 2425 ersten
555 2368 665 2428 großen
713 2368 841 2428 Erfolg,
875 2369 932 2429 mit
976 2371 1061 2431 jenem
1109 2372 1376 2432 schwermütigen,
1410 2374 1615 2434 sentimental

1671 2383 1732 2443 auch
1766 2384 2010 2444 fragmentarisch
2044 2386 2115 2446 oder
2144 2389 2297 2449 variiert,
2321 2391 2349 2451 in
2383 2389 2511 2449 anderen
2546 2394 2665 2454 Stücken
2704 2395 2756 2455 und
2790 2394 2846 2454 Er¬

427 2408 638 2468 durchzogenen
673 2411 855 2471 Schauspiel
885 2413 939 2473 vom
983 2413 1066 2473 süßen
1106 2413 1229 2473 Wiener
1264 2416 1392 2476 Mädel,
1417 2416 1470 2476 das
1505 2418 1529 2478 in
1564 2419 1617 2479 der

1671 2428 1831 2488 zählungen
1862 2430 2038 2490 Schnitzlers
2064 2431 2300 2491 wiederkehren.
2325 2434 2481 2494 Schnitzler
2507 2434 2567 2494 war
2593 2437 2658 2497 auch
2678 2438 2729 2498 bei
2749 2440 2839 2500 seinen

419 2452 566 2512 weichen,
586 2452 743 2512 schwülen,
758 2455 811 2515 von
840 2455 954 2515 Sorgen
983 2457 1060 2517 nicht
1079 2458 1270 2518 beschwerten
1299 2461 1370 2521 Luft
1395 2462 1443 2522 der
1462 2461 1605 2521 goldenen

1669 2472 1875 2532 dramatischen
1906 2474 2077 2534 Ausflügen
2108 2474 2132 2534 in
2158 2476 2203 2536 die
2229 2479 2354 2539 Historie
2380 2479 2430 2539 vom
2467 2479 2557 2539 Glück
2577 2482 2764 2542 begünstigt.
2779 2484 2839 2544 Das

426 2495 543 2555 Jugend
578 2497 686 2557 Wiens
716 2500 872 2560 zugrunde
902 2500 985 2560 geht.
1025 2500 1132 2560 Dieses
1162 2503 1344 2563 Schauspiel
1379 2504 1432 2564 und
1467 2505 1515 2565 die
1545 2504 1613 2564 vor¬

1667 2515 1942 2575 Nenaissancestück
1963 2518 2043 2578 „Der
2068 2521 2203 2581 Schleier
2234 2521 2279 2581 der
2304 2521 2485 2581 Beatrice“,
2505 2524 2550 2584 der
2581 2526 2841 2586 Revolutionsakt

417 2538 475 2598 her
515 2538 726 2598 entstandenen
776 2544 888 2604 Szenen
933 2544 1089 2604 „Anatol“
1134 2547 1193 2607 sind
1237 2547 1428 2607 bezeichnend
1473 2547 1521 2607 für
1566 2547 1610 2607 die

1672 2560 1745 2620 „Der
1775 2559 1868 2619 grüne
1898 2559 2064 2619 Kakadu“,
2084 2560 2138 2620 das
2172 2563 2285 2623 Drama
2319 2565 2373 2625 aus
2408 2565 2456 2625 der
2487 2568 2731 2628 Napoleonszeit
2761 2571 2839 2631 „Der

424 2580 640 2640 Schnitzlersche
667 2582 749 2642 Art:
775 2585 826 2645 für
858 2585 935 2645 seine
967 2586 1158 2646 wienerische
1190 2590 1504 2650 Lebensauffassung,
1531 2590 1608 2650 seine

1669 2602 1755 2662 junge
1779 2601 1946 2661 Medardo“
1971 2604 2133 2664 beweisen,
2148 2605 2200 2665 wie
2224 2607 2300 2667 viele
2325 2609 2429 2669 andere
2454 2610 2554 2670 Stücke
2574 2613 2769 2673 Schnitzlers,
2789 2613 2836 2673 daß

418 2624 623 2684 schwankende
659 2626 769 2686 Ethik,
794 2628 874 2688 seine
910 2628 985 2688 tiefe
1021 2631 1246 2691 Melancholie,
1277 2631 1372 2691 seinen
1413 2633 1608 2693 selbstquäle¬

1668 2643 1697 2703 er
1718 2646 1757 2706 ein
1783 2646 1959 2706 geschickter,
1975 2649 2000 2709 ja
2026 2649 2207 2709 gerissener,
2223 2651 2282 2711 auch
2308 2652 2363 2712 auf
2379 2652 2424 2712 den
2454 2652 2555 2712 Effekt
2576 2654 2620 2714 hin
2646 2658 2842 2718 arbeitender

417 2668 522 2728 rischen
551 2670 785 2730 Pessimismus.
819 2670 895 2730 Man
924 2670 1029 2730 könnte
1059 2672 1101 2732 ihn
1130 2673 1177 2733 den
1207 2675 1407 2735 Dramatiker
1432 2676 1479 2736 der
1508 2676 1613 2736 Liebe¬

1660 2688 1940 2748 Bühnentechniker
1965 2691 2087 2751 gewesen
2117 2694 2165 2754 ist,
2181 2694 2234 2754 vor
2254 2695 2303 2755 dem
2338 2697 2416 2757 viele
2436 2698 2632 2758 dramatische
2652 2700 2843 2760 Stammler,

420 2709 464 2769 lei
484 2712 621 2772 nennen,
641 2712 709 2772 denn
739 2712 793 2772 das
823 2712 911 2772 Wort
936 2715 1024 2775 Liebe
1054 2715 1083 2775 ist
1108 2715 1132 2775 in
1167 2717 1221 2777 fast
1246 2718 1319 2778 allen
1349 2718 1442 2778 seinen
1477 2718 1613 2778 Stücken,

1666 2728 1706 2788 die
1730 2732 1775 2792 sich
1799 2734 1880 2794 heute
1904 2735 1961 2795 auf
1979 2735 2025 2795 den
2055 2735 2199 2795 Brettern
2229 2738 2333 2798 blähen
2363 2740 2484 2800 dürfen,
2502 2742 2565 2802 noch
2589 2744 2716 2804 allerlei
2734 2744 2832 2804 lernen

417 2753 484 2813 auch
518 2753 542 2813 in
581 2753 628 2813 den
672 2753 907 2813 Erzählungen,
937 2756 998 2816 nur
1033 2756 1100 2816 eine
1130 2758 1273 2818 Vokabel
1303 2759 1379 2819 ohne
1413 2759 1605 2819 gewichtigen

1665 2777 1816 2837 könnten.

418 2795 551 2855 Inhalt,
578 2797 623 2857 ein
660 2798 860 2858 spielerischer
892 2801 1031 2861 Begriff,
1057 2801 1155 2861 eben:
1181 2801 1335 2861 Liebelei.
1377 2803 1422 2863 Es
1459 2804 1525 2864 gibt
1557 2804 1608 2864 bei

1741 2831 1900 2891 Schnitzler
1931 2831 1998 2891 war
2029 2833 2065 2893 ein
2103 2834 2243 2894 geistiger
2269 2835 2403 2895 Nachbar
2434 2839 2593 2899 Sigmund
2624 2840 2759 2900 Freuds,
2784 2840 2832 2900 des

416 2840 581 2900 Schnitzler
612 2840 689 2900 nicht
720 2842 767 2902 die
798 2843 885 2903 große
917 2843 1139 2903 Leidenschaft,
1181 2846 1257 2906 weil
1289 2846 1335 2906 bei
1367 2846 1412 2906 ihm
1460 2848 1526 2908 auch
1563 2847 1609 2907 die

1661 2873 1821 2933 Schöpfers
1846 2876 1896 2936 der
1922 2876 2187 2936 problematischen
2223 2880 2469 2940 Psychoanalyse.
2510 2882 2549 2942 In
2580 2882 2629 2942 der
2655 2885 2830 2945 Erzählung

415 2887 509 2947 große
535 2885 596 2945 Tat
616 2884 711 2944 fehlt.
747 2885 832 2945 Alles
863 2885 934 2945 wird
964 2886 1014 2946 zur
1040 2888 1191 2948 Illusion,
1206 2889 1251 2949 die
1277 2888 1352 2948 dann
1383 2890 1433 2950 der
1459 2891 1609 2951 Intellekt

1661 2919 1825 2979 „Fräulein
1856 2918 1959 2978 Else",
1980 2920 2025 2980 die
2052 2921 2133 2981 durch
2165 2921 2210 2981 die
2237 2924 2452 2984 Verfilmung,
2473 2924 2529 2984 mit
2556 2927 2709 2987 Elisabeth
2741 2927 2838 2987 Berg¬

418 2927 630 2987 zertrümmert
656 2929 726 2989 oder
752 2929 807 2989 vor
833 2929 883 2989 der
914 2929 944 2989 er
975 2930 1020 2990 sich
1051 2932 1137 2992 müde
1168 2934 1360 2994 zurückzieht,
1381 2934 1457 2994 weil
1482 2935 1512 2995 er
1543 2936 1608 2996 ihre

1656 2959 1712 3019 ner
1743 2959 1768 3019 in
1800 2959 1851 3019 der
1883 2962 2063 3022 Titelrolle,
2084 2962 2109 3022 in
2146 2964 2234 3024 weite
2265 2966 2368 3026 Kreise
2394 2968 2569 3028 gedrungen
2606 2969 2652 3029 ist,
2673 2969 2766 3029 spielt
2792 2968 2838 3028 die

417 2972 649 3032 Kraftlosigkeit
680 2974 757 3034 nicht
784 2974 923 3034 ertragen
965 2974 1057 3034 kann.

1656 3004 1940 3064 psychoanalytische
1967 3007 2283 3067 „Selbsterkenntnis"
2316 3010 2373 3070 eine
2400 3010 2537 3070 wichtige
2564 3011 2668 3071 Rolle.
2706 3013 2837 3073 Schnitz¬

495 3022 566 3082 Man
608 3023 680 3083 darf
712 3025 788 3085 nicht
820 3028 990 3088 vergessen,
1022 3028 1072 3088 daß
1109 3028 1268 3088 Schnitzler
1306 3028 1331 3088 in
1373 3028 1470 3088 vielen
1507 3028 1604 3088 seiner

1655 3044 1718 3104 ler,
1739 3047 1787 3107 der
1812 3049 1905 3109 Arzt,
1925 3049 1988 3109 war
2018 3051 2066 3111 als
2096 3052 2385 3112 Seelenanalytiker
2415 3054 2561 3114 durchaus
2591 3056 2841 3116 Naturforscher,

421 3065 515 3125 Stücke
546 3067 596 3127 auf
621 3067 666 3127 den
702 3069 807 3129 Wegen
838 3069 948 3129 Ibsens
979 3071 1074 3131 ging;
1095 3070 1165 3130 aber
1190 3072 1300 3132 Ibsens
1332 3073 1436 3133 logisch
1462 3073 1602 3133 knifflige

1657 3088 1708 3148 den
1738 3093 1875 3153 mystische
1899 3094 2118 3154 Untergründe
2141 3097 2193 3157 des
2216 3097 2331 3157 Lebens
2361 3099 2441 3159 mehr
2464 3100 2573 3160 reizten
2603 3100 2648 3160 als
2678 3100 2833 3160 metaphy¬

414 3110 581 3170 Dialektik,
596 3112 704 3172 Ibsens
729 3112 890 3172 getüftelte
916 3114 1215 3174 Gesellschaftskritik
1235 3115 1338 3175 wurde
1363 3115 1416 3175 von
1437 3115 1598 3175 Schnitzler

1662 3135 1717 3195 sisch
1740 3135 1986 3195 beunruhigten.

2487 3143 2605 3203 Hugo
2634 3144 2800 3204 Kubsc.

411 3150 463 3210 ins
502 3153 702 3213 Spielerische
736 3154 942 3214 umgebogen.
990 3156 1052 3216 Bei
1086 3158 1176 3218 Ibsen
1215 3156 1310 3216 haben
1349 3156 1396 3216 die
1435 3157 1607 3217 Menschen,

417 3195 498 3255 selbst
527 3195 608 3255 wenn
646 3197 684 3257 sie
714 3195 761 3255 oft
790 3197 885 3257 nichts
919 3198 1048 3258 anderes
1083 3199 1154 3259 tun,
1178 3201 1225 3261 als
1259 3201 1307 3261 ihr
1341 3201 1460 3261 eigenes
1494 3201 1594 3261 Wesen

411 3240 593 3300 grüblerisch
627 3240 650 3300 zu
689 3240 842 3300 zersetzen,
871 3243 933 3303 noch
972 3243 1057 3303 einen
1096 3243 1211 3303 Beruf,
1235 3243 1288 3303 der
1317 3244 1355 3304 sie
1389 3243 1532 3303 zuweilen
1571 3243 1594 3303 in

408 3282 551 3342 tragische
590 3283 752 3343 Konflikte
786 3285 905 3345 treibt;
939 3285 986 3345 bei
1020 3286 1187 3346 Schnitzler
1222 3285 1379 3345 bummeln
1422 3285 1460 3345 sie
1494 3287 1599 3347 durch¬

411 3325 540 3385 Dasein,
560 3326 648 3386 gehen
685 3326 718 3386 am
765 3329 881 3389 tätigen
914 3326 1012 3386 Leben
1049 3328 1156 3388 vorbei
1184 3329 1240 3389 und
1273 3329 1305 3389 es
1338 3326 1370 3386 ist
1404 3326 1426 3386 im
1473 3329 1598 3389 Grunde

411 3368 622 3428 gleichgültig,
643 3369 671 3429 ob
706 3370 740 3430 sie
766 3368 810 3428 sich
845 3373 1278 3433 Glühstrumpffabrikanten,
1303 3371 1504 3431 Gutsbesitzer
1534 3371 1598 3431 oder

406 3410 564 3470 Bankiers
593 3412 727 3472 nennen.
770 3410 811 3470 Es
845 3412 900 3472 sind
928 3413 1138 3473 Arbeitslose,
1161 3416 1207 3476 die
1236 3415 1263 3475 zu
1297 3413 1380 3473 leben
1413 3414 1506 3474 haben
1544 3414 1594 3474 und

408 3455 560 3515 nebenbei
585 3457 608 3517 so
637 3455 704 3515 viel
729 3455 824 3515 Geist,
848 3457 900 3517 daß
929 3457 962 3517 sie
992 3458 1039 3518 ihn
1073 3459 1245 3519 großmütig
1274 3458 1513 3518 verschwenden.
1552 3456 1589 3516 In

411 3497 475 3557 drei
501 3497 546 3557 bis
577 3499 642 3559 fünf
668 3499 758 3559 Akten
789 3500 860 3560 läßt
880 3500 910 3560 er
936 3502 981 3562 sich
1012 3501 1057 3561 oft
1078 3503 1132 3563 gut
1158 3500 1400 3560 unterbringen.
1437 3500 1602 3560 Schnitzler

409 3541 544 3601 verstand
572 3541 627 3601 das
661 3541 716 3601 und
745 3541 847 3601 damit
870 3544 963 3604 dieser
991 3541 1173 3601 „Ueberfluß
1201 3544 1233 3604 an
1266 3541 1364 3601 Geist“
1397 3543 1471 3603 nicht
1495 3543 1601 3603 depla¬

408 3584 490 3644 ciert
516 3585 598 3645 war,
619 3585 670 3645 hat
697 3585 722 3645 er
749 3586 815 3646 sehr
841 3586 887 3646 oft
913 3588 995 3648 einen
1032 3589 1248 3649 Schriftsteller
1274 3589 1326 3649 zum
1368 3589 1486 3649 lässigen
1522 3587 1599 3647 Rai¬

414 3628 539 3688 sonneur
569 3630 661 3690 seiner
690 3628 791 3688 Stücke
821 3628 966 3688 gemacht.

486 3679 594 3739 Erotik
624 3682 677 3742 und
712 3685 937 3745 Ressentiment
967 3684 1025 3744 sind
1060 3684 1133 3744 zwei
1163 3684 1344 3744 wesentliche
1374 3682 1521 3742 Faktoren
1560 3683 1584 3743 in

411 3726 590 3786 Schnitzlers
622 3727 781 3787 Schaffen.
828 3727 890 3787 Sie
921 3726 977 3786 sind
1014 3728 1122 3788 rassisch
1158 3726 1302 3786 bedingt.
1344 3726 1508 3786 Schnitzler
1540 3726 1591 3786 hat

417 3771 466 3831 sein
501 3769 657 3829 Judentum
696 3771 764 3831 stets
790 3771 863 3831 stolz
883 3771 1030 3831 bekannt,
1050 3772 1074 3832 er
1099 3771 1226 3831 glaubte
1251 3770 1280 3830 an
1315 3770 1388 3830 seine
1413 3771 1510 3831 Kraft
1530 3771 1584 3831 und

408 3813 441 3873 er
470 3815 518 3875 sah
552 3813 613 3873 auch
648 3815 724 3875 seine
753 3816 911 3876 Grenzen.
955 3815 1045 3875 Trotz
1070 3816 1146 3876 aller
1176 3816 1396 3876 Resignation,
1420 3816 1491 3876 trotz
1521 3815 1592 3875 aller

407 3858 603 3918 Müdigkeit,
623 3858 667 3918 die
692 3858 735 3918 sich
761 3858 815 3918 aus
845 3859 893 3919 der
918 3861 1035 3921 Skepsis
1065 3861 1187 3921 nährte,
1208 3861 1271 3921 war
1297 3861 1325 3921 er
1351 3860 1394 3920 sich
1424 3859 1473 3919 der
1498 3860 1590 3920 Kraft

407 3903 460 3963 des
500 3900 765 3960 „Unterdrückten"
800 3903 927 3963 bewußt
962 3903 1016 3963 und
1056 3906 1080 3966 in
1119 3906 1213 3966 seiner
1247 3903 1458 3963 Arztkomödie
1493 3906 1595 3966 „Pro¬

413 3951 494 4011 fessor
527 3946 706 4006 Vernardi"
740 3945 821 4005 wird
854 3947 902 4007 die
936 3948 1028 4008 These
1066 3950 1115 4010 von
1159 3950 1207 4010 der
1246 3950 1507 4010 Ueberlegenheit
1540 3949 1588 4009 der
