3392 4320
223 280 288 340 2

1511 282 1638 342 box
1715 288 1895 348 42/6

459 286 988 346 chnitzler's
1055 285 1281 345 Death

213 1746 319 1806 931

1339 1877 1399 1937 und
1439 1876 1598 1936 Einfälle;
1654 1875 1703 1935 die
1737 1873 2079 1933 Gesamtkonstruktion
2118 1873 2195 1933 wird

427 1882 557 1942 Wiener
586 1881 665 1941 Luft
688 1882 806 1942 machte
835 1882 881 1942 ihn
915 1882 965 1942 zum
1011 1879 1288 1939 ausgeprägtesten

213 1921 369 1981 litzlers

1342 1924 1597 1984 vernachlässigt,
1615 1924 1750 1984 dagegen
1780 1923 1858 1983 aller
1882 1922 2057 1982 Nachdruck
2081 1919 2137 1979 auf
2155 1920 2205 1980 die

427 1930 572 1990 Erotiker
605 1929 654 1989 des
687 1930 1017 1990 Impressionismus,
1045 1927 1093 1987 der
1121 1927 1196 1987 allen
1235 1926 1299 1986 Ab¬

1339 1975 1499 2035 wirksame
1532 1972 1747 2032 Verdichtung
1787 1970 1841 2030 der
1875 1969 2029 2029 einzelnen
2074 1969 2195 2029 Szenen

431 1981 674 2041 schattierungen
719 1977 778 2037 und
811 1976 1065 2036 Verkleidungen
1104 1975 1152 2035 des
1191 1970 1293 2030 Sexus

1335 2022 1398 2082 und
1428 2019 1479 2079 dem
1527 2019 1619 2079 Leben
1654 2019 1886 2079 abgelauschten
1921 2017 2002 2077 Züge
2032 2017 2153 2077 gelegt,
2171 2018 2199 2078 so

431 2029 490 2089 mit
508 2026 673 2086 Inbrunst
691 2025 856 2085 nachgeht.
875 2025 933 2085 Als
958 2022 1176 2082 leichtfertiges
1200 2021 1294 2081 Spiel

212 2052 250 2112 es
281 2049 379 2109 gestern

1342 2070 1395 2130 daß
1428 2070 1482 2130 der
1510 2067 1688 2127 Zuschauer
1721 2067 1780 2127 und
1813 2067 1899 2127 Leser
1949 2064 1997 2124 die
2046 2064 2203 2124 vorüber¬

427 2075 637 2135 verscherzter
671 2073 818 2133 Stunden
859 2073 994 2133 beginnt
1024 2071 1074 2131 die
1103 2070 1216 2130 Erotik
1250 2068 1300 2128 ge¬

203 2091 280 2151 hters
307 2088 379 2148 lesen

1344 2118 1523 2178 huschenden
1552 2114 1726 2174 Eindrücke
1744 2115 1853 2175 ebenso
1877 2112 2004 2172 flüchtig
2028 2112 2189 2172 empfinde

430 2124 601 2184 wöhnlich,
629 2123 667 2183 um
713 2122 822 2182 dann,
845 2121 933 2181 wenn
972 2120 1022 2180 die
1050 2118 1177 2178 elenden
1216 2115 1298 2175 Ver¬

201 2127 278 2187 Pand
307 2127 379 2187 „Die

1344 2167 1397 2227 wie
1425 2166 1473 2226 die
1501 2166 1696 2226 „dramatis
1718 2163 1912 2223 personae“
1941 2161 2010 2221 ihre
2032 2160 2205 2220 Sensatio¬

223 2164 293 2224 Von
329 2163 384 2223 Jo¬

429 2174 536 2234 führer
576 2173 637 2233 und
672 2169 779 2229 armen
819 2170 1028 2230 Betrogenen
1068 2167 1113 2227 die
1153 2166 1282 2226 Leerhei

246 2205 282 2265 u.
309 2204 381 2264 Cie.

1334 2214 1413 2274 nen.
1459 2214 1555 2274 Diese
1584 2214 1822 2274 dialogisierten
1862 2211 2032 2271 Novellen,
2078 2208 2196 2268 kleinen

423 2220 473 2280 der
502 2221 559 2281 fast
582 2220 695 2280 immer
725 2219 867 2279 unechten
902 2217 992 2277 Liebe
1016 2216 1078 2276 und
1102 2215 1192 2275 ihrer
1216 2214 1300 2274 sinn¬

210 2243 292 2303 haben
327 2242 380 2302 wir

1334 2261 1557 2321 dramatischen
1591 2261 1848 2321 Erzählungen,
1871 2258 2010 2318 meistens
2039 2255 2206 2315 Einakter,

424 2269 503 2329 losen
561 2267 745 2327 Abenteuer
794 2264 967 2324 erkennen,
1031 2262 1062 2322 in
1132 2261 1289 2321 trostloser

203 2282 384 2342 besprochen.

1340 2312 1422 2372 reiht
1453 2308 1624 2368 Schnitzler
1661 2308 1720 2368 mit
1750 2306 1903 2366 Vorliobe
1934 2305 1963 2365 zu
1999 2304 2112 2364 Zyklen
2148 2305 2200 2365 an¬

427 2318 647 2378 Melancholie
670 2316 743 2376 oder
766 2312 850 2372 tiefer
873 2313 1115 2373 Verzweiflung
1138 2310 1166 2370 zu
1195 2310 1284 2370 enden

208 2321 222 2381 n
259 2319 381 2379 Auszug

1342 2358 1514 2418 einander.
1536 2357 1584 2417 So
1623 2354 1698 2414 wird
1736 2355 1790 2415 das
1828 2355 1881 2415 von
1920 2354 2033 2414 halben
2072 2351 2206 2411 Leiden¬

200 2358 378 2418 sschaulichen

440 2360 445 2420 —
486 2364 537 2424 der
556 2363 729 2423 Bodensatz
753 2363 787 2423 ist
811 2360 944 2420 bitterste
962 2360 1217 2420 Enttänschung.
1240 2359 1298 2419 Die

201 2397 319 2457 sitzlers.

1344 2408 1465 2468 schaften
1501 2405 1587 2465 sanft
1611 2403 1813 2463 durchwogte
1844 2402 1935 2462 Leben
1971 2402 2023 2462 von
2058 2401 2197 2461 zwischen

427 2414 589 2474 liebenden
622 2411 767 2471 Männer
795 2409 854 2469 sind
888 2409 1033 2469 meistens
1067 2408 1223 2468 elegante,
1245 2408 1293 2468 ge¬

205 2435 347 2495 paktion.)

1339 2455 1522 2515 Lebenslust
1545 2452 1598 2512 und
1626 2452 1918 2512 Todesbangigkeit
1935 2449 2205 2509 verschwimmen¬

427 2463 556 2523 fällige,
574 2461 805 2521 oberflächliche
829 2456 986 2516 Genießer
1010 2457 1066 2517 aus
1089 2455 1298 2515 wohlhaben¬

204 2495 280 2555 ßter
316 2493 373 2553 und

1336 2500 1387 2560 den
1429 2503 1661 2563 Stimmungen
1698 2500 1811 2560 laulich
1848 2498 2002 2558 umspült,
2029 2497 2090 2557 und
2127 2497 2194 2557 man

427 2509 476 2569 den
516 2510 637 2570 Kreisen
676 2507 737 2567 mit
765 2506 847 2566 recht
876 2505 969 2565 vielen
1009 2503 1196 2563 Geliebten,
1219 2503 1274 2563 abe

205 2545 306 2605 scher,
331 2541 381 2601 re¬

1342 2551 1415 2611 weiß
1444 2551 1523 2611 nicht
1546 2549 1642 2609 recht,
1660 2548 1722 2608 was
1751 2548 1847 2608 Ernst
1870 2547 1926 2607 und
1955 2545 2017 2605 was
2046 2545 2181 2605 „Mimik

430 2559 507 2619 ohne
530 2557 579 2617 die
596 2557 767 2617 Fähigkeit
784 2554 839 2614 zur
862 2554 955 2614 echten
983 2551 1072 2611 Liebe
1094 2553 1154 2613 und
1183 2551 1276 2611 darum

195 2593 253 2653 und
286 2590 383 2650 daher

1337 2601 1390 2661 ist.
1414 2599 1478 2659 Die
1508 2599 1690 2659 eigentliche
1727 2596 1898 2656 Wahrheit
1928 2594 1998 2654 läßt
2028 2593 2198 2653 Schnitzler

422 2605 461 2665 am
529 2605 676 2665 Schlusse
722 2605 880 2665 jedesmal
926 2600 1084 2660 trübselig
1136 2599 1282 2659 verzehrt

202 2640 240 2700 er
266 2640 304 2700 ist
324 2640 381 2700 vor

1335 2646 1483 2706 vielleicht
1514 2646 1608 2706 seinen
1651 2646 1882 2706 „Paracelsus"
1913 2643 2025 2703 sagen:

430 2651 616 2711 Schnitzlers
645 2652 769 2712 Frauen
798 2649 928 2709 dagegen
962 2648 1018 2708 sind
1041 2646 1120 2706 echte
1143 2646 1295 2706 Liebende

199 2688 280 2748 seren
312 2685 374 2745 Art

426 2703 484 2763 mit
537 2700 775 2760 wahrhaftigem
823 2700 971 2760 Pathos,
1019 2697 1093 2757 aber
1146 2697 1209 2757 von
1247 2694 1294 2754 er¬

1358 2715 1368 2775 —
1422 2715 1480 2775 Mit
1501 2715 1744 2775 Menschenseelen
1777 2715 1861 2775 spiele
1883 2714 1935 2774 ich.
1957 2714 2004 2774 Ein
2036 2712 2110 2772 Sinn

231 2736 370 2796 blasiert

429 2751 632 2811 schreckender
685 2745 818 2805 innerer
865 2746 1115 2806 Maßlosigkeit,
1156 2742 1208 2802 die
1261 2743 1294 2803 sie

1361 2757 1433 2817 wird
1461 2757 1520 2817 nur
1548 2756 1598 2816 von
1630 2756 1680 2816 dem
1726 2755 1885 2815 gefunden,
1903 2753 1953 2813 der
1981 2751 2026 2811 ihn
2058 2753 2144 2813 sucht.

196 2786 301 2846 felnd,
329 2786 381 2846 zur

1360 2796 1401 2856 Es
1434 2796 1532 2856 fließen
1570 2796 1747 2856 ineinander
1776 2793 1878 2853 Traum
1925 2791 1977 2851 und
2010 2791 2145 2851 Wachen,

425 2799 599 2859 immerhin
628 2796 695 2856 noch
724 2796 797 2856 über
826 2796 871 2856 die
894 2796 1007 2856 innere
1030 2793 1188 2853 Halbheit
1205 2793 1295 2853 ihrer

1367 2835 1515 2895 Wahrheit
1540 2835 1593 2895 und
1624 2835 1712 2895 Lüge.
1732 2832 1895 2892 Sicherheit
1920 2830 1949 2890 ist
1974 2829 2127 2889 nirgends.

195 2834 279 2894 tzung
310 2832 383 2892 nei¬

430 2848 624 2908 männlichen
658 2843 801 2903 Partner
824 2842 929 2902 erhebt
946 2840 957 2900 —
1007 2841 1062 2901 das
1085 2840 1195 2900 Ganze
1218 2840 1295 2900 wird

1365 2869 1420 2929 Wir
1449 2871 1538 2931 wissen
1571 2870 1655 2930 nichts
1684 2869 1736 2929 von
1764 2869 1895 2929 andern,
1914 2867 2003 2927 nichts
2027 2867 2079 2927 von
2112 2867 2182 2927 uns.

199 2879 295 2939 mmer
325 2877 375 2937 sich

427 2895 506 2955 dann
546 2894 619 2954 eben
659 2894 857 2954 „Liebelei",
886 2890 942 2950 wie
977 2889 1021 2949 ein
1062 2890 1117 2950 vom
1163 2887 1293 2947 Dichter

1362 2912 1622 2972 Wirspielen
1649 2909 1812 2969 immer;
1829 2909 1887 2969 wer
1904 2909 1931 2969 es
1953 2909 2040 2969 weiß,
2057 2907 2088 2967 ist
2105 2908 2180 2968 klug.

202 2929 267 2989 gen"

428 2945 606 3005 gewählter
636 2941 727 3001 Titel
757 2939 889 2999 treffend
924 2939 1045 2999 besagt.
1075 2939 1137 2999 Und
1173 2934 1201 2994 so
1236 2936 1293 2996 wie

1381 2979 1448 3039 Das
1473 2981 1689 3041 Dramatische
1708 2981 1831 3041 nimmt
1851 2977 1875 3037 in
1900 2977 2091 3037 Schnitzlers
2110 2975 2202 3035 Wert

423 2993 469 3053 die
493 2991 655 3051 einzelnen
690 2989 748 3049 von
777 2988 829 3048 ihm
870 2987 1079 3047 behandelten
1115 2984 1282 3044 Liebeleien

1342 3034 1422 3094 zwar
1455 3028 1503 3088 den
1542 3030 1703 3090 breitesten
1736 3028 1833 3088 Raum
1877 3027 1941 3087 ein,
1985 3026 2017 3086 im
2061 3025 2195 3085 Grunde

431 3044 488 3104 mit
517 3041 569 3101 den
604 3038 766 3098 obligaten
801 3038 997 3098 Ehebrüchen
1038 3035 1223 3095 verlaufen,

1335 3079 1408 3139 aber
1437 3077 1471 3137 ist
1494 3076 1528 3136 er
1551 3076 1727 3136 Erzähler,
1750 3076 1807 3136 und
1842 3075 1910 3135 auch
1939 3073 2018 3133 seine
2041 3070 2200 3130 Bühnen¬

197 3079 374 3139 ntgefstert.

426 3088 616 3148 entwickelte
664 3088 715 3148 sich
774 3084 843 3144 auch
878 3084 930 3144 des
966 3083 1116 3143 Dichters
1151 3082 1214 3142 Art
1244 3080 1295 3140 der

1337 3128 1421 3188 stücke
1455 3127 1539 3187 sind,
1569 3127 1625 3187 wie
1665 3123 1732 3183 man
1779 3122 1835 3182 mit
1869 3123 1964 3183 Recht
1994 3121 2101 3181 gesagt
2135 3121 2202 3181 hat,

428 3136 804 3196 Stimmungsmalerei:
822 3132 960 3192 anfangs
996 3132 1076 3192 malt
1100 3130 1129 3190 er
1158 3130 1215 3190 mit
1239 3129 1285 3189 der

202 3142 376 3202 geisternde

1332 3177 1493 3237 eigentlich
1522 3175 1761 3235 dramatisierte
1789 3171 1861 3231 oder
1889 3169 2106 3229 dialogisierte
2135 3166 2201 3226 No¬

428 3187 587 3247 graziösen
623 3183 728 3243 Linien
770 3180 829 3240 und
859 3181 1053 3241 Schnörkeln
1089 3178 1295 3238 kapriziösen,

193 3187 314 3247 fremd,
349 3185 383 3245 er

1332 3225 1449 3285 vellen.
1477 3224 1521 3284 In
1566 3223 1616 3283 der
1655 3223 1722 3283 Tat
1756 3219 1833 3279 weiß
1873 3218 1905 3278 er
1940 3217 2117 3277 bestrickend
2157 3217 2190 3277 zu

432 3235 527 3295 feinen
562 3232 697 3292 Spottes
731 3229 787 3289 und
822 3229 878 3289 mit
901 3229 991 3289 lustig
1026 3228 1115 3288 hellen
1150 3225 1285 3285 Lichterr

224 3237 310 3297 statt

1338 3273 1503 3333 erzählen,
1519 3271 1580 3331 mit
1602 3270 1673 3330 allem
1716 3268 1839 3328 Wiener
1861 3267 1984 3327 Scharm
2021 3264 2082 3324 und
2104 3261 2196 3321 unter

424 3281 635 3341 unbesorgten
662 3279 808 3339 Spieles,
825 3275 927 3335 später
949 3273 1024 3333 aber
1052 3275 1111 3335 mit
1127 3273 1175 3333 den
1203 3273 1294 3333 dunk¬

191 3284 301 3344 hnend

1331 3321 1421 3381 einem
1464 3321 1585 3381 leichten
1623 3317 1750 3377 weichen
1788 3315 1925 3375 Schleier
1958 3312 2010 3372 von
2048 3312 2175 3372 Wehmu

422 3330 488 3390 len,
505 3330 700 3390 schattenden
728 3325 844 3385 Farben
873 3324 1145 3384 melancholischer
1157 3321 1295 3381 Schwer¬

195 3333 316 3393 stalität

1333 3368 1391 3428 und
1423 3367 1873 3427 Vergänglichkeitsahnung,
1895 3363 1947 3423 von
1979 3363 2032 3423 dem
2075 3360 2117 3420 sich
2149 3360 2196 3420 die

429 3380 511 3440 mut.
553 3377 624 3437 Aus
661 3375 764 3435 seiner
806 3374 862 3434 vom
904 3372 1095 3432 Wienertum
1137 3371 1296 3431 bestimm¬

198 3381 334 3441 rwahr,
351 3381 378 3441 er

1334 3417 1387 3477 tief
1415 3417 1588 3477 innerliche
1616 3415 1800 3475 Frivolität
1828 3411 1854 3471 so
1882 3411 2033 3471 prickelnd
2066 3408 2196 3468 abhebt;

422 3426 472 3486 ten
524 3424 846 3484 impressionistischen
898 3420 1158 3480 Grundhaltung
1209 3420 1293 3480 folgt

200 3430 285 3490 nicht
317 3428 377 3488 sein

1338 3464 1503 3524 immerhin
1540 3464 1634 3524 wirkt
1655 3462 1712 3522 das
1743 3461 1806 3521 nur
1837 3460 1868 3520 zu
1900 3458 2030 3518 Lesende
2061 3456 2144 3516 nicht
2170 3456 2196 3516 so

427 3474 491 3534 eine
524 3472 822 3532 Eigentümlichkeit
844 3469 941 3529 seines
974 3470 1087 3530 immer
1115 3467 1298 3527 eleganten,

196 3476 285 3536 fühle
316 3476 382 3536 ein,

1338 3512 1482 3572 schamlos
1513 3512 1569 3572 wie
1596 3512 1642 3572 die
1668 3511 1755 3571 durch
1787 3508 1832 3568 die
1854 3506 2095 3566 Bühnengesten
2127 3503 2193 3563 ver¬

424 3524 636 3584 anmutigen,
652 3519 786 3579 heiteren
818 3517 942 3577 Stiles:
963 3515 1019 3575 von
1052 3515 1170 3575 einigen
1202 3515 1289 3575 weni¬

190 3524 377 3584 schselzucken

1339 3561 1501 3621 gröberten
1534 3560 1810 3620 Entblößungen.
1833 3556 1914 3616 Auch
1947 3555 2011 3615 hier
2039 3553 2120 3613 liegt
2147 3553 2195 3613 der

426 3573 499 3633 gen,
516 3572 611 3632 etwas
638 3566 928 3626 umfangreicheren
956 3566 1082 3626 Stücken
1109 3563 1294 3623 abgesehen,

198 3574 380 3634 gelassene

1334 3611 1409 3671 Reiz
1437 3611 1463 3671 in
1496 3610 1550 3670 den
1583 3608 1680 3668 feinen
1719 3605 2017 3665 Abschattierungen
2050 3602 2109 3662 und
2136 3601 2201 3661 fast

424 3620 521 3680 haben
570 3618 630 3678 fast
657 3617 716 3677 alle
744 3614 852 3674 Werke
879 3614 1074 3674 Schnitzlers
1107 3614 1291 3674 Miniatur¬

193 3623 377 3683 senschlages

1328 3656 1556 3716 unmerklichen
1599 3656 1827 3716 Übergängen,
1864 3652 1912 3712 die
1955 3653 2050 3713 alles,
2087 3650 2198 3710 zumal

427 3667 564 3727 format,
587 3666 664 3726 seine
692 3663 919 3723 Erzählungen
959 3662 1019 3722 sind
1053 3662 1141 3722 meist
1164 3662 1291 3722 slizzen¬

189 3671 277 3731 fürer
307 3667 377 3727 sub¬

1333 3707 1398 3767 nach
1439 3704 1489 3764 der
1520 3704 1721 3764 moralischen
1762 3700 1868 3760 Seite,
1894 3698 1923 3758 in
1959 3698 2009 3758 der
2045 3697 2191 3757 Schwebe

422 3718 505 3778 haft,
528 3717 610 3777 seine
639 3712 872 3772 Bühnenstücke
900 3712 1005 3772 kurze,
1028 3712 1161 3772 ziemlich
1195 3709 1289 3769 locker

194 3719 374 3779 genossener

192 3771 241 3831 die
267 3769 373 3829 weiche
411 3770 548 3830 gefügte
592 3765 855 3825 Szenenfolgen,
894 3762 1099 3822 dramatische
1144 3760 1287 3820 Dialoge
1332 3755 1450 3815 lassen,
1469 3754 1512 3814 die
1539 3754 1632 3814 selbst
1652 3752 1713 3812 mit
1733 3751 1788 3811 dem
1827 3750 1895 3810 Tod
1921 3748 2095 3808 kokettieren
2127 3749 2189 3809 und

2262 1872 2313 1932 den
2342 1873 2433 1933 Leser
2448 1872 2620 1932 schließtlich
2635 1870 2780 1930 entlassen
2808 1871 2861 1931 mit
2876 1870 2927 1930 der
2955 1872 3113 1932 spöltisch¬

2252 1919 2419 1979 skeptischen
2455 1918 2582 1978 Frage:
2605 1920 2680 1980 Wer
2710 1918 2837 1978 weiß?!
2861 1918 2924 1978 Daß
2960 1918 2993 1978 er
3024 1918 3115 1978 dabei

2250 1969 2313 2029 eine
2337 1969 2400 2029 sehr
2418 1969 2592 2029 einfühlige
2616 1968 2818 2028 Psychologie
2836 1969 2894 2029 und
2918 1969 2975 2029 alle
3000 1967 3114 2027 Grazie

2252 2014 2303 2074 der
2332 2017 2546 2077 Melancholie
2575 2017 2817 2077 verschwendet,
2836 2015 2908 2075 darf
2937 2015 3016 2075 nicht
3045 2013 3112 2073 ver¬

2248 2064 2348 2124 kannt
2375 2065 2523 2125 werden;
2550 2063 2623 2123 aber
2656 2063 2724 2123 man
2762 2064 2893 2124 braucht
2926 2064 2994 2124 noch
3032 2064 3110 2124 keine

2253 2112 2346 2172 große
2377 2112 2493 2172 Tragik
2518 2112 2605 2172 darin
2641 2112 2670 2172 zu
2701 2112 2829 2172 finden,
2853 2111 2906 2171 daß
2942 2110 2988 2170 die
3012 2112 3111 2172 Men¬

2252 2161 2325 2221 schen
2365 2160 2460 2220 dieser
2495 2160 2721 2220 Erzählungen
2767 2160 2817 2220 „ab
2863 2160 2924 2220 und
2959 2160 2987 2220 zu
3027 2158 3111 2218 Enk¬

2247 2210 2455 2270 täuschungen
2490 2208 2739 2268 preisgegeben"
2769 2208 2855 2268 sind:
2896 2208 2994 2268 solche
3024 2208 3115 2268 deka¬

2252 2258 2342 2318 dente
2371 2258 2529 2318 Gestalten
2564 2255 2665 2315 suchen
2700 2255 2772 2315 ihre
2801 2257 2914 2317 innere
2943 2255 3112 2315 Schwäche

2253 2305 2311 2365 und
2341 2307 2500 2367 Hohlheit
2525 2306 2654 2366 dadurch
2685 2306 2743 2366 vor
2767 2306 2819 2366 sich
2850 2306 2950 2366 selber
2981 2305 3009 2365 zu
3045 2302 3115 2362 ver¬

2247 2353 2383 2413 bergen,
2407 2354 2460 2414 daß
2496 2352 2531 2412 sie
2555 2354 2744 2414 wenigstens
2786 2354 2969 2414 einmal
3018 2351 3105 2411 einen

2250 2401 2356 2461 kurzen
2393 2403 2504 2463 Rausch
2541 2402 2593 2462 von
2630 2402 2849 2462 sogenanntem
2897 2401 2991 2461 Glück
3021 2399 3115 2459 (Ehe¬

2244 2448 2337 2508 bruch
2371 2452 2403 2512 u.
2420 2452 2503 2512 dgl.)
2525 2449 2702 2509 durchrasen
2736 2446 2751 2506 —
2807 2448 2862 2508 und
2896 2449 2950 2509 das
2979 2448 3100 2508 nennen

2249 2497 2283 2557 sie
2307 2500 2387 2560 dann
2422 2497 2526 2557 gelebt
2556 2497 2671 2557 haben,
2695 2497 2816 2557 anstatt
2846 2497 2891 2557 ihr
2922 2497 3019 2557 Leben
3054 2496 3111 2556 mit

2247 2546 2295 2606 der
2322 2545 2414 2605 stillen
2452 2545 2560 2605 Größe
2588 2545 2636 2605 der
2663 2545 3010 2605 Selbstüberwindung
3043 2545 3107 2605 und

2243 2593 2290 2653 des
2326 2593 2658 2653 Pflichtbewußtseins
2695 2596 2724 2656 zu
2760 2594 2913 2654 erfüllen.
2962 2596 3115 2656 Haltlos,

2795 2643 2854 2703 sind
2908 2641 3104 2701 Schnitzlers

2241 2643 2403 2703 willenlos
2458 2640 2718 2700 dahingetrieben

2248 2691 2431 2751 Menschen:
2449 2691 2514 2751 „Es
2532 2689 2567 2749 ist
2585 2690 2650 2750 noch
2674 2691 2769 2751 lange
2793 2690 2869 2750 nicht
2893 2689 2952 2749 klar
2976 2691 3117 2751 genug",

2246 2739 2342 2799 meint
2367 2738 2444 2798 einer
2469 2737 2523 2797 von
2554 2737 2668 2797 ihnen,
2687 2739 2765 2799 „wie
2784 2740 2886 2800 wenig
2911 2739 2971 2799 wir
2996 2736 3098 2796 wollen

2238 2787 2346 2847 dürfen
2387 2787 2450 2847 und
2485 2784 2610 2844 wieviel
2639 2784 2697 2844 wir
2732 2787 2869 2847 müssen.

2290 2835 2459 2895 Schnitzler
2492 2835 2577 2895 hätte
2604 2835 2662 2895 mit
2689 2835 2786 2895 seiner
2820 2835 3015 2895 glänzenden
3049 2831 3113 2891 Be¬

2240 2885 2426 2945 herrschung
2481 2882 2536 2942 der
2591 2882 2772 2942 technischen
2809 2884 2923 2944 Mittel
2954 2882 3002 2942 des
3033 2882 3111 2942 Im¬

2244 2932 2488 2992 pressionismus
2517 2930 2578 2990 und
2608 2930 2703 2990 seinen
2738 2932 2999 2992 geschmackvollen
3033 2927 3112 2987 Ein¬

2245 2981 2334 3041 fällen
2389 2982 2479 3042 wohl
2503 2981 2564 3041 das
2594 2981 2678 3041 Zeug
2709 2981 2841 3041 gehabt,
2884 2981 2986 3041 seinen
3022 2978 3112 3038 Zeit¬

2242 3031 2381 3091 genossen
2416 3029 2456 3089 die
2479 3029 2560 3089 neue
2584 3029 2845 3089 gesellschaftliche
2869 3029 3025 3089 Komödie
3049 3025 3106 3085 und

2244 3077 2295 3137 den
2329 3076 2442 3136 großen
2470 3076 2646 3136 satirischen
2675 3076 2861 3136 Zeitroman
2896 3076 2923 3136 zu
2958 3076 3115 3136 schenken,

2240 3125 2313 3185 aber
2336 3124 2364 3184 er
2387 3124 2512 3184 verfing
2535 3124 2580 3184 sich
2610 3124 2632 3184 in
2661 3124 2711 3184 der
2735 3124 2996 3184 unzulänglichen
3025 3124 3110 3184 Welt

2245 3174 2290 3234 des
2320 3174 2492 3234 Genusses,
2510 3172 2585 3232 weil
2603 3172 2655 3232 ihn
2684 3172 2736 3232 der
2759 3175 2950 3235 Augenblick
2974 3172 2996 3232 in
3026 3172 3112 3232 Haft

2247 3223 2359 3283 nahm.
2383 3222 2546 3282 Vielleicht
2575 3220 2631 3280 hat
2655 3220 2688 3280 er
2717 3220 2744 3280 im
2791 3223 3016 3283 „Medardus"
3051 3219 3101 3279 das

2246 3270 2443 3330 schlagendste
2478 3267 2587 3327 Motto
2641 3265 2692 3325 für
2727 3269 2808 3329 seine
2838 3268 2977 3328 gesamte
3012 3267 3109 3327 Kunst

2244 3318 2337 3378 selber
2366 3318 2515 3378 geprägt:
2533 3317 2632 3377 „Man
2661 3315 2777 3375 könnte
2800 3316 2888 3376 einer
2911 3316 3016 3376 Krone
3044 3315 3110 3375 ent¬

2243 3367 2508 3427 gegenträumen,
2552 3365 2584 3425 ja
2617 3364 2688 3424 man
2726 3366 2839 3426 könnte
2872 3365 2910 3425 sie
2938 3366 3100 3426 errungen

2241 3414 2336 3474 haben
2373 3414 2431 3474 und
2458 3414 2494 3474 an
2527 3414 2610 3474 einem
2653 3414 2790 3474 späteren
2823 3414 2912 3474 Tage
2934 3413 3113 3473 entdecken,

2244 3463 2299 3523 daß
2338 3462 2392 3522 der
2426 3461 2547 3521 reichste
2576 3461 2768 3521 Augenblick
2802 3461 2857 3521 von
2896 3461 2973 3521 allen
3018 3458 3105 3518 einer

2241 3512 2327 3572 war,
2349 3512 2381 3572 da
2409 3511 2478 3571 man
2512 3509 2538 3569 in
2571 3508 2657 3568 einem
2695 3509 2997 3569 Frühlingsgarten
3030 3509 3100 3569 nach

2242 3560 2531 3620 Schmetterlingen
2566 3557 2707 3617 haschte.“
2760 3557 2821 3617 Die
2844 3557 2952 3617 Krone
2981 3557 3021 3617 ist
3044 3557 3088 3617 ihm

2239 3608 2437 3668 entgangen,
2472 3607 2534 3667 und
2580 3605 2800 3665 vergängliche
2836 3608 3101 3668 Schmetterlinge

2242 3658 2301 3718 sind
2337 3657 2413 3717 seine
2450 3656 2567 3716 Beute.
2610 3656 2680 3716 Das
2710 3656 2822 3716 Ganze
2858 3656 2899 3716 ein
2935 3656 3106 3716 flüchtiger

2236 3706 2390 3766 Traum!
