3392 4256
335 267 929 327 Schnitzler's
997 276 1236 336 Death

1429 282 1568 342 box
1647 291 1888 351 43/18

541 1016 786 1076 Journal:

863 1029 912 1089 La
952 1038 1125 1098 Tribune
1164 1051 1208 1111 de
1248 1058 1409 1118 Genève

1547 1081 1722 1141 Genève

540 1080 707 1140 Adresse
733 1088 747 1148 :

535 1147 641 1207 Date
674 1153 692 1213 :

791 1183 844 1243 91
881 1185 1024 1245 00T.
1043 1180 1087 1240 19
1115 1184 1312 1244 3Edition
1358 1197 1402 1257 du
1439 1203 1573 1263 matin

1008 1313 1204 1373 APRES
1261 1321 1364 1381 UNE
1420 1332 1833 1392 DISPARITION

572 1422 726 1482 Les
805 1427 1160 1487 œuvres
1231 1446 1663 1506 d’Arthur
1725 1463 2244 1523 Schnitzler

617 1517 698 1577 et
756 1527 1001 1587 leurs
1068 1534 1322 1594 traits
1381 1551 2192 1611 caractéristiques

539 1658 580 1718 La
618 1664 813 1724 littérature
846 1668 887 1728 de
921 1672 1046 1732 langue
1083 1679 1274 1739 allemande
1307 1684 1399 1744 vlent
1433 1688 1497 1748 que
1521 1691 1558 1751 de
1586 1691 1619 1751 ce
1647 1696 1772 1756 Vienne
1800 1701 2089 1761 d'avant-guerre,
2108 1706 2130 1766 le
2154 1709 2228 1769 tout
2252 1711 2340 1771 dou¬

494 1697 529 1757 de
562 1700 642 1760 faire
679 1703 739 1763 une
772 1706 856 1766 perte
893 1712 1123 1772 considérable
1155 1716 1240 1776 dans
1268 1719 1296 1779 la
1333 1721 1482 1781 per-blé
1511 1728 1547 1788 de
1575 1731 1813 1791 l'observation
1846 1736 1878 1796 et
1898 1738 1938 1798 de
1963 1743 2124 1803 l'analyse
2152 1750 2333 1810 psycholo-

493 1735 598 1795 sonne
630 1741 790 1801 d'Arthur
818 1747 1021 1807 Schnitzler,
1041 1753 1161 1813 auteur
1185 1759 1423 1819 dramatiquel
1435 1765 1532 1825 gique
1561 1769 1599 1829 du
1635 1772 1802 1832 médecin,
1822 1777 1904 1837 voilà
1936 1777 1978 1837 les
2010 1782 2107 1842 traits
2135 1786 2334 1846 caructéris-

499 1771 532 1831 et
557 1778 776 1838 nouvelliste,
793 1782 855 1842 qui
876 1786 925 1846 est
955 1790 1071 1850 décédé
1100 1792 1112 1852 à
1150 1795 1291 1855 Vienne,
1312 1798 1336 1858 le
1370 1801 1423 1861 211
1436 1804 1543 1864 tiques
1573 1806 1610 1866 de
1639 1809 1713 1869 l'art
1735 1813 1954 1873 dramatique
1979 1819 2016 1879 de
2041 1824 2248 1884 Schnitzler.
2270 1825 2327 1885 Les

497 1811 664 1871 octobre.

1420 1843 1532 1903 sujets
1565 1846 1641 1906 sont
1662 1849 1743 1909 tirés
1767 1851 1807 1911 de
1832 1852 1859 1912 la
1885 1854 1936 1914 vie
1961 1858 2001 1918 de
2030 1859 2054 1919 la
2083 1861 2208 1921 société
2236 1866 2328 1926 vien-

527 1850 651 1910 Arthur
681 1855 870 1915 Schnitzler
896 1860 981 1920 était
1003 1865 1041 1925 né
1068 1866 1093 1926 le
1128 1868 1153 1928 15
1184 1871 1256 1931 mai
1278 1874 1346 1934 1802
1373 1879 1519 1939 ànoise
1536 1882 1549 1942 ;
1571 1885 1720 1945 souvent
1747 1888 1854 1948 même
1880 1892 1961 1952 c'est
1983 1896 2021 1956 un
2056 1899 2227 1959 problème
2258 1900 2326 1960 mé-

496 1888 654 1948 Vienne;
696 1894 754 1954 file
809 1896 846 1956 du
896 1899 1025 1959 célebre
1071 1910 1321 1970 laryngologue

1423 1922 1781 1982 dico-psychologique
1814 1929 1898 1989 qu'il
1927 1932 2043 1992 traite,
2068 1935 2164 1995 ainsi
2193 1938 2225 1998 en
2265 1938 2329 1998 l'a-

487 1929 698 1989 Schnitzler,
727 1930 752 1990 il
785 1934 897 1994 étudia
934 1943 1108 2003 lui-même
1146 1945 1166 2005 la
1212 1952 1576 2012 médecine,racelsus
1598 1963 1788 2023 l'hypnose,
1809 1965 1887 2025 dans
1912 1969 2082 2029 Bernardi
2091 1978 2330 2038 l'euthanasie.

478 1964 577 2024 qu'il
602 1968 714 2028 exerça
752 1971 809 2031 dès
839 1974 926 2034 18SS.
952 1979 1051 2039 Elevé
1080 1985 1167 2045 dana
1196 1988 1237 2048 un
1271 1990 1383 2050 milien
1409 1993 1470 2053 Et
1496 1997 1578 2057 dans
1608 2001 1778 2061 beaucoup
1811 2003 1848 2063 de
1878 2006 1932 2066 ses
1957 2011 2085 2071 pièces,
2111 2013 2135 2073 le
2169 2016 2314 2076 médecin

497 1999 557 2059 très
590 2004 714 2064 cultivé
747 2009 783 2069 où
824 2014 848 2074 la
884 2016 1041 2076 musique
1074 2021 1106 2081 et
1135 2025 1163 2085 la
1191 2027 1381 2087 littérature

1419 2034 1626 2094 auscultant
1658 2040 1751 2100 l'âme
1786 2040 1817 2100 et
1845 2046 1939 2106 sinon
1982 2047 2005 2107 la
2045 2052 2243 2112 guérissant
2275 2055 2310 2115 du

492 2040 519 2100 le
552 2043 684 2103 théâtre
717 2051 985 2111 «pecialement,
1010 2059 1130 2119 furent
1158 2062 1278 2122 goûtés
1307 2065 1387 2125 avec
1424 2070 1536 2130 moins
1569 2075 1592 2135 la
1629 2079 1825 2139 consolant,
1850 2085 1926 2145 joue
1958 2087 1998 2147 un
2035 2088 2103 2148 rôle
2135 2090 2227 2150 assez
2260 2091 2319 2151 im-

491 2080 553 2140 une
589 2082 679 2142 gaîté
719 2088 749 2148 et
781 2088 847 2148 une
879 2094 1157 2154 seutimentalité
1193 2101 1263 2161 bien
1302 2102 1396 2162 vien-

1418 2109 1580 2169 portant.

489 2117 595 2177 noises
625 2120 659 2180 et
683 2123 834 2183 discutés
861 2128 940 2188 avec
967 2131 997 2191 ce
1028 2133 1111 2193 goût
1135 2135 1168 2195 de
1203 2141 1388 2201 discussion

1455 2147 1556 2207 Aprés
1580 2153 1742 2213 quelques
1771 2155 1876 2215 essais
1902 2162 2112 2222 antérieurs,
2125 2166 2185 2226 par
2210 2168 2319 2228 exem-

485 2155 557 2215 inné
590 2159 602 2219 à
639 2160 667 2220 la
700 2162 777 2222 race
810 2167 980 2227 ieraélite,
1001 2175 1192 2235 Schnitzier
1221 2180 1253 2240 se
1282 2180 1379 2240 senti

1416 2188 1465 2248 ple
1491 2186 1515 2246 la
1545 2190 1699 2250 nouvelle
1724 2192 1857 2252 Steiben
1887 2198 1990 2258 (1892)
2008 2198 2020 2258 —
2066 2203 2123 2263 qui
2141 2204 2153 2264 a
2183 2204 2228 2264 été
2253 2207 2319 2267 tra-

485 2194 614 2254 bientôt
636 2198 740 2258 attiré
770 2204 829 2264 par
855 2206 879 2266 la
909 2208 1131 2268 littérature.

1410 2223 1496 2283 duite
1521 2226 1553 2286 en
1599 2230 1755 2290 français
1801 2233 1862 2293 par
1904 2238 2060 2298 Caspard
2114 2243 2274 2303 Vallette.

526 2232 588 2292 Dés
618 2236 688 2296 1891
713 2240 738 2300 il
759 2243 875 2303 publia
901 2245 963 2305 une
993 2246 1080 2306 série
1110 2249 1147 2309 de
1172 2253 1292 2313 petites
1322 2255 1372 2315 piè

1412 2263 1599 2323 Schnitzler
1637 2267 1669 2327 se
1711 2270 1829 2330 tourne
1866 2273 1984 2333 plutôt
2018 2276 2095 2336 vers
2133 2279 2157 2339 la
2198 2281 2312 2341 poésie

491 2270 534 2330 es
561 2272 592 2332 en
624 2274 658 2334 un
690 2277 759 2337 acte
779 2279 790 2339 :
810 2281 934 2341 Anatol
954 2284 981 2344 (7
1001 2284 1117 2344 scènes
1137 2290 1409 2350 dramatisées),'
1418 2301 1612 2361 narrative,
1635 2304 1717 2364 sans
1752 2309 1915 2369 pourtant
1947 2313 2098 2373 négliger
2130 2319 2316 2379 complète-

490 2308 638 2368 Liebelei,
662 2313 883 2373 Paracelsus,
908 2319 968 2379 Der
1000 2323 1108 2383 grûne
1141 2326 1301 2386 Kakadu,
1322 2333 1390 2393 etc.
1415 2336 1507 2396 ment
1532 2339 1559 2399 le
1584 2342 1720 2402 drame.
1741 2347 1829 2407 C'est
1853 2350 1877 2410 la
1910 2350 1994 2410 série
2026 2350 2062 2410 de
2095 2356 2211 2416 récits,
2231 2359 2315 2419 nou-

490 2347 556 2407 lont
580 2349 607 2409 la
635 2353 779 2413 plupart
799 2355 920 2415 eurent
940 2358 978 2418 un
1010 2362 1115 2422 grand
1143 2365 1259 2425 succès
1275 2368 1287 2428 ;
1307 2371 1380 2431 puis
1412 2372 1509 2432 velles
1541 2377 1572 2437 et
1600 2382 1767 2442 romans:
1810 2383 1869 2443 Die
1916 2386 2005 2446 Frau
2060 2390 2118 2450 des
2170 2395 2294 2455 W'eisen

483 2383 527 2443 les
551 2386 656 2446 pièces
676 2388 753 2448 plus
773 2395 1000 2455 importantes
1016 2400 1028 2460 :
1049 2401 1109 2461 une
1137 2403 1222 2463 pièce
1247 2411 1586 2471 histori-Leutnant
1615 2418 1727 2478 Gustl.
1756 2419 1816 2479 Der
1849 2423 1958 2483 blinde
2011 2428 2192 2488 Geronimo
2241 2432 2309 2492 und

495 2425 563 2485 jue,
583 2423 644 2483 Der
672 2427 773 2487 junge
810 2433 999 2493 Medartus,
1024 2437 1084 2497 une
1117 2439 1205 2499 pièce
1238 2444 1250 2504 à
1286 2444 1375 2504 thèse

1401 2446 1462 2506 sein
1499 2453 1651 2513 Bruder,
1672 2458 1728 2518 der
1762 2459 1835 2519 Weg
1865 2461 1917 2521 ins
1951 2464 2044 2524 Freie
2078 2466 2110 2526 et
2136 2470 2307 2530 beaucoup

492 2459 652 2519 rofessor
709 2467 893 2527 Bernardi,
938 2470 973 2530 et
1026 2476 1190 2536 d'autres.
1239 2480 1400 2540 L'espritl
1413 2488 1577 2548 d'autres,
1601 2493 1641 2553 Et
1670 2494 1750 2554 c'est
1774 2499 1802 2559 la
1835 2501 2011 2561 nouvelle,
2032 2505 2248 2565 notamment
2273 2508 2300 2568 la

526 2499 578 2559 la
631 2503 748 2563 grâce,
793 2505 833 2565 un
886 2507 970 2567 goût
1011 2514 1193 2574 artistique
1226 2517 1290 2577 très
1323 2519 1383 2579 sûr

1409 2527 1557 2587 nouvelle
1582 2532 1759 2592 dialoguée
1784 2537 1844 2597 qui
1865 2538 1949 2598 tient
1974 2541 1986 2601 à
2014 2541 2042 2601 la
2071 2544 2135 2604 fois
2160 2544 2195 2604 du
2228 2547 2308 2607 récit

501 2535 536 2595 ui
553 2537 604 2597 lui
621 2540 745 2600 faisait
766 2542 869 2602 éviter
894 2545 934 2605 les
962 2548 1054 2608 excès
1083 2551 1118 2611 du
1151 2557 1399 2617 naturalismel
1412 2561 1444 2621 et
1476 2564 1516 2624 du
1553 2569 1693 2629 drame,
1717 2573 1781 2633 qui
1814 2575 1861 2635 est
1894 2576 1921 2636 le
1958 2578 2038 2638 vral
2067 2583 2227 2643 domaine
2263 2583 2299 2643 de

499 2574 566 2634 lors
591 2577 623 2637 en
660 2578 784 2638 vogue,
804 2583 832 2643 la
861 2585 1053 2645 jouissance
1082 2591 1146 2651 fine
1179 2593 1210 2653 et
1231 2595 1307 2655 gaie
1332 2596 1371 2656 de
1408 2604 1617 2664 Schnitzler.
1637 2610 1701 2670 P'ar
1722 2610 1762 2670 un
1790 2613 1995 2673 événement
2020 2621 2241 2681 insiguifiant
2265 2625 2297 2685 en

490 2613 497 2673 a
530 2613 579 2673 vie
612 2619 644 2679 et
669 2622 697 2682 la
726 2625 1007 2685 sentimentalité
1036 2630 1251 2690 légèrement
1276 2634 1381 2694 ironi-

1407 2643 1580 2703 lui-même
1613 2647 1637 2707 il
1661 2649 1790 2709 dévoile
1819 2652 1884 2712 une
1912 2655 2066 2715 destinée
2099 2660 2244 2720 entière,
2265 2661 2296 2721 en

1411 2681 1630 2741 f'émontrant
1654 2686 1697 2746 les
1725 2687 1850 2747 trames
1878 2691 1925 2751 les
1953 2693 2027 2753 plus
2055 2694 2141 2754 fines
2169 2697 2227 2757 des
2251 2697 2306 2757 ac-

1413 2720 1487 2780 lons
1511 2720 1542 2780 et
1559 2720 1613 2780 des
1629 2723 1829 2783 sentiments
1849 2729 2029 2789 humains.
2045 2732 2158 2792 Quant
2179 2737 2214 2797 au
2242 2737 2308 2797 sty-

1411 2756 1442 2816 »,
1462 2759 1544 2819 c'est
1564 2759 1591 2819 la
1623 2762 1771 2822 causerie
1795 2765 1947 2825 élégante
1975 2768 2010 2828 et
2030 2772 2221 2832 gracieuse,
2241 2776 2307 2836 frô-

1399 2793 1470 2853 funt
1486 2795 1564 2855 avec
1592 2800 1761 2860 beaucoup
1789 2803 1930 2863 d'esprit
1950 2805 1981 2865 et
2002 2807 2040 2867 un
2068 2810 2135 2870 brin
2167 2812 2202 2872 de
2222 2813 2304 2873 sen-

1400 2834 1601 2894 timentalité
1638 2837 1686 2897 les
1719 2840 1904 2900 problèmes
1941 2843 1989 2903 les
2022 2846 2094 2906 plus
2127 2851 2288 2911 profonds

1400 2869 1439 2929 Le
1468 2872 1609 2932 langage
1642 2874 1690 2934 est
1715 2878 1840 2938 parfois
1869 2881 2027 2941 réaliste,
2047 2886 2176 2946 parfois
2201 2887 2297 2947 assez

1392 2910 1667 2970 maturellement
1691 2917 1884 2977 populaire,
1900 2920 2057 2980 toujours
2085 2924 2143 2984 net
2167 2926 2198 2986 et
2219 2926 2297 2986 sim-

1389 2948 1463 3008 ple.
1489 2948 1551 3008 Par
1586 2950 1635 3010 ces
1669 2954 1815 3014 qualités
1853 2959 2045 3019 Schnitzler
2075 2960 2129 3020 fut
2159 2963 2200 3023 un
2238 2963 2296 3023 des

1392 2986 1486 3046 chefs
1514 2986 1548 3046 de
1576 2986 1623 3046 l'«
1639 2989 1728 3049 école
1752 2994 1929 3054 viennoise
1949 2995 1960 3055 »
1984 2997 2046 3057 qui
2066 3000 2218 3060 s'opposa
2250 3004 2285 3064 au

1394 3025 1690 3085 commencement
1717 3028 1750 3088 de
1781 3031 1876 3091 notre
1907 3034 2005 3094 siècle
2036 3036 2070 3096 au
2108 3040 2278 3100 naturalis

1391 3063 1440 3123 hne
1470 3063 1611 3123 exagéré
1641 3063 1678 3123 de
1703 3066 1811 3126 Berlin
1841 3069 1874 3129 en
1908 3071 2040 3131 faisant
2066 3076 2128 3136 une
2157 3078 2248 3138 place
2274 3080 2286 3140 i

1386 3101 1538 3161 jl'esprit,
1551 3102 1564 3162 à
1596 3102 1622 3162 la
1649 3102 1769 3162 beauté
1796 3105 1827 3165 et
1850 3105 1890 3165 au
1921 3111 2126 3171 sentiment.

1424 3138 1463 3198 Sa
1495 3141 1691 3201 production
1731 3145 1998 3205 d'après-guerre
2050 3150 2179 3210 montre
2227 3155 2286 3215 une

1384 3176 1585 3236 onception
1618 3180 1880 3240 psychologique
1905 3186 1977 3246 plus
2005 3189 2187 3249 profonde,
2199 3192 2283 3252 maie

1380 3213 1500 3273 laussi,
1522 3216 1605 3276 sauf
1639 3216 1676 3276 de
1701 3219 1797 3279 Fares
1835 3221 2027 3281 exception,
2057 3226 2123 3286 une
2157 3231 2290 3291 mélan-

1386 3251 1471 3311 colie
1519 3254 1678 3314 toujours
1700 3257 1987 3317 grandissante,
2030 3260 2042 3320 «
2060 3266 2197 3326 J'aime,
2236 3266 2291 3326 dit

1384 3290 1576 3350 Schnitzler
1601 3293 1743 3353 quelque
1772 3296 1864 3356 part,
1881 3296 1893 3356 à
1923 3298 2014 3358 créer
2040 3299 2094 3359 des
2119 3304 2269 3364 destinée

1382 3329 1532 3389 sombres
1555 3331 1563 3391 ;
1586 3329 1674 3389 pour
1697 3333 1768 3393 moi
1790 3335 1812 3395 le
1843 3335 1901 3395 but
1928 3341 2087 3401 suprême
2114 3342 2149 3402 de
2181 3346 2203 3406 la
2238 3342 2287 3402 vid

1375 3365 1467 3425 c'est
1494 3366 1519 3426 la
1547 3365 1643 3425 mort
1656 3369 1687 3429 ».

1413 3398 1450 3458 Ce
1476 3403 1539 3463 but
1560 3406 1733 3466 suprême,
1750 3408 1775 3468 il
1797 3410 1885 3470 vient
1907 3412 1944 3472 de
1970 3416 2176 3476 l'atteindre,
2198 3421 2269 3481 mai

1378 3440 1412 3500 do
1446 3440 1500 3500 son
1530 3442 1660 3502 œuvre,
1683 3445 1740 3505 qui
1763 3448 1938 3508 demeure,
1962 3448 2003 3508 les
2034 3452 2140 3512 pièces
2168 3456 2202 3516 en
2236 3458 2274 3518 ui

1374 3476 1447 3536 mcte
1477 3475 1506 3535 et
1529 3476 1573 3536 les
1599 3481 1769 3541 nouvelles
1791 3485 2005 3545 compteront
2028 3490 2182 3550 toujours
2212 3495 2271 3555 par

1377 3517 1427 3577 mi
1448 3517 1494 3577 les
1519 3520 1711 3580 meilleures
1741 3523 1778 3583 de
1804 3523 1828 3583 la
1858 3526 2050 3586 littérature
2076 3530 2267 3590 allemande

1987 3565 2062 3625 Otto
2088 3570 2246 3630 Hassley.
