3392 4256
247 283 376 343 12.
439 291 1025 351 Schnitzler's
1098 298 1329 358 Death

1537 302 1665 362 box
1739 309 1939 369 42/7

496 1180 947 1240 OBSEE

795 1186 1222 1246 DERVER

578 1234 608 1294 I.
622 1234 743 1294 österr.
757 1237 908 1297 behördl.
918 1237 1216 1297 konzessioniertes

531 1275 771 1335 Unternehmen
800 1276 846 1336 für
875 1280 1262 1340 Zeitungs-Ausschnitte

575 1334 729 1394 WIEN,
758 1337 807 1397 I.,
836 1341 1125 1401 WOLLZEILE
1168 1341 1188 1401 1

681 1389 903 1449 TELEPHON
941 1392 1115 1452 R-23-0-43

471 1526 702 1586 Ausschnitt
726 1529 818 1589 aus:

759 1669 933 1729 Bremer
955 1647 1224 1707 Nachrichten

471 1747 558 1807 vom

887 1765 979 1825 22.
1010 1770 1131 1830 OKI.
1152 1777 1223 1837 199

1430 1825 1512 1885 deren
1545 1828 1684 1888 graziöser
1717 1831 1844 1891 Sprache
1889 1833 1915 1893 in
1966 1834 2049 1894 einer
2075 1838 2132 1898 fast
2152 1840 2342 1900 spielerischen
2375 1840 2432 1900 Art
2465 1840 2579 1900 erschien
2618 1843 2783 1903 „Sterben"
2816 1844 2866 1904 das
2893 1846 2937 1906 die
2964 1846 3052 1906 letzten
3091 1849 3167 1909 Tage
3200 1850 3275 1910 eines
3308 1847 3378 1907 Schi

480 1861 755 1921 Arthur
810 1861 1206 1921 Schnitzler

1430 1873 1504 1933 schon
1536 1874 1578 1934 die
1605 1879 1752 1939 Eigenart
1779 1879 1832 1939 von
1864 1882 2038 1942 Schnitzlers
2070 1885 2175 1945 Talent
2203 1887 2313 1947 zeigen.
2350 1888 2424 1948 Seir

2453 1890 2594 1950 süchtigen
2630 1891 2688 1951 mit
2713 1894 2865 1954 scharfem,
2890 1894 2954 1954 aber
2984 1895 3048 1955 auch
3078 1899 3231 1959 peinlichem
3279 1899 3366 1959 Reali

1430 1913 1553 1973 nächstes
1591 1916 1642 1976 und
1673 1918 1792 1978 zugleich
1839 1920 1896 1980 das
1943 1923 2015 1983 erste
2047 1926 2232 1986 aufgeführte
2259 1926 2346 1986 Werk
2373 1926 2429 1986 war

2459 1935 2608 1995 schildert,
2649 1938 2719 1998 1894
2771 1940 2846 2000 „Die
2875 1941 3043 2001 Blumen",
3084 1944 3153 2004 1895
3188 1947 3263 2007 „Ein
3298 1947 3378 2007 Absch

664 1944 746 2004 wtb.
764 1944 905 2004 Wien,
923 1947 972 2007 21.
998 1947 1072 2007 Okt.
1098 1947 1215 2007 Arthur
1241 1947 1382 2007 Schnitzle

1429 1962 1533 2022 „Das
1561 1965 1765 2025 Märchen"
1793 1968 1903 2028 (1893).
1920 1968 1958 2028 In
1992 1971 2036 2031 der
2064 1974 2146 2034 gleich
2169 1974 2212 2034 den
2241 1976 2406 2036 vorgenann

2460 1981 2531 2041 1896
2562 1986 2634 2046 „Die
2659 1986 2737 2046 Frau
2768 1988 2815 2048 des
2841 1989 2985 2049 Weisen",
3004 1991 3076 2051 1897
3107 1995 3185 2055 „Der
3210 1995 3354 2055 Ehrentag

621 1999 657 2059 ist
679 2000 763 2060 heute
790 2001 880 2061 abend
923 2001 997 2061 einem
1039 2001 1251 2061 Schlaganfall
1278 2001 1383 2061 erlegen

1426 2010 1470 2070 ten
1506 2014 1713 2074 Schöpfungen
1769 2015 1813 2075 dem
1880 2016 2006 2076 Wiener
2036 2020 2147 2080 Milieu
2203 2023 2424 2083 entnommenen

2460 2034 2537 2094 „Die
2562 2034 2651 2094 Toten
2677 2037 2863 2097 schweigen",
2882 2040 2948 2100 1900
2979 2040 3129 2100 „Andreas
3154 2043 3334 2103 Thalmayer

1428 2061 1672 2121 „Liebelei".

1734 2064 1911 2124 Schnitzlers
1967 2068 2124 2128 seinerzeit
2175 2073 2408 2133 meistgespieltem

436 2072 551 2132 Arthur
574 2073 734 2133 Schnitzler
758 2073 856 2133 wurde
879 2073 912 2133 am
951 2073 995 2133 15.
1018 2073 1084 2133 Mai
1107 2073 1172 2133 1862
1200 2073 1222 2133 in
1251 2074 1327 2134 Wien
1361 2076 1388 2136 ge

2459 2081 2559 2141 blinde
2583 2085 2767 2145 Geronima"
2791 2085 2843 2145 wie
2862 2085 2927 2145 auch
2951 2088 2991 2148 die
3010 2088 3134 2148 Novelle
3152 2090 3323 2150 „Leutnant
3342 2092 3382 2152 Gr

1423 2106 1615 2166 Schauspiel,
1638 2111 1732 2171 klingt
1760 2111 1809 2171 das
1838 2114 2047 2174 Anatolmotiv
2081 2117 2197 2177 wieder.
2236 2121 2340 2181 Dessen
2374 2120 2412 2180 Ur

388 2118 475 2178 boren
528 2120 574 2180 als
600 2122 683 2182 Sohn
730 2122 781 2182 des
828 2122 896 2182 ord.
917 2122 1082 2182 Professors
1124 2122 1160 2182 an
1207 2121 1253 2181 der
1285 2123 1398 2183 Wienen

2461 2129 2561 2189 ferner
2591 2131 2614 2191 im
2656 2133 2774 2193 gleichen
2810 2135 2921 2195 Jahre:
2951 2136 3045 2196 „Frau
3076 2137 3169 2197 Berta
3200 2138 3352 2198 Garlan“,

1420 2157 1609 2217 aufführung
1642 2159 1738 2219 (1895)
1760 2160 1792 2220 am
1837 2162 2036 2222 Burgtheater
2064 2165 2123 2225 war
2145 2167 2318 2227 Schnitzlers
2345 2168 2426 2228 erster

391 2168 592 2228 Universität,
614 2170 677 2230 Dr.
699 2170 826 2230 Johann
858 2170 1038 2230 Schnitzler,
1061 2171 1139 2231 eines
1172 2172 1394 2232 Laryngologen

2475 2179 2540 2239 Die
2571 2181 2728 2241 griechische
2753 2183 2921 2243 Tänzerin"
2959 2185 3066 2245 (1902),
3086 2188 3302 2248 „Weissagung

392 2219 445 2279 von
470 2220 662 2280 Bedeutung,
681 2221 704 2281 zu
735 2219 819 2279 dessen
849 2221 1090 2281 Patientenkreis
1114 2220 1186 2280 viele
1211 2222 1397 2282 prominente
1422 2212 1529 2272 großer
1548 2207 1782 2267 Bühnenerfolg.
1813 2212 1855 2272 In
1880 2212 1957 2272 Wien
1976 2213 2066 2273 spielt
2078 2215 2138 2275 auch
2157 2216 2204 2276 das
2223 2217 2325 2277 nächste
2343 2219 2415 2279 Stüc

2456 2230 2548 2290 „Das
2584 2230 2652 2290 neue
2682 2230 2763 2290 Lied"
2804 2231 2914 2291 (1905),
2938 2234 3019 2294 „Der
3048 2235 3111 2295 Tod
3141 2237 3187 2297 des
3222 2240 3378 2300 Junggese

1423 2255 1672 2315 „Freiwild"
1712 2257 1825 2317 (1896).
1865 2261 1910 2321 In
1951 2262 2018 2322 diese
2052 2265 2148 2325 Jahre
2183 2267 2250 2327 fällt
2279 2267 2324 2327 die
2353 2267 2425 2327 Ent¬

388 2269 594 2329 Schauspieler
625 2267 675 2327 und
706 2270 827 2330 Sänger
853 2270 1004 2330 gehörten.
1040 2270 1105 2330 Der
1131 2270 1216 2330 junge
1243 2270 1398 2330 Schaitzlei

2470 2276 2577 2336 (1907),
2603 2277 2680 2337 „Der
2711 2279 2771 2339 tote
2802 2279 2940 2339 Gabriel"
2977 2281 3092 2341 (1908),
3116 2284 3201 2344 „Das
3232 2287 3376 2347 Tagebuch

393 2316 529 2376 studierte
556 2317 714 2377 gleichfalls
747 2317 878 2377 Medizin
911 2317 937 2377 in
974 2317 1074 2377 Wien,
1096 2317 1296 2377 promovierte
1329 2316 1397 2376 1885

1428 2303 1545 2363 stehung
1575 2306 1622 2366 des
1652 2308 1864 2368 „Reigen",
1888 2311 1952 2371 zehn
1988 2311 2100 2371 Szenen
2136 2314 2188 2374 mit
2213 2317 2259 2377 dem
2307 2317 2419 2377 gleichen
2461 2324 2654 2384 Redegonda"
2696 2329 2802 2389 (1909),
2844 2329 2926 2389 „Der
2956 2330 3097 2390 Mörder"
3133 2332 3245 2392 (1910),
3287 2336 3368 2396 „Dre

1430 2353 1576 2413 erotischen
1607 2353 1829 2413 Grundmotiv,
1849 2358 1895 2418 die
1926 2359 1991 2419 aber
2022 2360 2077 2420 erst
2103 2362 2158 2422 viel
2189 2365 2279 2425 später
2306 2365 2421 2425 gedruck

389 2365 443 2425 und
473 2365 547 2425 war,
568 2365 686 2425 nachdem
726 2365 755 2425 er
785 2365 998 2425 (1886--1889)
1023 2365 1077 2425 auf
1098 2366 1305 2426 verschiedenen
1341 2365 1389 2425 Kli

2460 2373 2638 2433 Warnung"
2670 2374 2730 2434 und
2762 2377 2971 2437 „Hirtenflöte"
3009 2380 3119 2440 (1911),
3144 2383 3236 2443 „Frau
3274 2383 3366 2443 Beate

1431 2399 1485 2459 und
1516 2401 1601 2461 1920,
1622 2403 1762 2463 durchaus
1798 2405 1872 2465 nicht
1898 2407 1943 2467 dem
1989 2410 2089 2470 Willen
2125 2410 2170 2470 des
2201 2413 2336 2473 Dichters
2367 2411 2426 2471 ent¬

388 2413 468 2473 niken
504 2413 670 2473 praktiziert
701 2413 756 2473 und
787 2416 847 2476 auch
883 2416 943 2476 eine
974 2415 1054 2475 Reise
1080 2413 1131 2473 zum
1177 2416 1313 2476 Studium
1354 2416 1398 2476 der

2459 2422 2504 2482 ihr
2534 2423 2643 2483 Sohn"
2679 2425 2794 2485 (1913),
2818 2426 2945 2486 „Doktor
2974 2427 3124 2487 Gräsler,
3147 2431 3309 2491 Badearzt"
3350 2426 3373 2486 (1

1431 2450 1591 2510 sprechend,
1620 2452 1702 2512 unter
1731 2454 1780 2514 dem
1819 2457 2024 2517 Widerspruch
2052 2458 2101 2518 der
2130 2461 2291 2521 damaligen
2330 2464 2412 2524 rechts

392 2464 582 2524 hygienischen
613 2464 839 2524 Einrichtungen
870 2465 931 2525 nach
958 2464 1070 2524 London
1102 2464 1152 2524 und
1179 2464 1271 2524 Paris
1297 2467 1384 2527 unter

2456 2473 2651 2533 „Casanovas
2705 2475 2893 2535 Heimfahrt"
2953 2475 3065 2535 (1918).
3107 2478 3284 2538 Schnitzlers
3343 2475 3378 2535 ne

1427 2496 1572 2556 stehenden
1607 2499 1707 2559 Kreise
1735 2505 1908 2565 aufgeführt
1938 2505 2077 2565 wurden.

381 2508 521 2568 nommen
548 2511 646 2571 hatte,
678 2511 725 2571 bis
756 2511 823 2571 1893
850 2511 990 2571 Assistent
1017 2512 1105 2572 seines
1132 2511 1240 2571 Vaters
1288 2514 1318 2574 an
1350 2512 1381 2572 de

2460 2520 2625 2580 erzählende
2651 2520 2749 2580 Werke
2774 2523 2853 2583 sind:
2879 2525 2964 2585 „Frl.
2983 2523 3062 2583 Else"
3100 2526 3210 2586 (1924),
3229 2528 3290 2588 eine
3316 2526 3339 2586 in

1458 2550 1627 2610 Schnitzlers
1651 2550 1746 2610 Werke
1775 2552 1866 2612 reihen
1895 2555 1939 2615 sich
1968 2556 2024 2616 nun
2059 2557 2081 2617 in
2110 2557 2217 2617 rascher
2241 2560 2342 2620 Folge.
2383 2559 2422 2619 Es

385 2559 509 2619 Wiener
540 2560 727 2620 allgemeinen
764 2562 945 2622 Poliklinik.
1003 2562 1070 2622 Den
1122 2562 1391 2622 militärärztlichen

2459 2568 2637 2628 schwierigen
2678 2571 2759 2631 Form
2806 2571 2938 2631 geradezu
2979 2574 3175 2634 meisterhafte
3211 2577 3348 2637 Novelle,

1420 2598 1595 2658 erschienen:
1621 2599 1703 2659 „Das
1729 2601 1956 2661 Vermächtnis"
1987 2604 2100 2664 (1897),
2121 2604 2162 2664 die
2188 2604 2249 2664 drei
2271 2607 2425 2667 Einakter:

387 2607 510 2667 Dienst,
531 2607 556 2667 in
589 2608 634 2668 den
666 2610 826 2670 Schnitzler
852 2610 949 2670 später
976 2610 1053 2670 trat,
1074 2610 1172 2670 mußte
1199 2610 1229 2670 er
1256 2613 1322 2673 nach
1353 2611 1394 2671 der

2452 2618 2538 2678 Frau
2567 2617 2608 2677 des
2637 2617 2782 2677 Richters"
2811 2619 2909 2679 (1925)
2927 2619 2984 2679 und
3008 2621 3048 2681 als
3072 2622 3164 2682 letztes
3188 2625 3378 2685 „Traumnor

394 2657 577 2717 Publikation
615 2657 706 2717 seines
738 2658 909 2718 „Leutnant
934 2658 1037 2718 Gustl“
1069 2660 1203 2720 aufgeben
1241 2659 1295 2719 und
1327 2657 1393 2717 bald
1425 2646 1658 2706 „Paracelsus",
1677 2646 1750 2706 „Die
1763 2651 1959 2711 Gefährtin",
1965 2652 2044 2712 „Der
2064 2652 2149 2712 grüne
2168 2655 2296 2715 Kakadu"
2321 2658 2425 2718 (1898),

2462 2664 2570 2724 (1926).
2612 2666 2674 2726 Alle
2692 2668 2767 2728 diese
2785 2667 2882 2727 Werke
2906 2667 2963 2727 sind
2987 2669 3147 2729 durchwegs
3177 2669 3286 2729 kürzere
3310 2672 3367 2732 Arb

1415 2693 1473 2753 sein
1500 2695 1632 2755 Drama:
1654 2695 1727 2755 „Der
1750 2697 1876 2757 Schleier
1903 2699 1950 2759 der
1972 2702 2125 2762 Beatrice"
2152 2703 2263 2763 (1899),
2280 2705 2353 2765 dann
2380 2706 2422 2766 der

382 2705 523 2765 widmete
545 2705 572 2765 er
600 2705 649 2765 sich
676 2708 888 2768 ausschließlich
916 2708 959 2768 der
987 2706 1155 2766 Literatur.

2452 2714 2640 2774 erzählenden
2670 2716 2817 2776 Inhalts,
2830 2715 2965 2775 Novellen
2996 2717 3048 2777 und
3072 2720 3260 2780 Noveletten.
3279 2721 3366 2781 Schni

1422 2744 1674 2804 Einakterzyklus:
1710 2747 1886 2807 „Lebendige
1917 2750 2092 2810 Stunden",
2119 2751 2237 2811 woraus
2273 2753 2422 2813 besonder¬

422 2761 484 2821 Die
513 2765 711 2825 Atmosphäre
757 2765 802 2825 der
831 2765 1017 2825 Geistigkeit,
1052 2768 1097 2828 die
1143 2768 1171 2828 in
1217 2768 1397 2828 Schnitzlers

2458 2765 2584 2825 einziger
2620 2765 2723 2825 großer
2759 2765 2873 2825 Roman
2915 2765 3024 2825 erschien
3066 2768 3157 2828 1908:
3187 2771 3268 2831 „Der
3297 2771 3366 2831 Weg

1415 2792 1606 2852 „Literatur“
1637 2793 1813 2853 hervorragt
1838 2798 1954 2858 (1901),
1975 2798 2025 2858 das
2055 2800 2166 2860 Drama
2202 2801 2272 2861 „Der
2303 2804 2423 2864 einsame

2458 2810 2581 2870 Freie",
2602 2813 2660 2873 eine
2680 2814 2752 2874 groß
2779 2813 2909 2873 gesehene
2936 2815 3079 2875 Synthese
3106 2816 3151 2876 des
3178 2819 3301 2879 geistigen
3335 2819 3347 2879 W

382 2813 557 2873 Vaterhaus
583 2813 743 2873 herrschte,
777 2813 818 2873 die
845 2815 919 2875 enge
945 2816 1122 2876 Berührung
1165 2816 1222 2876 mit
1240 2816 1290 2876 der
1333 2821 1400 2881 sog.
1426 2835 1509 2895 Weg"
1535 2840 1652 2900 (1903),
1678 2842 1719 2902 die
1746 2844 1888 2904 Komödie
1914 2849 2166 2909 „Zwischenspiel"
2192 2850 2309 2910 (1904),
2327 2852 2418 2912 ferner

377 2863 465 2923 guten
497 2861 683 2921 Gesellschaft
709 2861 756 2921 der
782 2861 849 2921 80er
881 2862 932 2922 und
964 2861 1031 2921 90er
1057 2863 1171 2923 Jahre,
1192 2863 1269 2923 einer
1296 2863 1394 2923 eigen¬

2457 2858 2561 2918 Lebens
2593 2862 2641 2922 zur
2667 2863 2734 2923 Zeit
2753 2863 2795 2923 der
2821 2863 2913 2923 letzten
2945 2863 3271 2923 Jahrhundertwende.

1419 2890 1445 2950 im
1488 2890 1603 2950 gleichen
1630 2891 1710 2951 Jahr
1737 2892 1794 2952 eine
1821 2893 1889 2953 neue
1917 2896 2148 2956 Einakterreihe:
2176 2898 2413 2958 „Marionetten“

380 2908 491 2968 artigen
524 2909 657 2969 spezifisch
684 2908 918 2968 österreichischen
945 2913 1094 2973 Mischung
1122 2914 1174 2974 von
1201 2914 1387 2974 heterogenen

2491 2914 2529 2974 Es
2561 2917 2599 2977 ist
2615 2920 2654 2980 ein
2694 2920 2951 2980 charakteristisches
2983 2922 3131 2982 Merkmal
3155 2924 3201 2984 der
3226 2925 3248 2985 so
3280 2926 3357 2986 zahlr

1416 2940 1496 3000 „Der
1524 2940 1609 3000 junge
1632 2940 1831 3000 Medardus",
1848 2944 1934 3004 dessen
1967 2944 2134 3004 Titelrolle,
2151 2944 2199 3004 dem
2237 2945 2339 3005 großen
2372 2947 2404 3007 Jo

383 2959 574 3019 Elementen,
610 2957 665 3017 von
695 2961 871 3021 Gelehrten,
907 2962 1179 3022 Großkaufleuten,
1215 2962 1376 3022 Advokaten

2451 2970 2550 3030 Werke
2583 2974 2776 3034 Schnitzlers,
2795 2974 2838 3034 die
2871 2974 2914 3034 dem
2965 2977 3077 3037 Wiener
3109 2975 3215 3035 Milieu
3253 2980 3359 3040 entstan

1418 2986 1456 3046 sef
1478 2989 1572 3049 Kainz
1600 2989 1765 3049 zugedacht,
1788 2990 1837 3050 dem
1882 2992 2014 3052 Künstler
2042 2992 2119 3052 nicht
2147 2993 2224 3053 mehr
2252 2997 2279 3057 zu
2313 2996 2412 3056 spieler

381 3007 557 3067 Künstlern,
578 3004 624 3064 Ba
655 3006 728 3066 diers
760 3008 790 3068 u.
811 3010 852 3070 a.,
889 3010 935 3070 der
977 3011 1049 3071 enge
1071 3010 1205 3070 Kontakt
1242 3011 1298 3071 mit
1340 3010 1386 3070 der

2451 3025 2507 3085 und
2539 3025 2607 3085 auch
2633 3028 2751 3088 solcher,
2777 3028 2814 3088 die
2840 3028 2896 3088 erst
2921 3028 2946 3088 in
2978 3028 3021 3088 den
3059 3031 3222 3091 allerletzten
3254 3032 3372 3092 Jahren

1419 3034 1563 3094 vergönnt
1594 3037 1671 3097 war,
1698 3037 1728 3097 ist
1760 3037 1795 3097 ein
1832 3040 1945 3100 Drama
1982 3040 2033 3100 aus
2065 3040 2116 3100 dem
2158 3043 2255 3103 Tagen
2292 3043 2338 3103 der
2369 3041 2410 3101 Be

382 3054 498 3114 Größen
535 3056 578 3116 der
610 3057 716 3117 „ersten
748 3058 891 3118 deutschen
924 3059 1067 3119 Bühne",
1089 3058 1130 3118 des
1163 3060 1380 3120 Burgtheaters

2451 3075 2569 3135 schienen
2608 3078 2682 3138 sind,
2708 3078 2757 3138 daß
2796 3078 2826 3138 sie
2858 3078 2977 3138 zumeist
3002 3080 3108 3140 Bilder
3134 3081 3183 3141 der
3216 3081 3284 3141 Zeit
3310 3084 3365 3144 aus

1419 3081 1524 3141 setzung
1546 3085 1646 3145 Wiens
1673 3086 1752 3146 durch
1774 3087 1921 3147 Napoleon
1948 3087 1979 3147 I.
1996 3089 2159 3149 (erschienen
2186 3090 2286 3150 1909).
2308 3090 2407 3150 Diesen

378 3102 425 3162 die
447 3103 473 3163 in
500 3104 590 3164 seines
618 3104 729 3164 Vaters
756 3108 835 3168 Haus
862 3108 937 3168 aus=
959 3108 1011 3168 und
1039 3108 1209 3168 eingingen,
1231 3111 1374 3171 beeinfluf

2449 3129 2586 3189 Dichters
2612 3129 2750 3189 jüngeren
2782 3132 2895 3192 Jahren
2927 3132 3034 3192 geben.
3072 3133 3165 3193 Einer
3192 3135 3248 3195 viel
3273 3137 3367 3197 sorglo

1415 3130 1512 3190 Werke
1539 3134 1621 3194 folgte
1648 3133 1730 3193 „Das
1757 3135 1833 3195 weite
1860 3135 1958 3195 Land"
1984 3138 2098 3198 (1910),
2119 3138 2175 3198 eine
2201 3138 2418 3198 Tragikomödi¬

378 3150 421 3210 ten
455 3153 628 3213 Schnitzlers
656 3156 879 3216 Entwicklung;
907 3159 993 3219 dieses
1021 3159 1249 3219 Jugendmilieu
1282 3159 1391 3219 drückte

1413 3180 1460 3240 des
1487 3180 1603 3240 Alterns
1630 3183 1688 3243 und
1710 3184 1778 3244 1902
1805 3185 1969 3245 „Professor
1991 3186 2171 3246 Berhardi",
2188 3186 2230 3246 ein
2257 3187 2426 3247 Schauspiel

2453 3180 2507 3240 und
2539 3183 2797 3243 unbekümmerten
2835 3183 2927 3243 Welt,
2946 3183 2995 3243 als
3026 3183 3056 3243 es
3088 3186 3130 3246 die
3155 3189 3272 3249 heutige
3297 3192 3346 3252 ist,

388 3208 479 3268 seinem
523 3207 647 3267 späteren
681 3208 816 3268 Schaffen
849 3212 924 3272 nicht
946 3213 1076 3273 weniger
1104 3210 1147 3270 den
1180 3213 1320 3273 Stempel
1343 3213 1375 3273 au

1415 3228 1471 3288 aus
1497 3230 1543 3290 dem
1585 3231 1728 3291 ärztlichen
1765 3233 1872 3293 Beruf,
1894 3234 1939 3294 bei
1961 3234 2047 3294 seiner
2074 3234 2258 3294 Aufführung
2290 3236 2341 3296 von
2372 3235 2418 3295 po¬

2445 3234 2539 3294 satten
2578 3234 2633 3294 und
2672 3237 2759 3297 dabei
2785 3237 2999 3297 schöngeistigen
3038 3240 3264 3300 Bürgertums,
3302 3243 3339 3303 an

379 3258 432 3318 wie
464 3259 511 3319 sein
543 3260 694 3320 ärztlicher
719 3261 833 3321 Beruf.

1415 3278 1536 3338 litischen
1569 3279 1706 3339 Gruppen
1738 3281 1981 3341 vielumstritten.
2008 3284 2050 3344 Im
2093 3284 2183 3344 Jahre
2215 3282 2278 3342 1915
2310 3284 2404 3344 erschie

2447 3290 2551 3350 soziale
2576 3290 2735 3350 Probleme
2760 3293 2839 3353 selten
2871 3293 3079 3353 herantreten.
3117 3296 3214 3356 Selten
3252 3297 3337 3357 hallen

419 3311 486 3371 Von
524 3316 681 3376 kleineren,
714 3315 808 3375 längst
841 3320 1020 3380 vergessenen
1057 3320 1316 3380 Frühprodukten,
1343 3323 1389 3383 die
1416 3324 1468 3384 nen
1501 3326 1559 3386 drei
1580 3326 1717 3386 Einakter
1738 3328 1822 3388 unter
1850 3329 1891 3389 dem
1934 3329 2028 3389 Titel:
2050 3329 2203 3389 „Komödie
2230 3331 2271 3391 der
2298 3332 2392 3392 Worte

2441 3343 2544 3403 Werke
2568 3342 2591 3402 in
2620 3344 2700 3404 einem
2736 3347 2857 3407 schrillen
2887 3347 2944 3407 Ton
2974 3348 3043 3408 aus,
3061 3350 3095 3410 sie
3119 3350 3275 3410 verklingen
3304 3351 3356 3411 und

374 3365 400 3425 in
426 3368 473 3428 der
504 3368 675 3428 „Deutschen
703 3371 941 3431 Wochenschrift“
973 3371 1072 3431 (1866)
1094 3371 1145 3431 und
1177 3373 1197 3433 in
1229 3374 1275 3434 der
1302 3374 1369 3434 lang

1417 3374 1487 3434 1917
1523 3374 1570 3434 das
1606 3377 1734 3437 schwache
1770 3379 1858 3439 „Fink
1894 3380 1946 3440 und
1982 3380 2217 3440 Fliederbusch",
2241 3381 2305 3441 1919
2342 3382 2418 3442 „Die
2448 3390 2618 3450 dämmern.
2654 3392 2760 3452 Seine
2790 3395 2889 3455 weiche
2919 3395 2972 3455 und
3008 3396 3089 3456 dabei
3119 3397 3160 3457 oft
3190 3398 3360 3458 spielerische

378 3419 452 3479 nicht
474 3422 553 3482 mehr
580 3424 762 3484 bestehenden
789 3425 960 3485 Zeitschrift
976 3428 1040 3488 „An
1067 3426 1114 3486 der
1142 3428 1248 3488 schönen
1281 3428 1382 3488 blauer

1416 3424 1585 3484 Schwestern
1619 3423 1686 3483 oder
1715 3426 1861 3486 Casanova
1896 3427 1923 3487 in
1958 3428 2059 3488 Spa“,
2082 3428 2149 3488 1924
2183 3429 2335 3489 „Komödie
2370 3430 2414 3490 der
2449 3440 2601 3500 handlung
2630 3440 2674 3500 der
2697 3440 2854 3500 Probleme
2878 3441 2945 3501 läßt
2962 3441 3120 3501 Schnitzler
3149 3444 3187 3504 als
3216 3447 3261 3507 den
3295 3446 3334 3506 au

375 3467 500 3527 Donau"
537 3469 633 3529 (1889)
664 3471 814 3531 erschienen
851 3473 928 3533 sind,
953 3474 989 3534 ist
1014 3475 1067 3535 sein
1098 3475 1200 3535 erstes,
1225 3476 1375 3536 aufsehen=
1399 3470 1616 3530 Verführung"
1653 3472 1706 3532 und
1743 3473 1809 3533 1925
1846 3474 1893 3534 die
1924 3476 2110 3536 dramatische
2141 3478 2303 3538 Dichtung:
2334 3484 2412 3544 „Der
2436 3487 2689 3547 sprochenen
2726 3490 3075 3550 österreichischen
3112 3493 3274 3553 Dichter
3323 3493 3346 3553 e

385 3517 554 3577 erregendes
581 3519 637 3579 und
668 3520 694 3580 in
725 3521 771 3581 der
792 3522 956 3582 damaligen
988 3523 1054 3583 Zeit
1081 3523 1121 3583 als
1153 3524 1214 3584 lühn
1251 3524 1384 3584 empfun=
1410 3520 1502 3580 Gang
1529 3520 1580 3580 zum
1621 3520 1765 3580 Weiher“.

2441 3535 2521 3595 nen,
2545 3535 2590 3595 den
2625 3538 2793 3598 Dichter
2822 3538 2944 3598 eines
2979 3543 3273 3603 vergangenen
3309 3540 3325 3600 W

372 3565 460 3625 denes
502 3568 590 3628 Werk
617 3569 784 3629 „Anatol“,
821 3568 888 3628 eine
930 3571 1029 3631 Reihe
1072 3571 1123 3631 von
1171 3573 1378 3633 dramatischen

1453 3572 1631 3632 Schnitzlers
1660 3574 1804 3634 Eigenart
1833 3574 1887 3634 und
1922 3577 2025 3637 großes
2053 3577 2163 3637 Talent
2191 3577 2342 3637 offenbar:
2364 3577 2412 3637 sich
2447 3582 2536 3642 dessen
2564 3584 2736 3644 Landschaft
2758 3586 2812 3646 und
2840 3586 3005 3646 Umgebung
3034 3589 3061 3649 in
3089 3591 3178 3651 seinen
3206 3592 3322 3652 Werken

383 3619 550 3679 Dialogen,
566 3621 611 3681 die
635 3622 687 3682 mit
711 3622 786 3682 ihren
818 3622 908 3682 scharf
925 3622 1114 3682 beobuchteten
1146 3622 1297 3682 Menschen
1321 3623 1381 3683 und
1412 3625 1495 3685 nicht
1534 3627 1663 3687 weniger
1710 3628 1739 3688 in
1778 3628 1876 3688 seinen
1931 3631 2113 3691 erzählenden
2159 3628 2296 3688 Werken.
2335 3631 2410 3691 1892
2441 3634 2494 3694 dig
2518 3637 2608 3697 wird.
