3344 4384
381 294 524 354 skriver
554 291 614 351 den

647 358 890 418 2.OKT.
910 362 1027 422 1931

320 458 514 518 Arthur
548 462 849 522 Schnitzlers
876 461 1016 521 Dod.

496 1474 612 1534 Arthur
638 1477 826 1537 Schnitzler.

321 1530 401 1590 EN
442 1533 660 1593 fremragende
689 1536 838 1596 ostrigske
866 1539 1032 1599 Dramati¬

285 1581 545 1641 kerArthur
564 1584 733 1644 Schnitzler
758 1586 787 1646 er
806 1584 817 1644 1
830 1586 915 1646 Gaar
940 1587 1024 1647 plud¬

280 1632 348 1692 selig
389 1634 518 1694 afgaaet
551 1632 603 1692 ved
640 1635 741 1695 Doden
782 1635 794 1695 i
826 1635 866 1695 sit
899 1636 976 1696 Hjem
1021 1636 1036 1696 1

282 1680 382 1740 Wien.
399 1680 463 1740 Han
496 1682 548 1742 var
569 1682 657 1742 netop
686 1683 782 1743 vendt
803 1684 871 1744 hjem
912 1686 956 1746 fra
981 1686 1021 1746 sin

276 1729 471 1789 sedvanlige
500 1730 699 1790 Morgentur,
720 1733 752 1793 da
786 1733 842 1793 han
875 1733 940 1793 blev
969 1733 1033 1793 gre¬

277 1776 329 1836 bet
345 1778 377 1838 af
398 1778 425 1838 et
446 1780 721 1840 Ildebefindende,
733 1781 761 1841 og
786 1782 817 1842 da
842 1782 918 1842 hans
943 1781 1027 1841 kvin¬

282 1826 373 1886 delige
399 1827 554 1887 Sekreter
579 1829 730 1889 indfandt
751 1831 788 1891 sig
814 1832 868 1892 hos
890 1832 948 1892 ham
986 1832 1032 1892 for

274 1876 303 1936 at
332 1876 471 1936 begynde
505 1878 631 1938 Dagens
665 1877 812 1937 Arbejde,
837 1880 934 1940 fandt
964 1880 1022 1940 hun

276 1925 451 1985 Schnitzler
473 1925 615 1985 liggende
640 1927 803 1987 bevidstlos
825 1928 879 1988 paa
905 1928 1038 1988 Gulvet.

278 1972 285 2032 I
310 1972 342 2032 en
371 1972 564 2032 Ambulance
589 1975 710 2035 bragtes
735 1975 791 2035 han
820 1975 856 2035 til
876 1978 1025 2038 Hospita¬

271 2022 326 2082 let,
346 2022 412 2082 men
448 2023 503 2083 var
531 2023 582 2083 ved
614 2023 803 2083 Ankomsten
839 2024 936 2084 hertil
960 2026 1031 2086 dod.

312 2070 487 2130 Schnitzler
509 2071 558 2131 var
580 2072 650 2132 født
668 2073 680 2133 i
697 2072 759 2132 1862
781 2074 813 2134 og
839 2074 1023 2134 erhvervede

271 2119 404 2179 allerede
439 2119 456 2179 i
482 2119 550 2179 1885
585 2122 838 2182 Doktorgraden,
864 2124 1023 2184 hvorefter

273 2166 325 2226 han
354 2166 382 2226 en
415 2168 468 2228 Tid
493 2169 709 2229 praktiserede
730 2169 778 2229 som
815 2172 921 2232 Læge.

311 2215 376 2275 Men
410 2217 538 2277 allerede
567 2217 615 2277 som
655 2217 765 2277 ganske
795 2218 872 2278 ungt
894 2220 1022 2280 Menne¬

272 2264 318 2324 ske
341 2264 436 2324 havde
460 2265 517 2325 han
544 2265 647 2325 næret
667 2265 693 2325 en
720 2265 911 2325 brendende
935 2268 1026 2328 Kær¬

271 2312 371 2372 lighed
401 2312 438 2372 til
459 2313 601 2373 Teatret,
618 2315 652 2375 og
677 2316 739 2376 med
769 2316 886 2376 Aarene
916 2317 1024 2377 droges

271 2359 327 2419 han
363 2361 448 2421 mere
481 2362 509 2422 og
546 2363 626 2423 mere
660 2364 728 2424 bort
756 2364 801 2424 fra
838 2364 878 2424 sin
915 2367 1023 2427 Læge¬

270 2408 390 2468 gerning
425 2409 454 2469 og
485 2411 635 2471 helligede
661 2414 704 2474 sig
730 2414 846 2474 tilsidst
872 2414 936 2474 helt
963 2414 1018 2474 Te¬

267 2459 365 2519 atrets
392 2459 517 2519 Kunst.

316 2576 391 2636 JED
441 2576 667 2636 Forkærlighed
706 2578 835 2638 dyrkede
868 2579 1013 2639 Schnitz¬

272 2627 414 2687 Nier
445 2623 496 2683 den
528 2625 707 2685 kvindelige
731 2626 843 2686 Psyke,
867 2628 926 2688 han
957 2629 1008 2689 var

265 2671 296 2731 en
329 2672 531 2732 forstaaende
560 2673 587 2733 og
620 2674 822 2734 vidtskuende
851 2677 1024 2737 Iagttager,

265 2722 298 2782 og
327 2721 368 2781 sin
406 2721 493 2781 Viden
531 2723 679 2783 nedlagde
709 2725 767 2785 han
796 2725 808 2785 i
833 2725 866 2785 en
900 2725 1011 2785 Række

264 2770 457 2830 dramatiske
482 2773 648 2833 Arbejder,
664 2773 716 2833 der
737 2773 801 2833 blev
826 2773 923 2833 kendt
943 2776 1015 2836 Ver¬

264 2817 318 2877 den
356 2817 443 2877 over.
468 2820 606 2880 Allerede
635 2820 647 2880 i
673 2820 752 2880 hans
781 2822 1014 2882 Debutarbejde

264 2867 435 2927 „Anatol“,
452 2868 502 2928 som
544 2868 640 2928 udkom
682 2871 694 2931 1
715 2871 794 2931 1892,
811 2871 920 2931 moder
945 2871 1011 2931 man

258 2914 315 2974 ham
361 2916 411 2976 som
461 2918 487 2978 en
526 2919 721 2979 ransagende
752 2919 786 2979 og
817 2921 1019 2981 forstaaende

261 2964 424 3024 Iagttager
454 2965 487 3025 af
513 2967 773 3027 Menneskelivets
803 2970 1017 3030 mangfoldige

264 3012 368 3072 Sider.
381 3013 470 3073 Hans
490 3015 737 3075 Scenearbejder
761 3015 789 3075 er
810 3016 1016 3076 overordent¬

264 3062 298 3122 lig
329 3062 597 3122 virkningsfulde,
615 3065 757 3125 elegante
783 3065 817 3125 og
848 3065 956 3125 vittige
983 3069 1012 3129 og

264 3110 381 3170 præget
406 3110 439 3170 af
461 3113 494 3173 en
519 3113 691 3173 raffineret
713 3113 821 3173 Smag.

298 3167 311 3227 I
347 3169 415 3229 1923
452 3170 574 3230 opførte
611 3170 669 3230 Det
706 3172 864 3232 kongelige
901 3173 1014 3233 Teater

262 3216 341 3276 hans
366 3218 520 3278 Komedie
545 3221 624 3281 „Den
654 3221 737 3281 store
762 3218 879 3278 Scene“
904 3221 937 3281 og
967 3223 1012 3283 se¬

261 3265 334 3325 nere
360 3268 486 3328 spillede
512 3268 771 3328 Dagmarteatret
793 3268 823 3328 et
845 3270 962 3330 Udvalg
988 3272 1018 3332 af

259 3315 340 3375 hans
363 3316 707 3376 „Anatol“-Arbejder.
721 3317 845 3377 Endelig
867 3319 923 3379 har
945 3321 1013 3381 Fol¬

258 3364 413 3424 keteatret
440 3367 548 3427 opfort
574 3367 652 3427 hans
682 3367 885 3427 „Liebeslei“.

272 3460 533 3520 CHNITZLER
591 3463 710 3523 besogte
759 3465 954 3525 Kobenhavn
1003 3466 1016 3526 1

253 3510 407 3570 1923,
426 3510 501 3570 hvor
530 3510 586 3570 han
615 3511 699 3571 læste
728 3513 755 3573 op
784 3513 797 3573 i
817 3513 1004 3573 Studenter¬

258 3558 442 3618 samfundet
472 3560 505 3620 af
534 3561 601 3621 sine
635 3561 790 3621 Noveller.
841 3564 907 3624 Han
945 3564 1008 3624 blev

258 3608 307 3668 den
345 3607 437 3667 Gang
475 3609 570 3669 fejret
604 3609 658 3669 paa
696 3612 854 3672 forskellig
892 3612 1004 3672 Maade

252 3654 288 3714 af
325 3656 361 3716 de
407 3657 484 3717 unge
525 3660 700 3720 Studenter
741 3660 851 3720 ligesom
908 3663 1006 3723 Georg

252 3704 410 3764 Brandes,
442 3706 494 3766 der
526 3707 581 3767 var
617 3707 648 3767 en
684 3707 751 3767 stor
783 3710 946 3770 Beundrer
982 3711 1013 3771 af

252 3752 327 3812 hans
352 3753 478 3813 Kunst,
495 3755 659 3815 benyttede
688 3758 885 3818 Lejligheden
915 3758 956 3818 til
973 3758 1006 3818 at

252 3800 340 3860 hylde
377 3802 470 3862 ham.
495 3803 535 3863 Af
564 3803 645 3863 hans
678 3804 778 3864 ovrige
811 3806 997 3866 Produktion

250 3848 282 3908 er
306 3848 419 3908 blandt
440 3848 537 3908 andet
558 3851 610 3911 den
639 3851 695 3911 lille
720 3853 845 3913 Novelle
870 3854 999 3914 „Frøken

246 3893 339 3953 Else“
372 3896 509 3956 oversat.
559 3899 623 3959 Den
661 3899 689 3959 er
718 3902 811 3962 tillige
848 3903 1010 3963 indspillet

246 3944 295 4004 som
346 3945 408 4005 Film
459 3948 487 4008 og
522 3946 588 4006 blev
622 3948 634 4008 i
659 3949 809 4009 Foraaret
843 3951 901 4011 vist
931 3952 1001 4012 her¬

249 3994 390 4054 hjemme
428 3997 491 4057 med
533 3997 686 4057 Elisabeth
723 4000 859 4060 Bergner
892 4002 907 4062 1
939 4003 1001 4063 Ho¬

249 4045 424 4105 vedrollen.

1192 972 1420 1032 Ausschnitt
1442 973 1531 1033 aus:

1264 1264 1469 1324 e
1562 1282 1767 1342 dn

1370 1371 1573 1431 22710
1649 1399 1719 1459 108

1303 1671 1667 1731 Författaren
1724 1677 1910 1737 Artur

1358 1770 1689 1830 Schnitzler
1719 1777 1864 1837 död.

1737 1864 1816 1924 91

1289 1928 1399 1988 WIEN
1442 1933 1496 1993 den
1531 1934 1573 1994 21
1601 1937 1676 1997 okt.
1704 1939 1815 1999 (TT.)
1865 1942 1947 2002 Artu

1233 1980 1430 2040 Schnitzler
1456 1981 1552 2041 avled
1588 1985 1648 2045 här
1679 1987 1729 2047 vid
1761 1989 1897 2049 7-tiden
1933 1993 1968 2053 på

1233 2029 1554 2089 onsdagsaftonen.
1593 2032 1664 2092 När
1693 2035 1894 2095 författaren
1928 2041 1961 2101 pä

1233 2076 1507 2136 eftermiddagen
1564 2081 1759 2141 ätervände
1816 2086 1885 2146 från
1928 2087 1960 2147 en

1229 2125 1419 2185 promenad
1456 2128 1661 2188 drabbades
1693 2131 1756 2191 han
1798 2134 1838 2194 av
1870 2135 1965 2195 slag¬

1232 2172 1347 2232 anfall
1371 2173 1428 2233 och
1462 2175 1558 2235 avled
1597 2178 1678 2238 utan
1717 2181 1769 2241 att
1798 2181 1836 2241 ha
1870 2184 1965 2244 âter¬

1232 2223 1299 2283 fâtt
1324 2223 1589 2283 medvetandel.

1266 2337 1467 2397 Schnitzler
1501 2338 1559 2398 var
1588 2339 1669 2399 född
1702 2343 1718 2403 i
1746 2344 1838 2404 Wien
1877 2346 1974 2406 1862.

1223 2382 1294 2442 Han
1328 2384 1519 2444 studerade
1544 2389 1692 2449 medicin
1726 2392 1783 2452 och
1817 2393 1961 2453 promo¬

1228 2431 1371 2491 verades
1405 2432 1477 2492 1885
1516 2434 1568 2494 till
1597 2438 1697 2498 med.
1721 2440 1850 2500 doktor
1879 2443 1955 2503 men

1217 2480 1355 2540 ägnade
1409 2483 1513 2543 snart
1557 2486 1782 2546 uteslutande
1835 2489 1873 2549 àt
1902 2491 1959 2551 lit¬

1226 2530 1419 2590 teraturen.
1468 2531 1545 2591 Han
1604 2537 1826 2597 debuterade
1889 2540 1961 2600 1893

1226 2577 1290 2637 med
1333 2577 1365 2637 en
1398 2582 1486 2642 serie
1515 2583 1701 2643 enaktare,
1725 2588 1869 2648 Anatol,
1892 2588 1952 2648 och

1217 2626 1317 2686 skrev
1357 2628 1457 2688 sedan
1501 2629 1549 2689 ett
1578 2631 1669 2691 stort
1698 2632 1804 2692 antal
1828 2634 1958 2694 skâde-

1218 2674 1296 2734 spel
1321 2674 1380 2734 och
1419 2677 1600 2737 komedier
1630 2680 1723 2740 samt
1753 2680 1787 2740 en
1827 2683 1949 2743 mängd

1224 2722 1391 2782 noveller.
1412 2725 1510 2785 Flera
1540 2728 1579 2788 av
1609 2729 1702 2789 hans
1728 2733 1959 2793 teaterpjäser

1224 2770 1258 2830 ha
1288 2773 1455 2833 uppförts
1486 2773 1564 2833 även
1594 2776 1609 2836 i
1634 2776 1712 2836 vårt
1738 2779 1835 2839 land.

1247 2819 1449 2879 Schnitzler
1479 2820 1536 2880 var
1561 2823 1710 2883 wienare
1735 2826 1962 2886 alltigenom,

1213 2867 1267 2927 och
1298 2867 1312 2927 i
1332 2869 1421 2929 hans
1447 2871 1704 2931 författarskap
1735 2874 1868 2934 âterges
1889 2874 1952 2934 bà-

1215 2913 1253 2973 de
1282 2915 1344 2975 den
1383 2918 1598 2978 särwienska
1632 2922 1852 2982 stämningen
1886 2923 1943 2983 och

1216 2963 1267 3023 för
1300 2964 1421 3024 staden
1464 2967 1524 3027 och
1562 2967 1641 3027 dess
1679 2970 1846 3030 invânare
1889 2972 1949 3032 ka¬

1216 3012 1455 3072 rakteristiska
1516 3015 1652 3075 kretsar
1699 3015 1760 3075 och
1798 3021 1961 3081 kynnen.

1218 3059 1282 3119 Han
1322 3061 1390 3121 har
1415 3062 1473 3122 som
1523 3065 1705 3125 knappast
1730 3068 1837 3128 nâgon
1877 3068 1951 3128 före

1213 3107 1323 3167 honom
1382 3110 1540 3170 skildrat
1565 3113 1631 3173 den
1671 3115 1761 3175 unge
1800 3116 1949 3176 wienske

1216 3158 1549 3218 levnadsnjutaren,
1576 3161 1630 3221 som
1686 3161 1768 3221 vars
1800 3164 1945 3224 motbild

1214 3206 1273 3266 han
1308 3209 1430 3269 ställer
1461 3209 1524 3269 den
1554 3209 1672 3269 blida,
1697 3212 1944 3272 anspräkslösa

1212 3253 1337 3313 flickan
1398 3256 1443 3316 av
1499 3258 1549 3318 läg
1585 3259 1952 3319 samhällsställning.

1207 3302 1311 3362 Kring
1346 3304 1419 3364 sina
1455 3304 1643 3364 personer,
1668 3307 1781 3367 vilkas
1811 3309 1944 3369 replik-

1206 3349 1328 3409 skiften
1361 3352 1412 3412 äro
1441 3353 1760 3413 beundransvärda
1784 3355 1798 3415 i
1817 3355 1943 3415 biand-

1204 3400 1324 3460 ningen
1364 3399 1406 3459 av
1441 3398 1498 3458 vek
1537 3401 1624 3461 lyrik
1663 3403 1721 3463 och
1760 3406 1943 3466 hänsyns-

1209 3448 1248 3508 lös
1279 3448 1442 3508 realism,
1462 3449 1541 3509 gjöt
1566 3452 1605 3512 S.
1631 3451 1665 3511 en
1695 3452 1873 3512 atmosfär
1903 3454 1942 3514 av

1208 3498 1275 3558 fint
1323 3498 1550 3558 nyanserade
1604 3498 1786 3558 dämpade
1820 3501 1950 3561 färger.

1200 3544 1265 3604 Som
1322 3546 1415 3606 hans
1448 3545 1542 3605 mest
1570 3549 1711 3609 typiska
1749 3549 1823 3609 form
1876 3550 1941 3610 kan

1200 3591 1277 3651 man
1314 3594 1400 3654 anse
1432 3592 1491 3652 den
1528 3597 1788 3657 dialogiserade
1821 3597 1943 3657 novel¬

1201 3642 1271 3702 len.
1313 3642 1450 3702 Läkare
1481 3642 1537 3702 till
1557 3643 1608 3703 sin
1644 3645 1847 3705 utbildning
1879 3648 1944 3708 har

1200 3689 1264 3749 han
1323 3689 1437 3749 gärna
1472 3691 1609 3751 nyttjat
1639 3693 1836 3753 suggestion
1876 3692 1935 3752 och

1198 3737 1317 3797 dylika
1346 3737 1512 3797 fenomen
1541 3740 1593 3800 som
1641 3740 1774 3800 motiv.
1789 3740 1945 3800 Enstaka

1197 3788 1332 3848 gánger
1367 3786 1435 3846 har
1470 3788 1537 3848 han
1577 3788 1664 3848 lâtit
1689 3790 1820 3850 sociala
1859 3789 1946 3849 syn¬

1198 3836 1348 3896 punkter
1373 3836 1449 3896 göra
1484 3838 1527 3898 sig
1557 3839 1721 3899 gällande
1746 3836 1798 3896 och
1828 3838 1837 3898 i
1853 3837 1939 3897 hans

1195 3883 1311 3943 senare
1346 3884 1559 3944 produktion
1599 3884 1642 3944 ha
1677 3884 1817 3944 judiska
1852 3887 1939 3947 pro-

1194 3931 1268 3991 blem
1323 3933 1461 3993 utgjort
1492 3934 1852 3994 huvudspörsmälet.

2187 246 2411 306 Ausschnitt
2437 252 2526 312 aus:

2227 523 2536 583 Stockholms
2575 528 2820 588 Tidningen

2284 685 2614 745 1

2266 1066 2504 1126 Arthur
2551 1079 2902 1139 Schnitzler

2513 1189 2658 1249 dod.

2538 2149 2642 2209 WIEN
2685 2154 2736 2214 den
2768 2157 2805 2217 21
2831 2160 2904 2220 okt.

2231 2196 2331 2256 (TT.)
2402 2199 2523 2259 Arthur
2553 2205 2729 2265 Schnitzler
2755 2211 2840 2271 avled
2876 2214 2931 2274 här

2185 2234 2231 2294 vid
2259 2238 2370 2298 7-tiden
2403 2244 2440 2304 på
2469 2247 2752 2307 onsdagsaftonen.
2794 2256 2840 2316 Då
2869 2257 2933 2317 för-

2185 2281 2316 2341 fattaren
2344 2285 2380 2345 på
2403 2290 2644 2350 eftermiddagen
2672 2297 2839 2357 ätervände
2858 2303 2926 2363 frän

2180 2325 2209 2385 en
2249 2329 2442 2389 promenad,
2469 2334 2641 2394 drabbades
2680 2339 2736 2399 han
2775 2344 2813 2404 av
2848 2346 2930 2406 slag¬

2185 2370 2285 2430 anfall
2319 2371 2371 2431 och
2410 2375 2491 2435 avled
2530 2381 2602 2441 utan
2641 2382 2688 2442 att
2718 2385 2756 2445 ha
2794 2387 2928 2447 äterfätt

2182 2414 2416 2474 medvetandet.

2227 2512 2324 2572 Wien,
2351 2519 2470 2579 Arthur
2496 2522 2693 2582 Schnitzlers
2719 2528 2926 2588 födelsestad,

2182 2555 2305 2615 beredde
2333 2559 2373 2619 sig
2406 2561 2451 2621 att
2475 2563 2529 2623 till
2552 2566 2639 2626 våren
2671 2569 2730 2629 fira
2763 2575 2923 2635 diktarens

2173 2598 2358 2658 70-årsdag.
2404 2604 2577 2664 Schnitzler
2604 2608 2658 2668 var
2686 2613 2749 2673 inte
2777 2614 2849 2674 bara
2882 2617 2913 2677 en

2177 2644 2273 2704 under
2322 2647 2485 2707 decennier
2517 2652 2648 2712 populär
2680 2655 2799 2715 diktare
2830 2659 2843 2719 i
2870 2661 2909 2721 sin

2172 2686 2326 2746 hemstad,
2353 2690 2408 2750 han
2439 2692 2515 2752 hade
2546 2696 2593 2756 som
2640 2697 2691 2757 väl
2714 2700 2803 2760 ingen
2838 2704 2915 2764 sam-

2176 2728 2233 2788 tida
2262 2731 2396 2791 förmätt
2420 2735 2515 2795 fänga
2550 2739 2611 2799 dess
2641 2742 2717 2802 själ.
2756 2746 2822 2806 Med
2856 2747 2908 2807 den

2171 2775 2435 2835 utomordentliga
2467 2782 2717 2842 internationella
2750 2789 2908 2849 framgäng

2166 2814 2245 2874 hans
2290 2819 2479 2879 dramatiska
2528 2826 2762 2886 författarskap
2815 2832 2912 2892 nådde

2170 2859 2254 2919 förde
2278 2860 2334 2920 han
2363 2865 2448 2925 också
2477 2865 2571 2925 donna
2595 2868 2679 2928 fläkt
2703 2871 2736 2931 av
2760 2874 2915 2934 förkrigs-

2164 2901 2254 2961 ärens
2291 2902 2373 2962 Wien
2410 2907 2441 2967 ut
2469 2907 2542 2967 över
2574 2913 2719 2973 världen.
2766 2917 2866 2977 Redan
2903 2922 2916 2982 i

2168 2945 2322 3005 "Alskog"
2350 2946 2364 3006 —
2411 2951 2467 3011 hur
2495 2952 2565 3012 hårt
2589 2956 2710 3016 klingar
2739 2961 2799 3021 inte
2828 2963 2911 3023 nam¬

2159 2989 2212 3049 net
2257 2991 2324 3051 mot
2373 2994 2543 3054 orginalets
2574 3000 2743 3060 "Licbelei”
2775 2998 2788 3058 —
2847 3006 2895 3066 som

2163 3032 2260 3092 första
2318 3035 2433 3095 gängen
2473 3039 2650 3099 uppfördes
2686 3043 2734 3103 för
2766 3047 2907 3107 närmare

2165 3074 2257 3134 fyrtio
2285 3075 2320 3135 år
2347 3080 2458 3140 sedan,
2476 3081 2556 3141 hade
2583 3083 2636 3143 han
2672 3088 2783 3148 fångat
2810 3091 2903 3151 denna

2166 3116 2290 3176 wienska
2320 3122 2473 3182 stämning
2503 3125 2536 3185 av
2566 3128 2711 3188 lättsinne
2741 3130 2790 3190 och
2820 3134 2907 3194 svär-

2163 3161 2242 3221 mod.
2287 3164 2394 3224 Genom
2456 3167 2522 3227 hela
2558 3170 2634 3230 hans
2670 3175 2900 3235 författarskap

2164 3206 2262 3266 ljuder
2289 3209 2388 3269 genom
2427 3209 2496 3269 ären
2531 3214 2625 3274 denna
2660 3216 2707 3276 ton
2738 3218 2789 3278 och
2824 3221 2901 3281 ännu

2154 3248 2167 3308 i
2194 3248 2273 3308 hans
2300 3248 2376 3308 sista
2407 3253 2589 3313 skâdespel,
2634 3256 2687 3316 det
2732 3263 2904 3323 intagande

2153 3286 2275 3346 stycket
2299 3289 2353 3349 "Im
2389 3292 2480 3352 Spiel
2503 3294 2553 3354 der
2576 3298 2803 3358 Sommerlüfte
2849 3304 2903 3364 hör

2154 3334 2216 3394 man
2256 3336 2305 3396 den
2341 3339 2416 3399 eka.
2461 3341 2522 3401 Den
2563 3344 2687 3404 klingar
2718 3350 2895 3410 visserligen

2154 3377 2209 3437 där
2240 3381 2451 3441 genomandad
2486 3383 2520 3443 av
2550 3386 2615 3446 fint
2645 3390 2765 3450 vemod,
2792 3394 2886 3454 liksom

2151 3421 2217 3481 hela
2249 3424 2377 3484 stycket
2404 3427 2523 3487 formar
2559 3431 2599 3491 sig
2635 3433 2687 3493 till
2719 3435 2762 3495 ett
2794 3436 2900 3496 farvül

2155 3463 2199 3523 till
2223 3465 2254 3525 en
2282 3468 2541 3528 diktargärning.
2582 3471 2645 3531 För
2673 3476 2741 3536 sista
2773 3482 2886 3542 gängen

2147 3507 2266 3567 skymta
2321 3510 2376 3570 där
2409 3514 2445 3574 pä
2478 3513 2550 3573 nytt
2583 3516 2656 3576 hans
2689 3522 2899 3582 älsklingsge-

2149 3552 2271 3612 stalter,
2317 3555 2399 3615 först
2427 3555 2476 3615 och
2509 3558 2568 3618 sist
2591 3559 2654 3619 Das
2682 3563 2764 3623 süsse
2801 3568 2901 3628 Mädl,

2155 3594 2359 3654 Wienflickan
2392 3600 2528 3660 framför
2556 3603 2611 3663 alla
2639 3606 2752 3666 andra.

2185 3648 2259 3708 Lika
2311 3651 2452 3711 nälvasst
2476 3654 2560 3714 klart
2584 3656 2635 3716 och
2668 3660 2748 3720 ändä
2781 3663 2893 3723 lyriskt

2146 3692 2249 3752 mjukt
2275 3693 2326 3753 som
2369 3695 2424 3755 han
2459 3697 2571 3757 fängat
2601 3699 2652 3759 den
2687 3702 2763 3762 unga
2798 3705 2892 3765 wien¬

2139 3734 2235 3794 skans
2256 3737 2373 3797 gestalt
2394 3740 2448 3800 har
2473 3740 2527 3800 han
2557 3743 2644 3803 ocksä
2670 3746 2795 3806 tecknat
2821 3749 2891 3809 wie-

2142 3776 2253 3836 naren,
2293 3779 2395 3839 finast
2422 3785 2684 3845 utkristalliserad
2719 3791 2731 3851 i
2758 3794 2887 3854 Anatol-

2138 3821 2249 3881 typen,
2272 3822 2325 3882 den
2361 3825 2440 3885 unge
2468 3830 2694 3890 livsnjutaren,
2717 3834 2882 3894 lättsinnig

2140 3863 2191 3923 och
2222 3866 2420 3926 melankolisk
2451 3869 2523 3929 även
2554 3872 2627 3932 han.
2670 3877 2769 3937 Kring
2800 3878 2881 3938 dessa

2140 3906 2187 3966 två
2218 3909 2445 3969 huvudfigurer
2467 3910 2479 3970 i
2501 3911 2574 3971 hans
2601 3915 2665 3975 rika
2695 3920 2875 3980 produktion

2139 3949 2277 4009 ständigt
2303 3952 2352 4012 och
2387 3954 2512 4014 levande
2546 3958 2723 4018 varierade,
2744 3964 2886 4024 gruppe¬

2139 3993 2188 4053 rar
2214 3993 2255 4053 sig
2289 3994 2330 4054 ett
2360 3997 2464 4057 myller
2493 3997 2530 4057 av
2560 4000 2689 4060 wienska
2723 4006 2885 4066 gestalter.

2139 4035 2307 4095 Schnitzler
2361 4037 2414 4097 var
2463 4040 2512 4100 son
2548 4042 2596 4102 till
2623 4044 2654 4104 en
2690 4048 2796 4108 läkare
2823 4049 2876 4109 och

2132 4075 2189 4135 slog
2221 4079 2305 4139 själv
2337 4079 2363 4139 in
2400 4083 2435 4143 pä
2466 4087 2658 4147 läkarbanan
2694 4090 2783 4150 innan
2815 4093 2872 4153 han

2131 4117 2198 4177 blev
2230 4123 2425 4183 författare;
2453 4125 2502 4185 det
2530 4127 2566 4187 är
2594 4128 2680 4188 alltsä
2717 4136 2875 4196 knappast

2135 4161 2328 4221 förvänande
2358 4167 2401 4227 att
2427 4168 2547 4228 läkaren
2582 4173 2711 4233 kommit
2738 4175 2784 4235 att
2806 4178 2879 4238 spe-

2133 4203 2155 4263 la
2182 4205 2212 4265 en
2244 4211 2483 4271 framträdande
2510 4214 2567 4274 roll
2585 4215 2598 4275 i
2621 4216 2696 4276 hans
2723 4221 2882 4281 diktning.

2155 4246 2317 4306 Lanlasar
2338 4257 2466 4317 Baunlan
