3248 4384
611 73 674 133 wer
702 75 751 135 von
786 76 849 136 uns
871 76 898 136 se
927 78 975 138 die
997 82 1130 142 tafsige,
1152 84 1376 144 schemge
1405 86 1517 146 Grazte
1539 88 1720 148 empnn

604 121 670 181 hat,
697 121 743 181 die
775 123 836 183 noch
873 124 981 184 immer
1013 126 1085 186 über
1117 127 1163 187 den
1205 129 1339 189 Straßen
1381 130 1438 190 und
1469 133 1593 193 Plätzen
1630 136 1723 196 dieser

603 165 716 225 Stadt,
753 166 825 226 über
867 169 919 229 den
966 172 1174 232 silbergrauen
1211 175 1334 235 Nadeln
1366 178 1448 238 ihrer
1481 179 1599 239 Türme
1642 180 1729 240 ruht,

603 211 679 271 über
726 213 808 273 ihren
860 216 1175 276 blauschimmernden
1232 222 1459 282 Hügelketten,
1501 226 1562 286 wer
1609 224 1717 284 Ahnen

603 258 661 318 und
698 258 957 318 Beschwingtheit
1000 264 1078 324 ihres
1116 267 1289 327 Frühlings
1338 271 1395 331 und
1443 270 1495 330 den
1544 272 1712 332 glühenden

605 306 831 366 Farbenrausch
863 309 947 369 ihres
979 311 1121 371 Herbstes
1153 314 1264 374 kennt,
1285 315 1380 375 weiß,
1407 318 1522 378 wieviel
1549 318 1717 378 unlösbare

602 351 709 411 Fäden
751 352 812 412 uns
843 353 904 413 mit
925 354 977 414 der
1003 358 1259 418 Vergangenheit
1296 363 1506 423 verknüpfen,
1543 363 1624 423 deren
1671 363 1717 423 be¬

600 396 745 456 rufenster
778 398 903 458 Mittler
936 401 989 461 uns
1023 407 1201 467 Arthur
1229 410 1483 470 Schnitzler
1511 410 1592 470 war.
1614 409 1722 469 Des¬

604 443 703 503 halb
733 446 868 506 ehren
905 449 986 509 wir
1010 449 1104 509 ihn.

694 509 774 569 Aber
807 509 834 569 es
867 510 904 570 ist
932 512 1012 572 mehr
1041 512 1089 572 als
1133 515 1181 575 der
1219 518 1305 578 sanft
1338 518 1533 578 betäubende
1572 520 1625 580 und
1674 521 1712 581 ein

595 554 692 614 wenig
725 557 855 617 modrige
883 558 986 618 Hauch
1014 560 1062 620 des
1090 561 1230 621 Gestern,
1252 563 1301 623 der
1323 566 1383 626 uns
1411 566 1464 626 aus
1492 566 1584 626 seinem
1622 566 1714 626 Werk

598 602 851 662 entgegenweht.
872 602 940 662 Das
973 606 1089 666 Leben,
1110 609 1141 669 an
1179 609 1231 669 das
1263 611 1321 671 wir
1348 611 1474 671 Jungen
1506 614 1564 674 uns
1596 614 1711 674 suchend

601 646 654 706 und
687 649 816 709 zögernd
849 651 1064 711 herantasten,
1086 655 1150 715 hier
1178 655 1280 715 pocht,
1302 658 1409 718 atmet,
1432 658 1544 718 fiebert
1572 659 1620 719 es,
1642 658 1717 718 viel¬

598 694 754 754 gestaltig,
783 694 852 754 reich
893 696 950 756 und
987 699 1073 759 heiß.
1114 700 1188 760 Sein
1224 703 1432 763 Geheimnis,
1467 706 1548 766 seine
1577 706 1715 766 seltsame

596 739 704 799 Süße,
731 741 807 801 seine
834 742 980 802 Schatten
1013 745 1121 805 rühren
1160 746 1218 806 uns
1246 748 1305 808 an,
1343 751 1457 811 immer
1484 752 1592 812 wieder
1620 754 1716 814 fesselt

602 783 656 843 uns
683 787 737 847 sein
764 789 861 849 Spiel
884 788 932 848 von
965 790 1045 850 Lüge
1068 793 1121 853 und
1154 794 1240 854 Leid,
1257 796 1311 856 von
1338 796 1429 856 Liebe
1452 797 1506 857 und
1539 799 1619 859 Tod.
1636 798 1716 858 Ver¬

587 832 717 892 borgene
746 834 859 894 Gänge
888 836 991 896 öffnen
1025 839 1099 899 sich,
1116 839 1212 899 Wege
1241 841 1263 901 in
1298 843 1497 903 unbekannte
1526 843 1628 903 Weite
1657 843 1702 903 tun

598 879 645 939 sich
675 879 751 939 auf.
781 881 858 941 Wie
888 881 935 941 nie
965 885 1065 945 sonst,
1089 885 1201 945 fühlten
1243 888 1313 948 wir,
1338 888 1420 948 wenn
1462 888 1515 948 wir
1545 891 1709 951 Schnitzler

592 924 688 984 lasen,
722 925 759 985 ein
792 927 1008 987 sehnsüchtiges
1035 930 1197 990 Brennen,
1219 933 1256 993 ein
1284 936 1413 996 dunkles
1447 936 1581 996 Fragen.
1598 936 1711 996 Unsere

591 971 703 1031 ersten,
731 972 833 1032 unsere
861 975 1094 1035 versunkensten
1127 978 1267 1038 Träume
1295 981 1419 1041 gehören
1457 981 1543 1041 diesem
1588 984 1711 1044 Magier

591 1017 644 1077 der
669 1019 771 1079 Seele.
790 1022 1006 1082 Deshalb
1031 1026 1181 1086 lieben
1212 1026 1295 1086 wir
1320 1028 1410 1088 ihn.

681 1082 746 1142 Nie
785 1084 890 1144 wurde
918 1083 950 1143 er
990 1086 1044 1146 von
1095 1088 1266 1148 wohlfeiler
1300 1091 1614 1151 Volkstümlichkeit,
1648 1091 1702 1151 von

589 1130 713 1190 billiger
742 1130 1040 1190 Massenzuneigung
1075 1136 1232 1196 getragen.
1261 1136 1305 1196 Um
1351 1139 1373 1199 so
1408 1139 1559 1199 einsamer
1588 1139 1650 1199 war
1679 1140 1706 1200 er

587 1175 613 1235 in
653 1177 746 1237 dieser
786 1180 984 1240 entgötterten
1023 1181 1083 1241 und
1117 1183 1277 1243 verstörten
1322 1186 1404 1246 Zeit.
1444 1187 1526 1247 Aber
1571 1185 1692 1245 trotzdem

587 1226 656 1286 ging
691 1225 719 1285 er
743 1225 834 1285 seinen
870 1226 944 1286 Weg
973 1226 1128 1286 unbeirrt,
1152 1229 1227 1289 ohne
1250 1230 1307 1290 das
1337 1232 1486 1292 geringste
1516 1234 1705 1294 Zugeständ¬

587 1268 656 1328 nis.
689 1269 812 1329 Gerade
856 1271 883 1331 in
932 1271 1029 1331 seinen
1078 1274 1170 1334 letzten
1208 1274 1358 1334 Werken,
1397 1278 1451 1338 dem
1500 1277 1618 1337 „Spiel
1656 1277 1704 1337 der

585 1315 838 1375 Sommerlüfte"
863 1318 921 1378 und
951 1318 997 1378 dem
1039 1321 1151 1381 „Gang
1175 1323 1228 1383 zum
1270 1324 1434 1384 Weiher",
1447 1321 1493 1381 die
1518 1324 1623 1384 erfüllt
1641 1324 1699 1384 sind

583 1360 640 1420 von
669 1363 877 1423 wehmütiger
907 1364 958 1424 und
994 1366 1201 1426 verzeihender
1231 1369 1328 1429 Güte,
1347 1371 1427 1431 zeigt
1451 1370 1502 1430 sich
1532 1372 1584 1432 sein
1619 1369 1705 1429 tiefes

589 1406 696 1466 Wissen
747 1409 786 1469 um
838 1409 910 1469 seine
945 1413 1114 1473 Sendung.
1154 1414 1221 1474 Und
1267 1415 1318 1475 die
1358 1417 1504 1477 schönsten
1556 1417 1612 1477 und
1658 1417 1708 1477 er¬

586 1456 782 1516 greifendsten
823 1459 938 1519 Stellen
974 1459 1065 1519 dieses
1101 1462 1193 1522 seines
1228 1464 1401 1524 Abschiedes
1437 1464 1500 1524 sind
1541 1463 1586 1523 an
1633 1463 1702 1523 die

579 1503 767 1563 Jugend
798 1503 956 1563 gerichtet.
975 1504 1045 1564 Das
1082 1509 1182 1569 wollen
1218 1509 1270 1569 wir
1300 1509 1382 1569 nicht
1407 1509 1571 1569 vergessen.

673 1567 720 1627 In
750 1566 837 1626 einer
862 1569 996 1629 Epoche,
1033 1566 1055 1626 in
1103 1569 1156 1629 der
1187 1572 1345 1632 Flachheit
1387 1573 1445 1633 und
1487 1575 1698 1635 betriebsamer

581 1613 667 1673 Lärm
708 1614 759 1674 des
794 1617 891 1677 Tages
927 1617 1093 1677 herrschen,
1123 1617 1174 1677 hat
1198 1617 1226 1677 er
1255 1618 1318 1678 uns
1348 1620 1387 1680 ein
1428 1620 1532 1680 großes
1567 1620 1699 1680 Beispiel

586 1660 726 1720 gegeben,
749 1661 833 1721 durch
863 1663 936 1723 seine
965 1662 1151 1722 unbedingte
1174 1665 1320 1725 Hingabe
1344 1667 1377 1727 an
1411 1668 1456 1728 die
1480 1668 1592 1728 Kunst,
1615 1668 1694 1728 durch

587 1705 673 1765 seinen
711 1707 841 1767 heiligen
874 1707 986 1767 Ernst,
1014 1710 1100 1770 durch
1133 1710 1181 1770 den
1220 1714 1463 1774 unantastbaren
1502 1713 1577 1773 Adel
1604 1715 1701 1775 seiner

579 1752 779 1812 Gesinnung.
815 1754 1004 1814 Gegenüber
1046 1756 1128 1816 frisch
1165 1757 1323 1817 fröhlicher
1353 1760 1595 1820 Geschäftigkeit
1637 1759 1695 1819 und

579 1799 725 1859 mutloser
748 1801 1155 1861 Kompromißbereitschaft
1178 1805 1234 1865 hat
1257 1805 1284 1865 er
1308 1805 1369 1865 uns
1398 1805 1448 1865 den
1477 1806 1550 1866 Weg
1579 1808 1697 1868 wahrer

577 1847 732 1907 Dichtung
766 1847 943 1907 gewiesen:
977 1852 1106 1912 Immer
1145 1853 1257 1913 wieder
1301 1851 1361 1911 das
1404 1853 1490 1913 weite
1518 1853 1604 1913 Land
1648 1853 1701 1913 der

575 1891 666 1951 Seele
699 1894 725 1954 zu
764 1895 1022 1955 durchwandern,
1061 1898 1141 1958 ihrem
1191 1898 1341 1958 Dunkel,
1374 1901 1455 1961 ihren
1504 1900 1698 1960 verlorenen,

574 1939 844 1999 umdämmerten,
882 1943 1054 2003 abwegigen
1093 1944 1254 2004 Gegenden
1303 1947 1357 2007 das
1390 1945 1578 2005 gestaltende
1606 1945 1697 2005 Wort

574 1987 688 2047 werden
721 1987 748 2047 zu
781 1987 894 2047 lassen,
917 1988 1025 2048 immer
1058 1989 1096 2049 ein
1134 1991 1313 2051 Suchender
1341 1993 1367 2053 zu
1401 1993 1482 2053 sein,
1504 1993 1541 2053 ein
1575 1993 1694 2053 Diener

576 2035 797 2095 schöpferischer
847 2036 1038 2096 Sehnsucht.
1106 2041 1322 2101 Deshalb
1390 2044 1556 2104 gehört
1606 2041 1679 2101 ihm

571 2083 739 2143 unsere
766 2086 1111 2146 Gefolgschaft.

668 2137 790 2197 Arthur
815 2140 987 2200 Schnitzler
1025 2140 1067 2200 ist
1105 2143 1184 2203 nicht
1222 2143 1326 2203 mehr.
1364 2143 1443 2203 Aber
1475 2145 1518 2205 die
1549 2146 1690 2206 Flamme

577 2184 671 2244 seines
713 2184 842 2244 Werkes
890 2187 1019 2247 leuchtet
1055 2187 1107 2247 vor
1150 2189 1232 2249 uns,
1262 2190 1367 2250 Nacht
1409 2190 1467 2250 und
1509 2192 1679 2252 Schweigen

570 2232 750 2292 besiegend.

670 2295 726 2355 Sie
755 2295 834 2355 wird
863 2298 912 2358 nie
942 2300 1105 2360 erlöschen.

1325 2349 1480 2409 Georg
1518 2352 1654 2412 Beer.

805 2477 954 2537 Dank
1017 2477 1076 2537 an
1139 2479 1470 2539 Schnitzler.

661 2558 783 2618 Gerade
821 2558 894 2618 weil
914 2561 1079 2621 Schnitzler
1104 2561 1134 2621 so
1160 2562 1221 2622 mit
1240 2561 1313 2621 allen
1345 2564 1461 2624 Fasern
1493 2564 1584 2624 seiner
1610 2563 1689 2623 Per¬

560 2607 744 2667 sönlichkeit
779 2605 802 2665 im
855 2608 1103 2668 österreichischen
1145 2608 1248 2668 Boden
1289 2610 1433 2670 wurzelt,
1463 2608 1572 2668 gerade
1613 2608 1688 2668 weil

558 2653 592 2713 er
622 2653 650 2713 so
685 2656 840 2716 organisch
887 2655 938 2715 der
979 2656 1227 2716 österreichischen
1268 2659 1458 2719 Landschaft
1499 2659 1677 2719 entwachsen

563 2701 616 2761 ist,
640 2701 740 2761 bleibt
770 2701 828 2761 uns
864 2701 916 2761 sein
953 2701 1040 2761 jähes
1076 2701 1211 2761 Ableben
1247 2704 1377 2764 doppelt
1401 2704 1577 2764 unfaßbar.
1613 2704 1683 2764 Un¬

561 2746 694 2806 faßbar,
717 2746 792 2806 weil
822 2749 919 2809 dieser
949 2749 1075 2809 Dichter
1111 2750 1174 2810 eine
1210 2755 1319 2815 große,
1349 2755 1533 2815 glanzreiche
1569 2752 1683 2812 Epoche

556 2794 810 2854 österreichischen
873 2796 1110 2856 Geisteslebens
1167 2797 1421 2857 repräsentiert;

1471 2800 1547 2860 weil
1603 2800 1680 2860 seine

556 2841 771 2901 Dichtungen,
800 2841 896 2901 dieses
936 2844 1123 2904 wunderbar
1169 2847 1372 2907 gegliederte,
1401 2847 1679 2907 weltanschauliche

559 2888 785 2948 Lebenswerk,
839 2889 986 2949 gleichsam
1055 2892 1340 2952 formgewordenes
1388 2895 1662 2955 Oesterreichertum

559 2934 643 2994 sind.
666 2937 852 2997 Schnitzlers
881 2937 1135 2997 Menschenwelt,
1159 2939 1231 2999 diese
1260 2941 1458 3001 meisterhaft
1481 2943 1684 3003 modellierte,

560 2981 653 3041 bunte
676 2985 942 3045 Gestaltenfülle,
976 2985 1014 3045 sie
1054 2985 1097 3045 ist
1132 2985 1192 3045 nur
1226 2988 1280 3048 aus
1315 2988 1364 3048 der
1392 2991 1536 3051 geistigen
1570 2989 1686 3049 Atmo¬

563 3029 670 3089 sphäre
698 3029 751 3089 des
784 3031 1114 3091 Donaudeutschtums
1147 3035 1260 3095 heraus
1293 3035 1514 3095 verständlich,
1542 3038 1595 3098 aus
1629 3037 1682 3097 der

558 3077 918 3137 linienschöngeformten
986 3077 1046 3137 und
1114 3081 1308 3141 gebuchteten
1375 3083 1563 3143 Landschaft
1625 3083 1675 3143 des

552 3123 708 3183 deutschen
741 3125 892 3185 Südens,
931 3125 979 3185 die
1018 3127 1087 3187 auch
1131 3130 1347 3190 Grillparzer,
1380 3128 1488 3188 Lenau
1532 3129 1590 3189 und
1634 3130 1677 3190 die

560 3172 864 3232 Ebner=Eschenbach
893 3173 1057 3233 inspiriert
1085 3176 1152 3236 hat.
1170 3177 1356 3237 Oesterreich
1391 3178 1474 3238 heißt
1498 3178 1542 3238 die
1571 3176 1677 3236 natür¬

558 3218 625 3278 liche
654 3220 783 3280 Bühne,
818 3221 873 3281 auf
908 3221 964 3281 der
987 3223 1111 3283 Arthur
1140 3224 1321 3284 Schnitzlers
1355 3224 1507 3284 Gestalten
1553 3227 1676 3287 umher¬

557 3268 647 3328 gehen
681 3268 739 3328 und
771 3267 915 3327 agieren.

646 3326 706 3386 Von
740 3330 833 3390 seinen
866 3334 1041 3394 zahlreichen
1075 3335 1206 3395 Werken
1240 3337 1294 3397 hat
1322 3337 1377 3397 auf
1399 3337 1470 3397 mich
1498 3340 1608 3400 immer
1636 3338 1684 3398 der

556 3379 816 3439 Anatol=Zyklus
851 3379 901 3439 den
942 3381 1066 3441 größten
1101 3381 1253 3441 Eindruck
1288 3385 1445 3445 gemacht.
1469 3387 1559 3447 Diese
1588 3384 1683 3444 Dich¬

555 3423 630 3483 tung
658 3426 695 3486 ist
718 3426 755 3486 ein
788 3426 1020 3486 entzückendes,
1043 3427 1232 3487 hauchzartes
1260 3430 1486 3490 Luftgespenst,
1509 3433 1557 3493 von
1585 3433 1665 3493 einem

553 3468 677 3528 Anflug
707 3471 762 3531 von
797 3471 995 3531 Schwermut
1023 3472 1080 3532 und
1114 3476 1323 3536 Melancholie
1352 3476 1437 3536 leicht
1466 3477 1680 3537 überschattet.

652 3534 787 3594 Größere
816 3535 861 3595 als
890 3536 946 3596 ich,
969 3537 1201 3597 weltberühmte
1230 3542 1467 3602 Schriftsteller,
1491 3543 1541 3603 wie
1570 3543 1671 3603 Wild¬

551 3582 655 3642 gans,
678 3582 799 3642 Werfel
828 3583 882 3643 und
916 3584 1027 3644 Stefan
1060 3588 1187 3648 Zweig,
1210 3588 1304 3648 haben
1337 3591 1364 3651 in
1398 3588 1492 3648 diesen
1526 3591 1669 3651 Blättern

551 3627 675 3687 Arthur
704 3629 896 3689 Schnitzlers
925 3633 1111 3693 Verdienste
1141 3636 1333 3696 gewürdigt.
1373 3636 1514 3696 Trotzdem
1566 3639 1673 3699 glaube

553 3674 624 3734 auch
653 3678 708 3738 ich,
736 3678 774 3738 ein
808 3679 1041 3739 unbekannter,
1063 3682 1173 3742 junger
1202 3684 1412 3744 Hochschüler,
1435 3684 1490 3744 das
1523 3687 1617 3747 Recht
1640 3689 1667 3749 zu

558 3721 670 3781 haben,
688 3722 732 3782 ihm
778 3723 851 3783 diese
874 3725 976 3785 Worte
1000 3725 1050 3785 ins
1073 3730 1157 3790 Grab
1186 3731 1214 3791 zu
1243 3731 1367 3791 senden.
1390 3734 1463 3794 Eine
1487 3735 1599 3795 Pflicht
1622 3733 1672 3793 der

561 3767 776 3827 Dankbarkeit
815 3770 988 3830 gegenüber
1026 3773 1106 3833 einem
1162 3778 1285 3838 Mann,
1318 3779 1366 3839 der
1405 3778 1572 3838 Millionen
1616 3782 1664 3842 von

557 3812 709 3872 Menschen
742 3815 933 3875 genußreiche
960 3818 1100 3878 Stunden
1132 3822 1285 3882 geschenkt
1311 3826 1381 3886 hat.

1268 3905 1396 3965 Felix
1431 3905 1627 3965 Straub.

1773 109 1876 169 kriege
1906 109 2024 169 bestand
2055 112 2113 172 und
2144 114 2202 174 aus
2240 115 2283 175 dem

2413 119 2437 179 a
2676 124 2708 184 de
2750 127 2806 187 Tan

1772 156 1896 216 gefallen
1933 152 1943 212 —
2001 155 2047 215 die
2073 160 2193 220 heutige
2224 162 2322 222 Stadt
2349 165 2504 225 erwuchs.

1866 198 1930 258 Und
1963 201 1990 261 in
2023 202 2077 262 der
2105 204 2197 264 Folge
2230 207 2365 267 erfährst
2387 210 2425 270 du
2459 213 2534 273 dann
2567 216 2713 276 alles,
2735 216 2800 276 was
2833 218 2892 278 mit

1777 240 1856 300 Wien
1900 246 1926 306 im
1975 249 2253 309 Zusammenhang
2291 255 2382 315 steht.

1860 293 1961 353 Alles,
1987 296 2052 356 was
2083 297 2332 357 sehenswürdig,
2358 303 2424 363 was
2460 306 2511 366 der
2537 306 2669 366 Fremde
2700 310 2811 370 immer
2837 310 2887 370 be¬

1778 338 1889 398 sichtigt
1921 342 1979 402 und
2012 342 2065 402 der
2092 345 2315 405 Einheimische
2348 351 2491 411 meistens
2523 351 2603 411 nicht
2636 354 2746 414 kennt,
2774 357 2805 417 ist

1777 385 1929 445 säuberlich
1961 390 2129 450 angeführt
2156 392 2214 452 und
2246 394 2298 454 mit
2325 397 2509 457 mehrfachen
2541 401 2699 461 Sternchen
2731 405 2889 465 versehen.

1860 432 1917 492 Ein
1955 436 2218 496 Uebersichtsplan
2256 440 2345 500 sowie
2377 444 2477 504 einige
2509 445 2620 505 Karten
2657 446 2683 506 im
2731 451 2810 511 Text
2837 450 2884 510 er¬

1767 480 1859 540 höhen
1903 479 1945 539 die
1979 483 2255 543 Vollständigkeit
2283 488 2385 548 deiner
2424 491 2575 551 Kenntnis
2619 494 2667 554 von
2706 496 2813 556 Wien.

1860 526 1924 586 Von
1963 530 2137 590 Wien..?

1861 572 1972 632 Nein!
1997 578 2139 638 Nein!!
2163 579 2333 639 Nein!!!

1859 619 1949 679 Denn
1982 619 2039 679 das
2071 622 2129 682 sind
2167 625 2225 685 nur
2258 625 2373 685 Namen
2417 628 2474 688 und
2507 630 2644 690 Zahlen.

1853 664 1894 724 Es
1924 667 1989 727 gibt
2019 668 2083 728 noch
2114 670 2154 730 ein
2191 673 2320 733 anderes
2350 674 2438 734 Wien
2481 677 2521 737 als
2558 679 2646 739 dieses
2682 684 2870 744 systematisch

1760 712 1898 772 erfaßte,

1858 757 1893 817 ein
1923 760 2034 820 Wien,
2053 763 2105 823 das
2135 763 2182 823 sich
2212 763 2288 823 nicht
2306 767 2388 827 jedem
2424 772 2535 832 öffnet,
2560 772 2606 832 der
2630 775 2688 835 hier
2713 775 2871 835 polizeilich

1768 803 1927 863 gemeldet,
1961 808 2082 868 sondern
2127 810 2193 870 bloß
2233 813 2315 873 dem,
2349 816 2398 876 der
2443 820 2470 880 zu
2516 820 2631 880 schauen
2681 822 2737 882 und
2776 823 2875 883 fühlen

1762 849 1915 909 versteht!

1853 897 1870 957 O
1914 897 2017 957 Leser,

1851 945 1921 1005 falls
1952 945 1986 1005 du
2022 947 2098 1007 nicht
2129 948 2175 1008 als
2205 951 2464 1011 Weichensteller,
2488 960 2871 1020 Untersuchungshäftling

1756 987 1827 1047 oder
1855 990 2136 1050 Schalterbeamter
2164 996 2197 1056 an
2225 998 2402 1058 chronischem
2447 1002 2645 1062 Zeitmangel
2668 1008 2772 1068 leidest

1848 1035 1915 1095 oder
1944 1036 2006 1096 dein
2041 1041 2165 1101 Asthma
2201 1043 2290 1103 daran
2326 1044 2381 1104 dich
2422 1047 2557 1107 hindert,

1854 1082 1927 1142 dann
1962 1085 2063 1145 ersteig
2092 1087 2170 1147 eines
2199 1088 2363 1148 beliebigen
2392 1094 2595 1154 Vormittags
2624 1097 2646 1157 im
2686 1097 2798 1157 Herbst
2822 1100 2866 1160 des

1754 1127 1972 1187 Kahlenbergs
2002 1131 2110 1191 Gipfel
2134 1133 2191 1193 und
2220 1136 2289 1196 blick
2324 1139 2410 1199 hinab
2445 1141 2496 1201 auf
2526 1142 2571 1202 den
2606 1145 2790 1205 Dunstkreis
2819 1148 2871 1208 der

1754 1172 1857 1232 Stadt

1851 1223 1915 1283 fahr
1939 1223 2056 1283 hinaus
2081 1226 2145 1286 nach
2175 1229 2375 1289 Schönbrunn
2411 1232 2469 1292 und
2493 1235 2617 1295 wandle
2641 1236 2722 1296 durch
2747 1238 2869 1298 Taxus¬

1756 1266 1873 1326 hechen,
1902 1268 1964 1328 die,
1998 1271 2195 1331 schnurgerad
2235 1276 2438 1336 geschnitten,
2472 1280 2500 1340 so
2529 1281 2658 1341 vornehm
2704 1285 2782 1345 sind,
2822 1286 2867 1346 als

1751 1310 1870 1370 wollten
1904 1314 1944 1374 sie
1971 1316 2083 1376 sagen:
2124 1319 2177 1379 sieh
2218 1322 2303 1382 her!
2338 1324 2397 1384 hier
2432 1327 2531 1387 wurde
2565 1330 2704 1390 Europas
2738 1330 2864 1390 Geschick

1757 1359 1828 1419 einst
1864 1361 2019 1421 bestimmt

1847 1406 1917 1466 oder
1943 1408 2000 1468 such
2033 1409 2076 1469 dir
2103 1409 2128 1469 im
2167 1411 2282 1471 Prater
2308 1414 2346 1474 ein
2378 1417 2531 1477 Plätzchen
2564 1422 2691 1482 zwischen
2724 1423 2870 1483 hundert¬

1753 1453 1885 1513 jährigen
1921 1453 2077 1513 Bäumen,
2101 1456 2222 1516 schließe
2246 1460 2292 1520 die
2316 1462 2419 1522 Augen
2455 1465 2512 1525 und
2542 1466 2622 1526 atme
2646 1467 2692 1527 die
2716 1468 2791 1528 Luft
2814 1471 2866 1531 von

1744 1494 1854 1554 Wien,
1883 1500 1929 1560 die
1959 1500 2039 1560 einen
2080 1503 2161 1563 ganz
2196 1503 2317 1563 eigenen
2347 1509 2433 1569 Duft
2463 1510 2532 1570 hat,
2561 1513 2618 1573 wie
2642 1515 2775 1575 Veilchen
2822 1515 2850 1575 im

1749 1545 1839 1605 März
1867 1547 1935 1607 oder
1970 1545 2020 1605 wie
2055 1548 2105 1608 das
2140 1551 2230 1611 Haar
2259 1551 2309 1611 der
2339 1554 2491 1614 Geliebten

1843 1593 2099 1653 Möglicherweise
2140 1594 2227 1654 wirst
2248 1596 2288 1656 du
2322 1598 2397 1658 dann
2445 1605 2579 1665 plötzlich
2620 1605 2646 1665 zu
2681 1606 2781 1666 fühlen
2816 1608 2862 1668 be¬

1750 1638 1874 1698 ginnen,
1904 1639 1954 1699 daß
1989 1641 2108 1701 Namen
2149 1641 2205 1701 und
2240 1647 2353 1707 Zahlen

1835 1686 1963 1746 Wien
1996 1689 2072 1749 nicht
2099 1691 2265 1751 erschöpfen
2291 1698 2374 1758 ...

2497 1698 2621 1758 Paul
2646 1699 2826 1759 Kriser.

1795 1833 2046 1893 Abschied
2110 1838 2204 1898 von
2268 1841 2500 1901 unserem
2575 1847 2826 1907 Dichter.

1847 1906 2035 1966 Verregnete
2061 1910 2255 1970 Augusttage
2288 1913 2312 1973 im
2357 1915 2476 1975 reizend
2508 1916 2665 1976 gelegenen
2697 1919 2860 1979 Städtchen

1754 1950 1936 2010 Gmunden.
1958 1954 2024 2014 Auf
2047 1954 2096 2014 der
2125 1957 2379 2017 Kurpromenade
2408 1962 2440 2022 ist
2463 1963 2490 2023 es
2524 1963 2584 2023 trüb
2618 1963 2673 2023 und
2701 1964 2773 2024 kalt
2807 1965 2861 2025 und

1754 1995 1850 2055 einsam
1905 1999 1963 2059 und
2002 2002 2066 2062 man
2110 2002 2179 2062 hört
2218 2004 2276 2064 nur
2310 2006 2368 2066 das
2407 2009 2568 2069 monotone
2606 2013 2757 2073 Rauschen
2801 2012 2859 2072 und

1757 2044 1895 2104 Glucksen
1931 2046 1982 2106 des
2012 2047 2180 2107 unruhigen
2227 2050 2325 2110 Sees.
2360 2054 2436 2114 Doch
2471 2057 2551 2117 einer
2581 2059 2650 2119 geht
2674 2058 2749 2118 trotz
2773 2059 2865 2119 Wind

1752 2089 1809 2149 und
1836 2092 1952 2152 Wetter
1973 2095 2210 2155 unbehümmert
2232 2098 2263 2158 um
2306 2099 2400 2159 Sturm
2443 2101 2501 2161 und
2528 2104 2648 2164 Regen,
2665 2104 2706 2164 den
2733 2105 2864 2165 Wetter¬

1752 2137 1870 2197 mantel
1888 2139 1950 2199 nur
1973 2140 2029 2200 lose
2053 2143 2296 2203 übergeworfen,
2319 2148 2466 2208 spazieren
2495 2149 2506 2209 —
2558 2151 2676 2211 Arthur
2694 2152 2869 2212 Schnitzler.

1842 2193 1882 2253 Er
1911 2196 2067 2256 sammelte
2096 2196 2119 2256 in
2154 2196 2205 2256 der
2235 2199 2488 2259 Sommerfrische
2518 2205 2627 2265 immer
2656 2206 2731 2266 einen
2772 2206 2858 2266 Kreis

1751 2241 1857 2301 junger
1887 2242 2033 2302 Menschen
2064 2242 2098 2302 um
2140 2244 2204 2304 sich,
2223 2246 2275 2306 ließ
2311 2247 2363 2307 uns
2394 2247 2487 2307 junge
2506 2251 2599 2311 Leute
2623 2253 2699 2313 seine
2724 2253 2864 2313 Freund¬

1753 2283 1839 2343 schaft
1857 2286 1960 2346 fühlen
1995 2288 2047 2348 und
2089 2290 2203 2350 erwarb
2244 2292 2296 2352 sich
2337 2292 2360 2352 im
2413 2295 2464 2355 Nu
2493 2296 2539 2356 die
2563 2297 2684 2357 unsere.
2702 2298 2747 2358 Er
2771 2299 2845 2359 nahm

1749 2329 1856 2389 Anteil
1880 2332 1907 2392 an
1942 2334 2060 2394 unserem
2100 2334 2213 2394 Leben,
2231 2338 2326 2398 führte
2355 2339 2411 2399 mit
2434 2340 2490 2400 uns
2519 2342 2575 2402 und
2604 2345 2683 2405 hatte
2706 2344 2756 2404 für
2780 2346 2858 2406 jeden

1749 2373 1824 2433 einen
1857 2377 1921 2437 Rat
1943 2378 2002 2438 und
2029 2380 2066 2440 ein
2094 2381 2202 2441 gutes,
2219 2381 2267 2441 von
2300 2384 2407 2444 Herzen
2440 2387 2634 2447 kommendes
2662 2390 2764 2450 Wort.
2781 2391 2861 2451 Tage

1743 2420 1861 2480 wurden
1895 2424 1927 2484 zu
1960 2423 2122 2483 Stunden,
2145 2426 2291 2486 Stunden
2324 2431 2351 2491 zu
2384 2430 2525 2490 Minuten
2558 2430 2574 2490 —
2628 2434 2656 2494 so
2683 2436 2758 2496 rasch
2797 2435 2861 2495 ver¬

1743 2469 1811 2529 ging
1847 2468 1892 2528 die
1916 2468 2002 2528 Zeit.
2026 2468 2066 2528 Am
2113 2471 2291 2531 Vormittag
2332 2474 2418 2534 eines
2459 2478 2510 2538 der
2540 2477 2632 2537 letzten
2667 2480 2857 2540 Augusttage

1747 2511 1822 2571 nahm
1865 2514 1897 2574 er
1925 2515 2060 2575 Abschied
2093 2516 2146 2576 von
2179 2519 2238 2579 uns
2271 2520 2330 2580 und
2363 2522 2460 2582 seinem
2504 2525 2649 2585 geliebten
2683 2528 2860 2588 Gmunden,

1743 2556 1803 2616 und
1831 2561 1935 2621 keiner
1969 2563 2079 2623 ahnte,
2114 2564 2168 2624 daß
2207 2564 2240 2624 er
2274 2567 2367 2627 seinen
2412 2568 2506 2628 letzten
2540 2573 2683 2633 Sommer
2705 2572 2771 2632 hier
2794 2572 2860 2632 ver¬

1740 2605 1842 2665 bracht
1865 2605 1921 2665 und
1950 2608 2006 2668 uns
2036 2608 2086 2668 zum
2126 2608 2296 2668 letztenmal
2320 2612 2365 2672 die
2388 2614 2478 2674 Hand
2507 2617 2649 2677 gedrückt
2672 2617 2768 2677 hatte.
2786 2618 2859 2678 Erst

1746 2653 1787 2713 als
1817 2653 1875 2713 wir
1900 2653 1952 2713 von
1982 2655 2076 2715 seinem
2123 2656 2205 2716 Tode
2230 2658 2330 2718 lasen,
2348 2660 2418 2720 stieg
2448 2659 2495 2719 die
2519 2664 2760 2724 Abschiedsszene
2802 2665 2854 2725 vor

1741 2695 1825 2755 unser
1859 2700 1996 2760 geistiges
2036 2701 2126 2761 Auge
2166 2704 2225 2764 und
2265 2704 2323 2764 wir
2363 2709 2480 2769 fühlten
2514 2710 2585 2770 noch
2612 2710 2729 2770 einmal
2756 2710 2847 2770 seinen

1740 2743 1964 2803 Händedruck.

1835 2788 1902 2848 Wir
1926 2791 2041 2851 jungen
2072 2794 2223 2854 Menschen
2263 2797 2346 2857 haben
2385 2797 2462 2857 einen
2501 2800 2606 2860 geoßen
2646 2803 2775 2863 Verlust
2807 2801 2851 2861 er¬

1742 2835 1848 2895 litten,
1866 2837 1936 2897 denn
1960 2838 2018 2898 wir
2037 2838 2130 2898 haben
2161 2841 2242 2901 einen
2267 2844 2390 2904 Freund
2414 2846 2566 2906 verleren.

2454 2904 2801 2964 Hanspurges.

1827 3015 1893 3075 Zu
1943 3017 2167 3077 Arthur
2227 3023 2557 3083 Schnitzlers
2617 3027 2762 3087 Tod.

1916 3086 1970 3146 Ein
2002 3089 2112 3149 großer
2139 3089 2261 3149 Dichter
2287 3092 2323 3152 ist
2349 3095 2428 3155 nicht
2453 3097 2533 3157 mehr

1913 3136 2114 3196 Sonnenlicht
2143 3137 2178 3197 ist
2207 3140 2414 3200 ausgelöscht.

1909 3184 2075 3244 Angstvoll
2099 3185 2200 3245 fragen
2230 3185 2278 3245 die
2302 3188 2491 3248 Menschen:

1911 3227 1988 3287 Was
2015 3230 2118 3290 wurde
2145 3230 2196 3290 uns
2228 3233 2445 3293 genommen?

1910 3295 2149 3355 Menschenseele
2175 3295 2244 3355 fand
2276 3297 2338 3357 ihre
2370 3301 2527 3361 Freiheit,

1913 3338 1989 3398 Ging
2018 3341 2057 3401 ein
2091 3342 2134 3402 ins
2168 3343 2251 3403 Reich
2280 3346 2329 3406 des
2358 3348 2457 3408 reinen
2491 3349 2624 3409 Geistes.

1907 3385 1969 3445 Auf
1993 3388 2089 3448 Erden
2118 3391 2209 3451 stehen
2244 3391 2300 3451 wir
2324 3394 2489 3454 verlassen,

1912 3436 1995 3496 Irren
2035 3436 2180 3496 mutlosen
2215 3438 2338 3498 Blicks.

1919 3481 1969 3541 Zum
2010 3483 2135 3543 Führer
2158 3483 2256 3543 warst
2279 3483 2312 3543 du
2342 3486 2484 3546 ersehen,

1906 3525 1979 3585 Dein
2013 3528 2075 3588 war
2104 3528 2154 3588 das
2183 3531 2256 3591 hohe
2279 3533 2527 3593 Gotteszeichen,

1903 3573 1963 3633 Die
1991 3576 2146 3636 Allmacht
2169 3578 2268 3638 Kunst
2290 3579 2356 3639 war
2379 3581 2428 3641 dir
2457 3585 2484 3645 zu
2512 3585 2617 3645 eigen,

1903 3621 1968 3681 Und
1995 3621 2070 3681 viele
2098 3624 2244 3684 lauschten
2277 3625 2374 3685 deinem
2418 3628 2525 3688 Wort.
2542 3627 2552 3687 -

1907 3666 1946 3726 Du
1981 3669 2122 3729 streutest
2146 3671 2236 3731 Saat
2260 3672 2288 3732 in
2317 3675 2430 3735 großen
2465 3678 2595 3738 Mengen

1902 3715 1967 3775 Und
2001 3716 2128 3776 durftest
2151 3718 2300 3778 Weniges
2334 3719 2389 3779 nur
2417 3722 2538 3782 ernten.

1912 3761 1962 3821 Die
1985 3764 2099 3824 Frucht
2122 3764 2246 3824 verdarb
2276 3766 2297 3826 im
2332 3767 2462 3827 Schnitt
2486 3770 2536 3830 der
2559 3773 2643 3833 Zeit.

1907 3806 1983 3866 Doch
2012 3809 2079 3869 was
2113 3811 2145 3871 du
2185 3811 2246 3871 auch
2286 3814 2402 3874 gelitten
2442 3817 2519 3877 hast,

1908 3854 1950 3914 Du
1982 3854 2099 3914 lebtest,
2118 3857 2210 3917 littest
2230 3860 2284 3920 wie
2310 3860 2352 3920 ein
2377 3862 2501 3922 Mensch

2587 3928 2666 3988 Ina
2704 3927 2784 3987 Pk.
