3392 4352
129 282 258 342 12.
309 282 910 342 Schnitzler's
972 282 1201 342 Death

1419 278 1543 338 box
1619 284 1810 344 44/2

339 1750 419 1810 nicht
448 1753 520 1813 getan
558 1755 621 1815 hat,
650 1756 685 1816 ist
704 1756 730 1816 er
750 1756 804 1816 für
833 1756 868 1816 die
896 1759 1124 1819 Allgemeinheit
1153 1762 1206 1822 nich

1256 1753 1309 1813 vom
1355 1753 1554 1813 Heimatblock
1586 1756 1723 1816 unterzog
1762 1759 1807 1819 die
1839 1762 2007 1822 bisherzige
2046 1762 2090 1822 Wi

327 1799 407 1859 mehr
443 1801 499 1861 und
530 1804 605 1864 nicht
631 1804 758 1864 weniger
794 1804 834 1864 als
871 1806 946 1866 einer
977 1807 1027 1867 der
1058 1810 1215 1870 gedanken¬

1249 1801 1336 1861 schaft
1357 1801 1434 1861 einer
1455 1804 1692 1864 schonungslosen
1724 1806 1831 1866 Kritik.
1848 1807 1883 1867 Er
1910 1809 2007 1869 wurde
2033 1810 2079 1870 häu

1249 1849 1328 1909 durch
1390 1852 1601 1912 Zwischenrufe
1662 1855 1884 1915 unterbrochen.
1940 1858 2096 1918 Gutsbesit

333 1849 441 1909 tiefsten
474 1852 527 1912 und
555 1855 841 1915 federgewandtesten
864 1858 977 1918 Dichter
1005 1858 1047 1918 des
1075 1861 1210 1921 jüngeren

330 1899 550 1959 Deutschlands
586 1904 755 1964 geworden.

1249 1898 1404 1958 Weller
1430 1900 1571 1960 erklärte,
1587 1902 1642 1962 wir
1667 1903 1778 1963 werden
1809 1904 1854 1964 die
1880 1906 1995 1966 Abgabe
2021 1909 2091 1969 and

1245 1947 1595 2007 Milchausgleichsfonds
1637 1950 1714 2010 nicht
1751 1952 1869 2012 leisten,
1901 1953 1972 2013 weil
2009 1956 2060 2016 wir

375 1950 519 2010 Thomas
558 1952 658 2012 Mann
703 1953 769 2013 sagt
809 1956 881 2016 über
920 1957 991 2017 ihn:
1037 1959 1203 2019 „Vollende

1245 1993 1324 2053 nicht
1346 1997 1440 2057 zahlen
1472 1995 1598 2055 können.
1615 1998 1678 2058 Wir
1705 2001 1820 2061 fordern
1852 2001 1894 2061 die
1916 2002 2079 2062 soforti

327 2001 553 2061 österreichisch,
571 2001 604 2061 ist
627 2001 655 2061 er
684 2004 768 2064 heute
797 2006 842 2066 für
871 2007 932 2067 jene
961 2007 1069 2067 seeliche
1098 2009 1215 2069 Sphär¬

331 2049 356 2109 in
396 2049 461 2109 eine
494 2052 610 2112 ähnlich
644 2055 879 2115 repräsentative
912 2058 1061 2118 Stellung
1094 2059 1218 2119 hinein=
1245 2043 1498 2103 Aufhebung
1532 2046 1616 2106 dieser
1643 2048 1819 2108 unerhörten
1859 2050 2053 2110 Besteuerung

1242 2092 1300 2152 das
1332 2094 1595 2154 Salzkammergut
1633 2097 1791 2157 innerhalb
1840 2097 1871 2157 14
1903 2102 2018 2162 Tagen,
2056 2103 2119 2163 sonf

334 2100 508 2160 gewachsen,
529 2100 587 2160 wie
608 2102 682 2162 etwa
709 2107 903 2167 Hauptmann
941 2109 987 2169 für
1014 2109 1066 2169 das
1099 2109 1198 2169 Reich.

2160 2121 2284 2181 Königs
2308 2124 2354 2184 von
2378 2124 2490 2184 Julien
2516 2127 2572 2187 und
2596 2129 2687 2189 meine
2711 2130 2882 2190 persönliche
2906 2133 3041 2193 Huldi¬

1242 2138 1358 2198 werden
1406 2140 1448 2200 die
1485 2142 1606 2202 Bauern
1644 2144 1723 2204 mit
1755 2146 1823 2206 den
1871 2149 2119 2209 Mistgabeli

381 2148 446 2208 Und
491 2150 628 2210 Gerhart
673 2156 872 2216 Hauptmann
922 2156 1010 2216 selbst
1049 2157 1120 2217 fand
1171 2159 1214 2219 die

2153 2171 2262 2231 gung
2286 2173 2314 2233 zu
2343 2174 2557 2234 überbringen.
2586 2174 2644 2234 Die
2668 2177 2858 2237 Hochachtung
2888 2180 2939 2240 und
2968 2180 3043 2240 Ehr¬

326 2198 441 2258 schönen
479 2201 599 2261 Worte:
638 2204 780 2264 „Arthur
807 2206 981 2266 Schnitzlers
1018 2207 1123 2267 warme
1156 2208 1213 2268 und

1240 2189 1435 2249 kommen.
1476 2191 1557 2251 Abg.
1585 2192 1815 2252 Malinger
1856 2195 1910 2255 vom
1964 2198 2127 2258 Landbund
2161 2218 2330 2278 erbietung,
2358 2220 2398 2280 die
2426 2221 2499 2281 seine
2527 2223 2757 2283 hervorragende
2784 2228 2940 2288 historische
2968 2228 3041 2288 Per¬

1240 2237 1317 2297 setzte
1345 2237 1389 2297 sich
1417 2240 1466 2300 für
1489 2240 1538 2300 den
1572 2243 1836 2303 Zusammenschluß
1870 2243 1914 2303 der
1942 2246 2118 2306 bäuerlichen

328 2249 401 2309 seine
430 2252 594 2312 Begabung
624 2252 713 2312 besitzt
737 2254 816 2314 einen
845 2257 929 2317 Zug,
947 2258 991 2318 der
1020 2258 1048 2318 in
1078 2258 1212 2318 Deutsch¬

2154 2267 2320 2327 sönlichkeit
2343 2268 2386 2328 der
2415 2270 2519 2330 ganzen
2554 2273 2631 2333 Welt
2653 2273 2820 2333 abfordert,
2843 2276 2948 2336 machen
2987 2276 3042 2336 mir

326 2299 393 2359 land
427 2300 511 2360 selten
552 2301 602 2361 ist,
631 2303 761 2363 Grazie.
795 2300 840 2360 Es
874 2305 907 2365 ist
936 2306 1060 2366 deutsche
1095 2309 1212 2369 Grazie,

1237 2288 1493 2348 Organisationen
1527 2288 1554 2348 zu
1596 2291 1676 2351 einer
1711 2291 1906 2351 geschlossenen
1941 2296 2123 2356 Agrarfront
2151 2312 2204 2372 als
2232 2318 2340 2378 Soldat
2368 2318 2415 2378 und
2443 2322 2665 2382 Frontkämpfer
2694 2324 2767 2384 diese
2788 2327 2997 2387 Gelegenheit,
3011 2327 3038 2387 in

1239 2334 1305 2394 ein.
1337 2334 1388 2394 Die
1425 2335 1544 2395 Geduld
1580 2335 1626 2395 der
1663 2337 1781 2397 Bauern
1823 2340 1865 2400 sei
1896 2341 1926 2401 zu
1968 2344 2061 2404 Ende,
2093 2345 2128 2405 sie

326 2347 401 2407 keine
434 2351 634 2411 französische.
672 2351 736 2411 Den
776 2351 851 2411 Sinn
889 2355 937 2415 für
970 2357 1132 2417 Schnitzler
1165 2357 1213 2417 be¬

2150 2362 2200 2422 ihm
2246 2365 2314 2425 auch
2337 2366 2393 2426 das
2422 2368 2535 2428 tapfere
2564 2371 2689 2431 deutsche
2718 2372 2796 2432 Volk
2825 2377 2966 2437 begrüßen
3007 2376 3034 2436 zu

1239 2380 1355 2440 würden
1389 2383 1432 2443 sich
1461 2383 1544 2443 selbst
1561 2385 1638 2445 Hilfe
1666 2388 1855 2448 verschaffen.
1872 2389 1927 2449 Als
1955 2391 1999 2451 der
2028 2392 2116 2452 sozial

321 2398 420 2458 sitzen,
437 2401 514 2461 heißt
537 2401 647 2461 Kultur
670 2403 802 2463 besitzen,
819 2404 874 2464 und
902 2404 946 2464 sich
974 2406 1024 2466 von
1052 2407 1195 2467 Schnitzle

2151 2413 2277 2473 dürfen,
2304 2416 2391 2476 dessen
2425 2418 2497 2478 Gast
2525 2417 2564 2477 ich
2598 2419 2637 2479 die
2671 2422 2744 2482 Ehre
2772 2422 2844 2482 habe
2879 2425 2905 2485 in
2945 2425 3031 2485 diesen

1239 2431 1455 2491 demokratische
1502 2434 1708 2494 Abgeordnete
1750 2439 1915 2499 Plasser
1957 2440 1987 2500 zu
2039 2440 2121 2500 reden

318 2449 486 2509 angezogen
530 2452 649 2512 fühlen,
699 2453 780 2513 heißt
814 2455 857 2515 die
890 2455 1004 2515 Kultur
1037 2458 1156 2518 suchen.

2156 2461 2245 2521 Tagen
2276 2465 2300 2525 zu
2331 2467 2408 2527 sein,
2427 2467 2578 2527 besonders
2608 2470 2771 2530 ehrenvoll.

1239 2479 1371 2539 begann,
1388 2479 1487 2539 wurde
1509 2482 1537 2542 er
1560 2482 1642 2542 durch
1665 2485 1891 2545 stürmische
1914 2489 2124 2549 Zwischen¬

372 2498 515 2558 Dennoch
555 2500 626 2560 wird
671 2501 714 2561 die
748 2503 847 2563 Welt,
881 2506 991 2566 fürchte
1025 2506 1085 2566 ich,
1124 2508 1190 2568 eine

1232 2529 1332 2589 rufe
1370 2530 1592 2590 unterbrochen.
1625 2532 1704 2592 Abg.
1731 2535 1996 2595 Födermayr
2033 2538 2128 2598 wollte

2213 2540 2408 2600 Mussolini
2437 2543 2558 2603 kommt
2587 2546 2641 2606 auf
2671 2548 2764 2608 jeden
2793 2550 2875 2610 Fall
2904 2553 2978 2613 nach

324 2547 429 2607 großen
467 2552 751 2612 literarhistorischen
789 2551 937 2611 Abstands
974 2555 1137 2615 bedürfen,
1159 2557 1195 2617 um

1238 2575 1286 2635 sich
1314 2577 1356 2637 ins
1384 2577 1491 2637 Mittel
1514 2580 1605 2640 legen.
1627 2580 1664 2640 Es
1692 2583 1826 2643 gelangte
1854 2583 1912 2643 nach
1940 2585 2020 2645 einer
2043 2586 2123 2646 Rede

2509 2584 2670 2644 Berlin.

325 2599 481 2659 Schnitzler
519 2599 546 2659 in
590 2601 681 2661 seiner
720 2604 827 2664 ganzen
871 2604 1060 2664 dichterischen
1104 2606 1206 2666 Größe

1239 2625 1439 2685 Födermayrs
1472 2628 1529 2688 eine
1556 2630 1778 2690 Entschließung
1810 2631 1862 2691 zur
1889 2633 2058 2693 Annahme,
2079 2636 2121 2696 die

2199 2635 2234 2695 r.
2254 2637 2400 2697 Berlin,
2420 2640 2473 2700 26.
2493 2640 2630 2700 Oktober.
2650 2644 2814 2704 Grandi
2843 2646 2971 2706 erklärte
2999 2649 3044 2709 bei

320 2649 357 2709 zu
404 2649 571 2709 erkennen.
610 2649 693 2709 Aber
732 2654 960 2714 gerechterweise
999 2655 1090 2715 sollte
1136 2657 1204 2717 auch
1243 2673 1395 2733 verlangt,
1419 2676 1463 2736 daß
1495 2676 1540 2736 die
1564 2679 1959 2739 Salzkammergut-Bauern
1991 2682 2036 2742 von
2067 2682 2120 2742 der
2151 2689 2226 2749 einem
2266 2696 2417 2756 Empfang
2441 2698 2486 2758 der
2510 2700 2776 2760 Pressevertreter,
2792 2704 2837 2764 daß
2868 2707 3035 2767 Mosso¬

324 2697 424 2757 unsere
456 2699 640 2759 Generation
683 2700 788 2760 bereits
826 2706 941 2766 wissen,
974 2706 1026 2766 daß
1063 2706 1095 2766 er
1137 2706 1205 2766 der

1243 2723 1372 2783 Leistung
1411 2724 1464 2784 des
1503 2729 1811 2789 Ausgleichgroschens
1851 2729 1904 2789 zum
1959 2732 2121 2792 Milchaus¬

323 2747 443 2807 Wiener
470 2748 591 2808 Dichter
618 2750 739 2810 gewesen
771 2753 802 2813 ist
829 2753 887 2813 und
914 2753 966 2813 daß
1004 2753 1093 2813 seinen
1125 2753 1209 2813 Wer¬

2145 2751 2235 2811 lini
2262 2753 2314 2813 auf
2335 2753 2412 2813 jeden
2440 2756 2511 2816 Fall
2531 2756 2576 2816 die
2604 2759 2714 2819 Absicht
2734 2759 2819 2819 habe,
2839 2762 2904 2822 nach
2931 2765 3028 2825 Berlin

1238 2771 1435 2831 gleichsfonds
1467 2771 1571 2831 befreit
1603 2774 1707 2834 werden
1745 2777 1844 2837 sollen.

321 2796 385 2856 ken,
418 2798 639 2858 beispielsweise
678 2801 726 2861 der
765 2801 948 2861 „Liebelei",
976 2804 1122 2864 durchaus
1160 2804 1192 2864 de

2141 2812 2173 2872 zu
2207 2813 2351 2873 kommen,
2378 2813 2429 2873 nur
2456 2815 2528 2875 stehe
2555 2815 2607 2875 der
2634 2817 2791 2877 Zeitpunkt
2818 2819 2864 2879 des
2898 2823 3034 2883 Besuche¬

322 2846 409 2906 Rang
446 2846 528 2906 einer
559 2849 713 2909 klassischen
750 2852 924 2912 Schöpfung
961 2852 1100 2912 gebührt.
1147 2852 1203 2912 Als

2147 2870 2211 2930 noch
2245 2870 2316 2930 nicht
2342 2870 2414 2930 fest.
2434 2873 2473 2933 Im
2513 2873 2656 2933 Verlaufe
2683 2876 2734 2936 des
2761 2879 2937 2939 Gespräches
2970 2882 3034 2942 ver¬

313 2897 469 2957 Schlüssel
498 2897 524 2957 zu
557 2900 649 2960 seiner
677 2900 774 2960 Kunst
796 2900 904 2960 können
938 2903 1073 2963 dieselben
1106 2903 1197 2963 Wort

1243 2903 1302 2963 Die
1338 2906 1520 2966 Kurrende
1556 2909 1668 2969 gegen
1713 2913 1877 2973 Direktor
1913 2915 2121 2975 Ehrenfest.

2149 2927 2257 2987 sicherte
2287 2929 2424 2989 Grandi,
2446 2932 2496 2992 daß
2533 2932 2642 2992 Italien
2672 2934 2773 2994 stets
2802 2937 2867 2997 für
2897 2939 3033 2999 Öster¬

316 2947 433 3007 gelten,
464 2947 517 3007 mit
552 2947 640 3007 denen
680 2947 718 3007 ein
763 2950 885 3010 anderer
920 2950 1037 3010 Wiener
1077 2952 1209 3012 Dichter,

1288 2968 1336 3028 S.
1348 2971 1468 3031 Wien,
1487 2974 1541 3034 26.
1560 2975 1697 3035 Oktober.
1722 2977 1794 3037 Beim
1831 2980 2101 3040 Fahndungs

2142 2986 2243 3046 reich
2271 2988 2542 3048 eingetreten
2576 2992 2616 3052 sei
2644 2992 2697 3052 und
2732 2994 2800 3054 auch
2828 2995 2929 3055 weiter
2957 2998 3030 3058 diese

318 2995 422 3055 Franz
451 2998 661 3058 Grillparzer,
695 3000 744 3060 sich
772 3001 861 3061 selbst
889 3001 944 3061 und
978 3001 1027 3061 sein
1067 3003 1188 3063 Schaffe

1236 3023 1321 3083 amt
1344 3022 1392 3082 der
1409 3025 1656 3085 Polizeidirektion
1690 3029 1722 3089 ist
1744 3028 1824 3088 heute
1852 3031 1954 3091 mittag
1982 3031 2024 3091 die
2052 3032 2100 3092 von

318 3048 561 3108 gekennzeichnet
590 3049 659 3109 hat:

2144 3043 2269 3103 haltung
2295 3047 2457 3107 gegenüber
2483 3049 2639 3109 Österreich
2665 3054 2808 3114 verfolgen
2847 3055 2953 3115 werde.

1229 3073 1356 3133 Gericht
1384 3075 1522 3135 erlassene
1556 3076 1710 3136 Kurrende
1739 3079 1822 3139 gegen
1861 3080 1999 3140 Direktor
2038 3084 2121 3144 Fritz

322 3117 418 3177 „Hast
446 3115 479 3175 du
515 3118 569 3178 vom
612 3118 804 3178 Kahlenberg
839 3118 880 3178 dir
916 3121 997 3181 rings
1033 3121 1087 3181 das
1122 3121 1197 3181 Land

1231 3124 1461 3184 Ehrenfest
1497 3126 1698 3186 eingelaufen.
1734 3127 1774 3187 In
1811 3128 1857 3188 der
1887 3129 2040 3189 Kurrende
2082 3132 2117 3192 ist

2248 3124 2485 3184 Umfassender
2527 3129 2927 3189 Gedankenaustausch.

870 3171 995 3231 besehn,

1230 3171 1367 3231 weder
1420 3174 1494 3234 von
1547 3177 1662 3237 einer
1715 3180 1841 3240 Haft,
1888 3180 1979 3240 noch
2032 3180 2106 3240 von

2195 3180 2294 3240 K.=B.
2321 3183 2467 3243 Berlin,
2494 3185 2547 3245 26.
2574 3186 2712 3246 Oktober.
2746 3189 2879 3249 (Wolff.)
2913 3192 3031 3252 Anläß¬

324 3216 371 3276 So
397 3218 486 3278 wirst
511 3221 568 3281 du,
585 3221 649 3281 was
683 3222 723 3282 ich
748 3219 853 3279 schrieb
887 3220 943 3280 und
977 3219 1041 3279 was
1075 3220 1114 3280 ich
1140 3221 1187 3281 bin

1231 3220 1356 3280 einem
1399 3225 1639 3285 Steckbrief
1670 3225 1736 3285 die
1767 3228 1893 3288 Rede,
1923 3231 2044 3291 sondern
2081 3230 2110 3290 es
2147 3229 2194 3289 lich
2243 3228 2291 3288 der
2328 3233 2538 3293 Anwesenheit
2575 3234 2628 3294 des
2671 3236 2864 3296 italienischen
2912 3242 3032 3302 Außen¬

869 3272 1032 3332 verstehn."

1228 3277 1311 3337 heißt
1347 3278 1416 3338 nur,
1445 3279 1500 3339 daß
1537 3279 1585 3339 der
1621 3280 1760 3340 Gesuchte
1789 3283 2014 3343 auszuforschen
2064 3283 2119 3343 ist,
2149 3279 2295 3339 ministers
2317 3283 2485 3343 Grandi
2514 3285 2534 3345 in
2563 3287 2667 3347 Berlin
2696 3289 2780 3349 haben
2809 3291 2935 3351 zwischen
2970 3294 3012 3354 ihm
