3344 4320
2851 132 2946 192 Der
2987 133 3124 193 Sohn
3180 136 3302 196 Schn

3191 192 3306 252 Wie

1454 255 1588 315 box
1664 258 1857 318 42/6

3111 258 3324 318 Privattelegramm

183 258 294 318 12.
356 261 950 321 Schnitzlers
1012 258 1246 318 Death

2947 371 3010 431 Der
3043 372 3139 432 Sohn
3182 377 3240 437 und
3278 380 3326 440 die

2847 420 2913 480 sind
2948 423 3004 483 mit
3038 423 3088 483 dem
3133 425 3306 485 Abend=D¬

2846 469 2965 529 bereits
2996 470 3079 530 heute
3111 472 3137 532 im
3179 473 3272 533 Laufe
3299 475 3329 535 de

2846 518 3024 578 Schnitzler
3061 518 3087 578 in
3124 518 3176 578 den
3218 521 3333 581 Morge

2846 566 2954 626 anfall
2976 566 3095 626 erlitten
3132 567 3194 627 hat.
3215 569 3313 629 Nachm

2847 612 2992 672 Dichters
3026 615 3183 675 Professor
3217 616 3328 676 Julius

2847 661 3020 721 Schnitzler
3048 662 3135 722 besser
3163 664 3265 724 ginge.
3288 665 3331 725 Di

2847 711 3086 771 weggefahren,
3109 713 3147 773 wo
3176 715 3208 775 sie
3231 713 3308 773 offen

576 748 805 808 TELEPHON
842 751 1015 811 R-23-0-43

2848 758 2991 818 Ahnung
3016 760 3141 820 hatten.

389 888 617 948 Ausschnitt
640 887 693 947 aus

2856 909 3030 969 Aelur
3065 912 3239 972 Schni

654 939 781 999 TRUEE
818 953 983 1013 WIYNEV
1020 963 1172 1023 JOURAA

358 1112 493 1172 vom:

2958 1120 3000 1180 Im
3037 1121 3137 1181 Jahre
3159 1120 3238 1180 1926
3261 1121 3332 1181 stift

703 1120 793 1180 22.
812 1126 940 1186 0KT.
959 1129 1067 1189 1931

2847 1165 2900 1225 des
2930 1169 3054 1229 „Neuen
3084 1169 3208 1229 Wiener
3232 1169 3320 1229 Jour

2848 1210 2887 1270 an
2921 1210 2977 1270 das
3007 1213 3313 1273 hundertfünfzigjäh

2848 1259 3184 1319 „Burgtheaterring“

2846 1309 3013 1369 besonders
3044 1309 3217 1369 verbienten
3253 1312 3324 1372 Bur

447 1308 993 1368 Artur
1091 1314 2664 1374 Schnitzlerploßlie

2847 1356 2938 1416 einem
2982 1357 3199 1417 dramatischen
3237 1358 3328 1418 Schri

2846 1403 2957 1463 Werke
2995 1402 3031 1462 am
3080 1404 3297 1464 Burgtheater

2847 1449 2956 1509 beiden
2989 1449 3082 1509 ersten
3115 1452 3219 1512 Ringe
3253 1452 3274 1512 im

2848 1497 2882 1557 es
2929 1497 3022 1557 neben
3075 1500 3214 1560 Auguste
3256 1500 3324 1560 Wil

1208 1537 2107 1597 gestorben.

2847 1545 3039 1605 Schnitzler,
3074 1548 3130 1608 der
3164 1547 3215 1607 den
3255 1548 3322 1608 erste

2847 1593 2899 1653 ihm
2940 1595 3104 1655 Hermann
3134 1596 3244 1656 Bahr,
3263 1596 3326 1656 Ger

2847 1643 3023 1703 zuerkannt
3050 1643 3173 1703 wurde.

504 1703 636 1763 Der
694 1706 930 1766 Dichter
988 1706 1273 1766 während
1331 1706 1425 1766 der
1473 1706 1701 1766 Arbeit
1750 1707 1910 1767 einem
1996 1711 2423 1771 Schlaganfall
2472 1712 2746 1772 erlegen.

522 1781 602 1841 Eine
632 1784 851 1844 erschütternde
886 1787 1059 1847 Nachricht,
1083 1787 1128 1847 die
1158 1788 1232 1848 nicht
1262 1788 1319 1848 nur
1349 1789 1377 1849 in
1412 1790 1614 1850 Oesterreich,
1638 1790 1765 1850 Dichter
1806 1788 1904 1848 zeigen
1945 1787 2037 1847 besser
2072 1787 2118 1847 als
2153 1789 2367 1849 spaltenlange
2402 1790 2633 1850 Würdigungen
2674 1790 2725 1850 die
2761 1788 2823 1848 Be¬

2962 1794 3065 1854 Der
3101 1798 3290 1858 Burgl

416 1829 544 1889 sondern
583 1832 609 1892 in
642 1833 690 1893 der
717 1834 830 1894 ganzen
863 1834 1057 1894 Kulturwelt
1084 1834 1170 1894 tiefes
1197 1834 1375 1894 Mitgefühl
1403 1836 1602 1896 hervorrufen
1640 1836 1785 1896 deutung
1818 1834 1920 1894 Artur
1948 1834 2136 1894 Schnitzlers
2169 1836 2216 1896 für
2249 1837 2443 1897 Oesterreich,
2492 1837 2546 1897 das
2600 1837 2659 1897 mit
2708 1835 2804 1895 seinem

419 1879 518 1939 wird,
540 1881 708 1941 durcheilte
740 1885 850 1945 gestern
887 1884 981 1944 abend
1013 1883 1118 1943 Wien:
1145 1884 1244 1944 Artur
1277 1888 1539 1948 Schnitzler,
1561 1888 1613 1948 der
1640 1885 1818 1945 Heimgang
1855 1884 1934 1944 einen
1971 1884 2191 1944 unersetzlichen
2224 1885 2349 1945 Verlust
2371 1885 2486 1945 erlitten
2524 1887 2591 1947 hat,
2613 1888 2644 1948 an
2676 1888 2728 1948 dem
2776 1888 2818 1948 die

422 1930 449 1990 in
488 1930 592 1990 Kürze
627 1933 720 1993 seinen
759 1933 931 1993 siebzigsten
964 1934 1163 1994 Geburtstag
1197 1936 1291 1996 feiern
1330 1936 1413 1996 hätte
1447 1936 1557 1996 sollen,
1585 1934 1618 1994 ist

1643 1936 1743 1996 ganze
1771 1933 1854 1993 Welt
1877 1933 2121 1993 teilnimmt...

421 1983 512 2043 gegen
572 1983 626 2043 ½7
659 1981 717 2041 Uhr
745 1984 863 2044 abends
912 1984 950 2044 an
999 1985 1052 2045 den
1085 1987 1198 2047 Folgen
1258 1985 1344 2045 eines
1371 1987 1608 2047 Schlaganfalls

415 2026 602 2086 gestorben.

1709 2052 2026 2112 Lebenslauf
2059 2053 2142 2113 und
2186 2052 2333 2112 Werk
2367 2051 2440 2111 des
2483 2052 2737 2112 Dichters.

2856 2064 2977 2124 Hofrat
3004 2064 3090 2124 Hugo
3126 2065 3273 2125 Thimig,
3291 2067 3307 2127 e

525 2076 713 2136 Schnitzler,
735 2076 783 2136 der
811 2077 859 2137 sich
892 2079 1000 2139 gerade
1027 2079 1054 2139 in
1087 2079 1135 2139 den
1168 2079 1265 2139 letzten
1298 2082 1400 2142 Tagen
1433 2082 1487 2142 des
1514 2082 1605 2142 bester

1732 2112 1838 2172 Arbar
1881 2115 2050 2175 Schnitzler
2094 2113 2204 2173 wurde
2242 2113 2284 2173 am
2343 2114 2390 2174 15.
2418 2115 2497 2175 Mai
2529 2113 2603 2173 1862
2651 2112 2677 2172 in
2726 2112 2815 2172 Wien

412 2122 596 2182 Wohlseins
623 2127 776 2187 erfreute,
792 2127 876 2187 hatte
903 2129 971 2189 noch
998 2130 1109 2190 gestern
1141 2129 1315 2189 vormittag
1342 2130 1426 2190 einen
1459 2131 1611 2191 Spazier¬

2954 2127 3019 2187 Der
3055 2130 3119 2190 Tod
3162 2130 3262 2190 Artur
3299 2128 3310 2188 S

416 2177 498 2237 gang
533 2175 622 2235 durch
678 2175 739 2235 das
767 2177 994 2237 Villenviertel
1043 2176 1111 2236 beim
1160 2178 1470 2238 Türkenschanzpark
1498 2177 1608 2237 unter-
1636 2165 1794 2225 geboren,
1815 2163 1863 2223 als
1898 2163 1987 2223 Sohn
2023 2161 2070 2221 des
2105 2162 2284 2222 Professors
2312 2163 2346 2223 an
2381 2161 2428 2221 der
2464 2160 2587 2220 Wiener
2615 2161 2821 2221 Universität,

2848 2176 3061 2236 geschmettert
3091 2180 3160 2240 bin,
3184 2181 3327 2241 bedeutet

1639 2214 1702 2274 Dr.
1735 2213 1862 2273 Johann
1901 2211 2093 2271 Schnitzler,
2126 2213 2208 2273 eines
2247 2211 2477 2271 Läkyngologen
2522 2212 2573 2272 von
2618 2213 2822 2273 Bedeutung,
2848 2225 3085 2285 österreichische
3117 2228 3289 2288 Literatur.

408 2224 554 2284 nommen
591 2222 646 2282 und
677 2223 748 2283 war
774 2223 854 2283 dann
890 2225 926 2285 um
967 2225 1002 2285 11
1033 2225 1093 2285 Uhr
1124 2225 1149 2285 in
1180 2226 1260 2286 seine
1287 2228 1474 2288 Wohnung,
1495 2228 1611 2288 Stern¬

1637 2264 1667 2324 zu
1709 2259 1796 2319 dessen
1838 2259 2090 2319 Patientenkreis
2137 2259 2219 2319 viele
2261 2261 2457 2321 prominente
2494 2261 2710 2321 Schauspieler
2762 2260 2818 2320 und

414 2273 619 2333 wartestraße
652 2274 706 2334 71,
750 2276 999 2336 zurückgekehrt.
1042 2275 1085 2335 Er
1113 2274 1210 2334 begab
1243 2275 1292 2335 sich
1341 2276 1443 2336 sofort
1493 2276 1519 2336 in
1557 2277 1611 2337 seir

2852 2276 2961 2336 gerade
2997 2274 3025 2334 in
3061 2276 3119 2336 der
3148 2276 3264 2336 jetzigen

1640 2309 1769 2369 Sänger
1802 2309 1972 2369 gehörten.
1998 2308 2043 2368 Er
2083 2309 2226 2369 studierte
2266 2309 2428 2369 gleichfalls
2468 2309 2605 2369 Medizin
2645 2309 2677 2369 in
2716 2310 2827 2370 Wien,
2854 2323 3069 2383 Kulturgüter
3096 2325 3290 2385 stattfindet,
3311 2326 3323 2386 e

415 2321 698 2381 Arbeitszimmer,
725 2321 765 2381 um
813 2324 905 2384 dort,
931 2326 987 2386 wie
1019 2324 1194 2384 alltäglich,
1220 2325 1318 2385 seiner
1355 2324 1535 2384 Sekretärin
1577 2325 1602 2385 zu

1639 2357 1854 2417 promovierte
1886 2356 1963 2416 1885
2012 2356 2071 2416 und
2121 2360 2211 2420 war,
2247 2357 2374 2417 nachdem
2435 2355 2464 2415 er
2501 2358 2554 2418 auf
2585 2358 2813 2418 verschiedenen
2857 2369 2952 2429 lieren
2989 2372 3140 2432 mußten.
3164 2372 3230 2432 Das
3267 2372 3314 2432 Bu

414 2369 586 2429 diktieren.
609 2372 646 2432 Um
695 2372 770 2432 ½12
798 2372 862 2432 Uhr
889 2372 959 2432 sank
981 2371 1013 2431 er
1035 2372 1164 2432 plötzlich
1197 2373 1375 2433 bewußtlos
1402 2375 1456 2435 vom
1500 2375 1618 2435 Stuhl.

1633 2405 1775 2465 Kliniken
1813 2405 1998 2465 praktiziert
2041 2407 2099 2467 und
2142 2407 2215 2467 auch
2264 2407 2327 2467 eine
2359 2408 2444 2468 Reise
2476 2408 2528 2468 zum
2576 2408 2719 2468 Studium
2772 2408 2825 2468 der

2852 2420 2947 2480 seinen
2982 2421 3106 2481 größten
3141 2421 3316 2481 heimischen

420 2419 464 2479 Er
492 2419 596 2479 wurde
619 2420 668 2480 ins
696 2420 773 2480 Bett
790 2421 934 2481 getragen
967 2423 1022 2483 und
1050 2423 1260 2483 schlummerte
1288 2424 1321 2484 um
1366 2424 1420 2484 ¾7
1443 2423 1509 2483 Uhr
1531 2422 1597 2482 sanf

1634 2455 1845 2515 hygienischen
1888 2455 2135 2515 Einrichtungen
2183 2455 2251 2515 nach
2299 2455 2420 2515 London
2473 2453 2530 2513 und
2568 2455 2662 2515 Paris
2711 2455 2821 2515 unter¬

415 2464 576 2524 hinüber.

2852 2467 2879 2527 es
2921 2467 2989 2527 eine
3018 2470 3121 2530 Reihe
3156 2470 3253 2530 seiner
3294 2468 3328 2528 sto

1636 2503 1783 2563 nommen
1813 2502 1912 2562 hatte,
1937 2503 1977 2563 bis
2013 2503 2083 2563 1893
2119 2503 2260 2563 Assistent
2285 2503 2378 2563 seines
2403 2503 2520 2563 Vaters
2544 2503 2579 2563 an
2615 2505 2667 2565 der
2691 2504 2815 2564 Wiener
2851 2515 3021 2575 verhinden
3063 2518 3121 2578 mit
3157 2518 3257 2578 Artur
3293 2514 3310 2574 S

521 2512 585 2572 Der
618 2512 683 2572 Tod
721 2514 786 2574 trat
814 2515 894 2575 ganz
928 2516 1035 2576 ruhig,
1064 2517 1144 2577 ohne
1172 2515 1258 2575 jeden
1297 2515 1416 2575 Kampf
1444 2516 1513 2576 ein.
1557 2516 1605 2576 An

1632 2551 1837 2611 allgemeinen
1881 2551 2070 2611 Poliklinik.
2097 2551 2162 2611 Den
2206 2553 2493 2613 militärärztlichen
2537 2554 2661 2614 Dienst,
2694 2554 2720 2614 in
2764 2555 2817 2615 den

414 2563 508 2623 seinem
556 2562 768 2622 Sterbelager
801 2562 900 2622 weilte
933 2563 986 2623 sein
1023 2564 1129 2624 Neffe,
1151 2564 1203 2624 der
1230 2563 1314 2623 Arzt
1336 2565 1404 2625 Dr.
1426 2566 1611 2626 Ferdinand

2847 2566 2908 2626 aus
2948 2566 2997 2626 der
3032 2565 3104 2625 Zeit
3138 2569 3256 2629 meiner
3290 2563 3334 2623 Di

1629 2601 1802 2661 Schnitzler
1840 2599 1940 2659 später
1972 2601 2040 2661 trat
2083 2599 2188 2659 mußte
2225 2601 2256 2661 er
2288 2600 2356 2660 nach
2394 2601 2446 2661 der
2478 2601 2678 2661 Publikation
2721 2602 2815 2662 seines

403 2611 610 2671 Donath,
632 2611 679 2671 der
706 2611 754 2671 ihn
786 2611 807 2671 in
839 2611 892 2671 der
919 2611 1015 2671 letzten
1048 2613 1116 2673 Zeit
1138 2612 1201 2672 auch
1234 2614 1403 2674 behandelt
1425 2614 1526 2674 hatte.
1548 2612 1611 2672 Der

2848 2614 2969 2674 reifsten
3005 2614 3109 2674 Werke
3139 2617 3185 2677 des
3221 2617 3324 2677 Dichte

406 2658 498 2718 Sohn
532 2658 744 2718 Schnitzlers,
785 2658 838 2718 der
872 2660 1037 2720 Regisseur
1065 2661 1210 2721 Heinrich
1244 2660 1503 2720 Schnitzler,
1551 2659 1603 2719 der
1637 2650 1816 2710 „Leutnant
1850 2647 1976 2707 Gustl!"
2017 2649 2162 2709 ausgeben
2203 2649 2262 2709 und
2303 2649 2369 2709 bald
2409 2649 2548 2709 widmete
2582 2651 2615 2711 er
2656 2651 2701 2711 sich
2742 2650 2821 2710 aus¬

2847 2662 2984 2722 führung
3016 2663 3135 2723 brachte
3165 2662 3219 2722 und
3250 2663 3327 2723 insze

1636 2694 1795 2754 schließlich
1830 2695 1880 2755 der
1909 2694 2085 2754 Literatur.

411 2709 623 2769 gegenwärtig
661 2708 687 2768 in
719 2706 830 2766 Berlin
863 2709 942 2769 tätig
974 2709 1021 2769 ist,
1064 2709 1170 2769 wurde
1203 2709 1303 2769 sofort
1330 2709 1521 2769 verstöndige
1553 2708 1606 2768 und

2847 2712 2880 2772 in
2908 2712 3138 2772 gemeinsamer
3166 2711 3278 2771 Arbeit
3301 2708 3334 2768 di

414 2757 519 2817 dürfte
547 2757 636 2817 heute
663 2757 839 2817 vormittag
871 2757 897 2817 in
934 2757 1014 2817 Wien
1052 2757 1232 2817 eintreffen.

2846 2760 2963 2820 kennen
3006 2760 3064 2820 und
3103 2760 3182 2820 seine
3220 2762 3331 2822 überre

1738 2763 1795 2823 Die
1825 2763 2033 2823 Admo'phäre
2063 2763 2114 2823 der
2144 2766 2335 2826 Ceistigkeit,
2354 2765 2399 2825 die
2429 2764 2452 2824 in
2487 2764 2672 2824 Schnitzlers
2702 2767 2800 2827 Vater

517 2806 703 2866 Schnitzler,
730 2805 786 2865 der
818 2807 869 2867 seit
902 2806 1015 2866 langem
1063 2808 1098 2868 an
1135 2808 1514 2868 Herzmuskelentartung
1551 2806 1602 2866 litt

2853 2811 2920 2871 Mit
2945 2810 3006 2870 1a
3038 2808 3166 2868 verliert
3192 2810 3247 2870 das
3278 2806 3327 2866 Ge

1639 2810 1714 2870 haus
1741 2810 1903 2870 herrschte,
1930 2813 1973 2873 die
2001 2814 2070 2874 enge
2103 2814 2292 2874 Beruhrung
2325 2815 2378 2875 mit
2406 2814 2454 2874 der
2487 2816 2686 2876 sogenannten
2724 2817 2810 2877 guter

414 2853 500 2913 hatte
527 2855 575 2915 sich
608 2855 635 2915 in
668 2853 716 2913 der
749 2855 840 2915 letzten
878 2855 948 2915 Zeit
970 2855 1067 2915 öfters
1094 2855 1213 2915 leidend
1240 2857 1364 2917 gefühlt
1391 2855 1450 2915 und
1478 2855 1607 2915 deshalt

2846 2858 3142 2918 Repräsentanten.

1632 2861 1835 2921 Gesellschaft
1881 2861 1931 2921 ber
1966 2862 2112 2922 achtziger
2146 2862 2202 2922 und
2237 2863 2401 2923 neunziger
2435 2862 2553 2922 Jahre,
2593 2864 2683 2924 jener
2717 2864 2796 2924 eigen

403 2903 478 2963 auch
511 2903 559 2963 die
593 2901 808 2961 Behandlung
863 2903 966 2963 seines
999 2903 1106 2963 Neffen
1145 2903 1171 2963 in
1210 2906 1367 2966 Anspruch
1400 2905 1610 2965 genommen.
1627 2905 1756 2965 artigen
1805 2909 1951 2969 spezifisch
1995 2909 2249 2969 österreichischen
2293 2909 2455 2969 Mischung
2504 2909 2558 2969 von
2613 2911 2812 2971 heterogenen

414 2951 540 3011 Gerade
572 2952 598 3012 in
635 2952 687 3012 den
725 2951 819 3011 letzten
861 2952 961 3012 Tagen
998 2952 1082 3012 hatie
1114 2953 1155 3013 sich
1193 2954 1266 3014 aber
1298 2954 1350 3014 sein
1388 2954 1524 3014 Zustand
1556 2952 1608 3012 be=
1636 2955 1840 3015 Elementen,
1857 2956 1909 3016 von
1936 2956 2119 3016 Gelehrten,
2135 2957 2414 3017 Croßkaufleuten,
2430 2958 2624 3018 Advokaten,
2641 2960 2803 3020 Künstlern

411 3002 539 3062 deutend
571 3002 730 3062 gebessert.
756 3002 797 3062 Er
823 3002 1003 3062 unternahm
1050 3003 1152 3063 täglich
1189 3003 1430 3063 Spaziergänge
1462 3004 1518 3064 und
1549 3004 1605 3064 hat
1632 3004 1791 3064 Bankiers
1822 3005 1878 3065 und
1915 3005 2069 3065 anderen,
2090 3005 2151 3065 de,
2167 3005 2244 3065 enge
2270 3007 2404 3067 Kontakt
2430 3005 2491 3065 mit
2518 3006 2569 3066 den
2605 3008 2728 3068 Größen
2765 3009 2816 3069 des

2894 3013 3013 3073 Der
3049 3014 3273 3074 repräse

407 3051 480 3111 noch
512 3051 664 3111 Sountag
696 3050 754 3110 und
786 3049 959 3109 vorgestern
991 3049 1354 3109 Theatervorstellungen
1387 3051 1518 3111 besucht.
1539 3052 1602 3112 Der
1634 3052 1886 3112 Burgtheaters,
1908 3053 1955 3113 die
1982 3053 2008 3113 in
2040 3054 2134 3114 seines
2166 3054 2282 3114 Vaters
2309 3054 2408 3114 Hause
2435 3054 2492 3114 aus
2525 3054 2582 3114 und
2614 3056 2661 3116 ein
2693 3059 2803 3119 gingen

415 3100 563 3160 plötzliche
592 3100 657 3160 Tod
686 3100 785 3160 dürfte
814 3100 868 3160 auf
891 3100 974 3160 einen
1007 3100 1223 3160 Gehirnschlag
1257 3100 1505 3160 zurückzuführen
1539 3101 1611 3161 sein.

1634 3102 1845 3162 beeinflußten
1882 3101 1961 3161 seine
1998 3101 2209 3161 Entwicklung
2252 3102 2304 3162 und
2347 3103 2399 3163 das
2436 3104 2678 3164 Jugendmilieu
2721 3109 2821 3169 drückt

1631 3151 1731 3211 seinem
1779 3151 1916 3211 späteren
1953 3151 2095 3211 Schaffen
2132 3151 2211 3211 nicht
2238 3152 2374 3212 weniger
2407 3151 2459 3211 den
2496 3153 2644 3213 Stempel
2676 3155 2733 3215 auf
2760 3155 2818 3215 wie

1635 3199 1690 3259 sein
1723 3199 1889 3259 ärztlicher
1918 3200 2039 3260 Beruf.
2062 3199 2127 3259 Von
2161 3202 2333 3262 kleineren,
2355 3202 2460 3262 längst
2489 3202 2676 3262 vergessenen
2716 3205 2820 3265 Früh¬

503 3207 563 3267 Als
586 3206 680 3266 Artur
703 3205 864 3265 Schnitzler
892 3207 919 3267 im
953 3205 1053 3265 Jahre
1076 3205 1147 3265 1922
1176 3207 1275 3267 sechzig
1298 3207 1397 3267 Jahre
1426 3205 1469 3265 alt
1492 3207 1597 3267 wurde

1632 3247 1820 3307 produkten,
1842 3250 1885 3310 die
1907 3250 1933 3310 in
1961 3250 2015 3310 der
2037 3250 2209 3310 Zeitschrift
2232 3250 2291 3310 „An
2324 3250 2372 3310 der
2394 3250 2512 3310 schönen
2540 3252 2647 3312 blauen
2680 3252 2788 3312 Donau

415 3252 521 3312 schrieb
548 3255 690 3315 Gerhart
707 3253 940 3313 Hauptmann:
956 3252 1077 3312 „Artur
1099 3254 1279 3314 Schnitzlers
1306 3254 1422 3314 warme
1444 3252 1502 3312 und
1529 3252 1602 3312 feine

3211 3280 3330 3340 Hofrat

411 3303 582 3363 Begabung
610 3303 703 3363 besitzt
726 3303 809 3363 einen
837 3301 919 3361 Zug,
937 3300 986 3360 der
1009 3300 1036 3360 in
1064 3300 1268 3360 Deutschland
1291 3300 1379 3360 selten
1408 3300 1457 3360 ist,
1474 3299 1601 3359 Grazie.
1630 3295 1795 3355 erschienen
1835 3296 1917 3356 sind,
1946 3295 1978 3355 ist
2006 3294 2067 3354 sein
2101 3295 2211 3355 erstes,
2234 3297 2565 3357 aufsehenerregendes
2605 3299 2659 3359 und
2699 3303 2726 3363 in
2765 3303 2814 3363 der

2948 3348 3010 3408 Der
3043 3348 3105 3408 Tod
3144 3348 3245 3408 Artur
3271 3348 3289 3408 S

416 3351 465 3411 Es
493 3351 531 3411 ist
559 3351 685 3411 deutsche
719 3351 851 3411 Grazie,
874 3350 956 3410 keine
984 3349 1194 3409 französische.
1217 3348 1315 3408 Seine
1343 3348 1525 3408 Gestalten,
1548 3347 1602 3407 sein
1636 3345 1818 3405 damaligen
1857 3347 1928 3407 Zeit
1957 3345 2005 3405 als
2039 3344 2110 3404 kühn
2150 3345 2375 3405 empfundenes
2409 3345 2519 3405 Werk:
2542 3349 2723 3409 „Anatol",
2752 3351 2823 3411 ein¬

1626 3391 1733 3451 Reihe
1772 3394 1831 3454 von
1880 3393 2101 3453 dramatischen
2139 3395 2312 3455 Dialogen,
2350 3394 2398 3454 die
2437 3394 2518 3454 schon
2567 3396 2615 3456 die
2658 3399 2820 3459 Eigenart
2843 3398 2885 3458 ich
2918 3397 2977 3457 mit
3004 3397 3047 3457 ihm
3097 3396 3150 3456 seit
3172 3396 3269 3456 seinen

415 3399 557 3459 Theater
584 3399 615 3459 ist
637 3398 889 3458 unaufdringlich
921 3398 963 3458 bis
990 3399 1043 3459 zur
1070 3396 1233 3456 möglichen
1265 3399 1401 3459 Grenze.
1423 3399 1496 3459 Man
1528 3399 1602 3459 wird

2844 3444 2919 3504 Noch
2953 3444 2991 3504 an
3036 3444 3188 3504 Sonntag
3222 3446 3298 3506 habe

415 3447 510 3507 diesen
537 3447 657 3507 deshalb
684 3447 858 3507 manchmal
885 3447 927 3507 ein
949 3446 1043 3506 wenig
1070 3446 1132 3506 blaß
1154 3445 1360 3505 anmutenden
1387 3444 1602 3504 Schriftsteller
1630 3441 1819 3501 Schnitzlers
1857 3443 1972 3503 zeigen.
2021 3441 2099 3501 Sein
2132 3442 2263 3502 nächstes
2300 3443 2358 3503 und
2390 3441 2522 3501 zugleich
2554 3446 2612 3506 das
2644 3446 2717 3506 erste
2749 3447 2807 3507 auf

2842 3492 2901 3552 und
2932 3491 3011 3551 hatte
3036 3491 3096 3551 mit
3121 3492 3163 3552 ihm
3206 3491 3321 3551 verabr

419 3495 534 3555 immer
567 3495 677 3555 wieder
709 3494 882 3554 revidieren
919 3494 1050 3554 müssen,
1077 3492 1114 3552 um
1162 3492 1208 3552 die
1241 3494 1377 3554 farbigen
1414 3494 1509 3554 Reize
1541 3492 1598 3552 und
1631 3491 1778 3551 geführte
1805 3491 1894 3551 Werk
1921 3491 1983 3551 war
2015 3491 2099 3551 „Das
2131 3488 2315 3548 Märchen",
2336 3491 2388 3551 dem
2431 3491 2478 3551 die
2510 3494 2678 3554 „Liebelei“
2710 3497 2804 3557 folgte

2842 3540 2926 3600 Villa
2951 3539 3084 3599 besuchen
3115 3539 3217 3599 sollte.

417 3539 532 3599 großen
559 3544 758 3604 Schönheiten
785 3542 874 3602 seines
896 3541 1011 3601 Wertes
1043 3541 1121 3601 nicht
1143 3541 1174 3601 zu
1206 3540 1353 3600 verlieren
1390 3542 1448 3602 und
1475 3542 1521 3602 für
1548 3542 1595 3602 den
1633 3540 1691 3600 das
1723 3539 1827 3599 Werk,
1849 3539 1901 3599 das
1933 3541 2028 3601 seinen
2060 3539 2175 3599 Namen
2212 3539 2354 3599 berühmt
2381 3539 2512 3599 machte.
2534 3541 2575 3601 In
2607 3542 2691 3602 Wien
2728 3545 2801 3605 spiel

2946 3588 3013 3648 Mit
3037 3587 3139 3647 Artur
3168 3590 3316 3650 Schnitzle

418 3591 571 3651 deutschen
605 3592 797 3652 Dauerbesitz
820 3591 847 3651 zu
875 3590 991 3650 retten.
1008 3590 1074 3650 Den
1102 3590 1184 3650 Sinn
1212 3589 1261 3649 für
1284 3589 1450 3649 Schnitzler
1478 3590 1609 3650 besitzen,
1632 3590 1709 3650 auch
1743 3588 1802 3648 das
1836 3589 1952 3649 nächste
1991 3587 2095 3647 Stück:
2129 3587 2339 3647 „Freiwild",
2367 3587 2422 3647 das
2466 3588 2537 3648 1890
2577 3591 2736 3651 entstand.
2764 3595 2813 3655 In

2836 3638 2932 3698 steller
2965 3638 3081 3698 unserer
3114 3638 3178 3698 Zeit
3204 3638 3262 3698 und
3295 3635 3326 3695 de

418 3638 508 3698 heißt
531 3639 648 3699 Kultur
677 3640 812 3700 besitzen,
835 3639 891 3699 und
920 3638 970 3698 sich
999 3638 1055 3698 von
1089 3638 1252 3698 Schnitzler
1281 3638 1449 3698 angezogen
1484 3638 1608 3698 fühlen,
1637 3638 1732 3698 dieses
1755 3637 1839 3697 Jahr
1862 3636 1935 3696 fällt
1952 3637 2019 3697 auch
2048 3635 2093 3695 die
2110 3635 2296 3695 Entstehung
2325 3636 2375 3696 des
2398 3638 2578 3698 „Reigen",
2596 3641 2663 3701 zehn
2691 3641 2792 3701 Szene

420 3690 505 3750 heißt
527 3688 575 3748 die
603 3687 715 3747 Kultur
743 3686 861 3746 suchen.
900 3685 947 3745 Es
991 3685 1077 3745 sollte
1099 3687 1163 3747 viel
1185 3686 1271 3746 mehr
1320 3685 1368 3745 als
1396 3685 1422 3745 es
1450 3686 1611 3746 geschieht,
1638 3686 1697 3746 mit
1719 3685 1767 3745 dem
1805 3685 1934 3745 gleichen
1962 3682 2112 3742 erotischen
2145 3682 2377 3742 Grundmotiv,
2393 3682 2436 3742 die
2463 3684 2533 3744 aber
2555 3687 2614 3747 erst
2636 3689 2694 3749 viel
2717 3690 2813 3750 spätr
2841 3685 3121 3745 dahingegangen.
3143 3684 3185 3744 Er
3213 3685 3266 3745 hat
3299 3685 3320 3745 se

2840 3733 2877 3793 ist
2906 3733 2987 3793 dann
3026 3730 3201 3790 allmählich
3240 3730 3294 3790 zur

416 3736 587 3796 Schnitzler
615 3733 744 3793 gespielt
771 3733 932 3793 werden“.
949 3732 965 3792 —
1014 3732 1078 3792 Und
1111 3735 1250 3795 Thomas
1278 3734 1379 3794 Mann
1412 3735 1530 3795 nannte
1558 3734 1606 3794 die
1639 3733 1779 3793 gedruckt
1812 3731 1865 3791 und
1903 3732 1978 3792 1920
2011 3733 2102 3793 gegen
2140 3731 2188 3791 den
2227 3730 2334 3790 Willen
2372 3731 2420 3791 des
2458 3734 2598 3794 Dichters
2631 3738 2797 3798 aufgeführ

2840 3783 2954 3843 imme:
2982 3781 3041 3841 mit
3075 3779 3156 3839 einem
3206 3778 3287 3838 leisen

1632 3781 1776 3841 wurden.
1805 3782 1989 3842 Schnitzlers
2023 3780 2128 3840 Werke
2162 3778 2262 3838 reihen
2302 3781 2351 3841 sich
2386 3781 2446 3841 nun
2486 3782 2513 3842 in
2553 3783 2670 3843 rascher
2704 3787 2815 3847 Folge,

421 3785 594 3845 Stunden,
610 3785 657 3845 die
678 3782 710 3842 er
732 3781 757 3841 im
800 3783 931 3843 Theater
958 3780 1026 3840 oder
1053 3780 1079 3840 zu
1106 3783 1205 3843 Hause
1227 3783 1252 3843 im
1295 3784 1458 3844 Lehnstuhl
1480 3781 1537 3841 mit
1559 3781 1606 3841 der

1635 3826 1684 3886 Es
1718 3829 1911 3889 erschienen:
1961 3830 2049 3890 „Das
2105 3828 2369 3888 Vermächtnis",
2419 3829 2468 3889 die
2524 3832 2595 3892 drei
2646 3835 2816 3895 Einakter:
2839 3830 2988 3890 Anfänge
3021 3827 3109 3887 sallen
3148 3826 3175 3886 in
3220 3826 3280 3886 eine

421 3832 626 3892 Anschauung
658 3832 758 3892 seiner
785 3829 895 3889 Werke
943 3829 1137 3889 verbrachte,
1180 3829 1327 3889 Stunden
1381 3829 1607 3889 künstlerischer

1632 3875 1886 3935 „Paracelsus",
1915 3876 1993 3936 „Die
2027 3873 2235 3933 Gefährtin",
2281 3878 2371 3938 „Der
2400 3876 2501 3936 grüne
2536 3877 2699 3937 Kakadu",
2745 3880 2806 3940 sein
2841 3876 2998 3936 bedurfte,
3015 3875 3049 3935 um
3089 3875 3133 3935 die
3157 3873 3303 3933 österreich

419 3880 677 3940 Geborgenheit,
699 3879 1010 3939 unzweifelhaftesten
1052 3876 1257 3936 Vergnügens
1295 3876 1352 3936 und
1390 3875 1521 3935 glücklich
1559 3873 1606 3933 er¬

419 3931 531 3991 höhten
572 3928 836 3988 Lebensgefühls.
883 3927 975 3987 Diese
1002 3927 1114 3987 Worte
1142 3927 1254 3987 zweier
1301 3925 1419 3985 großer
1453 3924 1605 3984 deutscher
1639 3924 1757 3984 Drama
1805 3926 1890 3986 „Der
1917 3925 2049 3985 Schleier
2076 3924 2129 3984 der
2149 3924 2334 3984 Beatrice",
2355 3925 2427 3985 dann
2461 3927 2513 3987 der
2541 3927 2792 3987 Einakterzyklus
2839 3926 2898 3986 vor
2918 3925 2971 3985 der
2998 3923 3077 3983 Welt
3097 3922 3209 3982 wieder
3237 3921 3256 3981 in
3290 3921 3322 3981 de
