3392 4352
186 262 285 322 2.
346 264 936 324 Schnitzler's
997 265 1236 325 Death

1441 267 1576 327 box
1649 270 1840 330 43/1

794 779 1103 839 RVER

464 837 490 897 I.
504 838 625 898 österr.
639 838 788 898 behördl.
802 840 1107 900 konzessioniertes

422 879 662 939 Unternehmen
691 879 738 939 für
762 882 1154 942 Zeitungs-Ausschnitte

477 939 625 999 WIEN,
653 941 707 1001 I.,
728 942 1012 1002 WOLLZEILE
1060 942 1100 1002 11

577 989 797 1049 TELEPHON
829 992 1006 1052 R-23-0-43

377 1133 596 1193 Ausschnitt
626 1133 715 1193 aus:

235 1452 555 1512 Ausschnitt
595 1455 664 1515 aus

375 1565 515 1625 Udlor

691 1649 824 1709 a
1066 1652 1157 1712 d

799 1734 1122 1794 10103

247 1747 621 1807 Nr.vom.

1246 1868 1515 1928 Inslationszelt
1541 1870 1564 1930 so
1590 1875 1786 1935 ungeheures
1824 1878 1970 1938 Aufsehen
1996 1883 2118 1943 eregte
2158 1889 2291 1949 Werten.
2318 1895 2378 1955 So,
2404 1897 2464 1957 aus
2490 1897 2550 1957 dem
2588 1900 2685 1960 lesen
2711 1904 2833 1964 Klassen
2859 1908 3005 1968 zwischen

417 1891 639 1951 Arthur
685 1900 989 1960 Schnitzler

1234 1903 1303 1963 und
1349 1907 1393 1967 die
1419 1909 1539 1969 Zensur
1580 1911 1791 1971 beschäftigte,
1816 1915 1871 1975 der
1896 1916 1946 1976 den
1977 1921 2112 1981 Sexual=
2138 1926 2313 1986 Phankasie
2339 1931 2398 1991 und
2429 1935 2585 1995 Realität,
2600 1937 2645 1997 kam
2690 1939 2720 1999 er
2751 1941 2776 2001 zu
2811 1944 2891 2004 einer
2917 1944 3011 2004 feiner

1232 1944 1336 2004 genuß
1369 1944 1418 2004 zum
1459 1947 1595 2007 Zentrum
1637 1948 1718 2008 einer
1746 1952 1855 2012 ganzen
1887 1956 2091 2016 Dramenreih

366 1963 445 2023 ...
462 1963 525 2023 und
557 1965 614 2025 sein
652 1968 884 2028 hinterlassenes
917 1972 1022 2032 Werk:
1049 1980 1154 2040 „Fluch

2136 1964 2251 2024 tiefsten
2286 1971 2497 2031 Dichtungen,
2517 1975 2547 2035 zu
2583 1974 2632 2034 der
2658 1978 2858 2038 Ich=Novelle
2894 1983 3009 2043 „Fräu¬

1235 1980 1355 2040 machen
1385 1983 1509 2043 konnte;
1530 1983 1563 2043 da
1597 1987 1713 2047 werden
1747 1989 1801 2049 von
1830 1992 1880 2052 den
1913 1995 2104 2055 handelnder

603 2006 633 2066 in
665 2007 711 2067 die
742 2010 943 2070 Finsternis"

2135 2001 2192 2061 lein
2226 2001 2331 2061 Else",
2360 2007 2388 2067 in
2433 2010 2485 2070 der
2524 2013 2571 2073 sich
2610 2015 2782 2075 erträumte
2812 2020 2917 2080 Erotik
2956 2022 3013 2082 mit

1236 2018 1397 2078 Menschen
1427 2022 1666 2082 Leidenschaften
1696 2028 1857 2088 gedichtei,
1896 2030 1930 2090 an
1980 2033 2028 2093 die
2068 2036 2106 2096 sie
2137 2038 2190 2098 der
2220 2044 2322 2104 krassen
2352 2047 2537 2107 Forderung
2567 2052 2615 2112 des
2650 2056 2850 2116 Augenblicks
2880 2060 3011 2120 streitet;

593 2059 664 2119 Von
696 2063 788 2123 Felix
814 2067 938 2127 Panten

1234 2058 1328 2118 selbst
1344 2059 1424 2119 nicht
1444 2061 1594 2121 glauben,
1610 2064 1644 2124 da
1670 2064 1750 2124 wird
1775 2067 1820 2127 die
1845 2070 2051 2130 Leidenschaft
2071 2075 2096 2135 zu
2132 2076 2187 2136 die
2232 2080 2317 2140 ihren
2363 2086 2563 2146 allergrößten
2599 2090 2708 2150 Erfolg
2744 2094 2814 2154 aber
2844 2098 2929 2158 durch
2960 2100 2999 2160 ein

2125 2118 2306 2178 technisches
2340 2123 2444 2183 Mittel
2464 2126 2559 2186 dieser
2584 2129 2674 2189 neuen
2703 2132 2774 2192 Zeit
2794 2133 2931 2193 erzielte,
2946 2136 2998 2196 von

368 2121 451 2181 Nach
492 2126 584 2186 Hugo
649 2127 707 2187 von
753 2134 1033 2194 Hofmannsthal:
1088 2138 1210 2198 Arthur

2127 2153 2185 2213 der
2211 2156 2254 2216 die
2284 2159 2407 2219 Wiener
2437 2165 2638 2225 Romantiker
2663 2168 2756 2228 nichts
2791 2173 2889 2233 wissen
2924 2174 3006 2234 woll¬

321 2161 509 2221 Schnitzler.
547 2165 642 2225 Zwei
671 2170 940 2230 Repräsentanten
979 2175 1063 2235 einer
1092 2179 1210 2239 Kultur

2127 2190 2204 2250 ten:
2221 2194 2308 2254 durch
2337 2198 2386 2258 die
2414 2203 2612 2263 Verfilmung
2646 2207 2700 2267 mit
2723 2210 2882 2270 Elisabeth
2905 2216 3004 2276 Berg¬

334 2201 395 2261 sind
431 2204 708 2264 dahingegangen,
731 2207 779 2267 die
810 2209 889 2269 nicht
916 2212 1031 2272 wieder
1062 2216 1203 2276 aufleben

327 2237 424 2297 wird,
442 2240 517 2300 weil
540 2243 588 2303 ihr
611 2243 663 2303 der
691 2245 877 2305 Nährboden
909 2251 1055 2311 entzogen
1086 2253 1192 2313 wurde

2166 2271 2229 2331 Ja,
2251 2273 2314 2333 wir
2341 2275 2403 2335 sind
2436 2279 2567 2339 grausam
2616 2282 2737 2342 erweckt
2764 2286 2911 2346 worden,
2938 2289 2995 2349 und

320 2274 379 2334 das
412 2277 471 2337 alte
499 2279 604 2339 Wien.
627 2282 714 2342 Weil
733 2282 783 2342 ihr
811 2285 856 2345 die
884 2289 1094 2349 Atmosphäre
1122 2291 1209 2351 man¬

2130 2306 2177 2366 als
2206 2309 2239 2369 um
2278 2312 2330 2372 das
2355 2315 2440 2375 Jahr
2465 2318 2526 2378 1910
2555 2318 2603 2378 die
2627 2321 2713 2381 ersten
2742 2326 2995 2386 Expressionisten

327 2315 404 2375 gelt,
427 2315 454 2375 in
487 2317 541 2377 der
569 2318 604 2378 sie
632 2321 773 2381 gedeihen
810 2324 960 2384 kennten:
988 2328 1037 2388 die
1065 2329 1210 2389 selbstzu¬

2117 2344 2177 2404 den
2225 2351 2421 2411 kommenden
2454 2353 2608 2413 Weltkrieg
2655 2358 2716 2418 mit
2753 2361 2837 2421 roten
2875 2365 3005 2425 Brand¬

328 2353 467 2413 friedene
496 2356 673 2416 Windstille
707 2359 760 2419 des
794 2361 981 2421 Vorkriegs,
1015 2366 1043 2426 in
1077 2367 1130 2427 der
1159 2368 1206 2428 die

2122 2383 2268 2443 schwaden
2315 2386 2352 2446 am
2409 2393 2569 2453 Horizont
2608 2397 2833 2457 verkündeten,
2852 2404 2918 2464 war
2952 2404 2998 2464 die

328 2392 548 2452 Sonderlinge
586 2395 740 2455 wurden,
779 2398 826 2458 die
850 2401 1008 2461 Grübler,
1033 2406 1205 2466 Sinnierer

2122 2422 2247 2482 Wiener
2276 2428 2454 2488 Dekadence
2484 2432 2638 2492 eigentlich
2667 2436 2816 2496 erledigt.
2860 2440 2918 2500 Sie
2952 2443 3005 2503 hat

326 2428 391 2488 und
418 2433 630 2493 Dekadenten.
671 2434 715 2494 Es
750 2437 891 2497 mangelt
923 2440 1015 2500 ihnen
1047 2443 1131 2503 heute
1162 2445 1210 2505 die

2118 2460 2231 2520 weiter
2275 2464 2393 2524 gelebt,
2432 2469 2506 2529 aber
2531 2470 2618 2530 Hugo
2653 2472 2702 2532 von
2742 2479 2997 2539 Hofmannsthal

318 2467 397 2527 Luft
421 2470 473 2530 des
511 2471 728 2531 Caséhauses,
758 2476 804 2536 die
833 2479 1021 2539 literarische
1055 2482 1196 2542 Bohème

2118 2500 2260 2560 schwieg,
2280 2503 2338 2563 und
2368 2506 2535 2566 Schnitzler
2555 2511 2717 2571 versuchte,
2737 2515 2781 2575 sich
2811 2517 2864 2577 auf
2884 2518 2928 2578 die
2953 2516 2996 2576 so¬

324 2503 346 2563 in
383 2506 433 2566 der
461 2509 556 2569 dieses
584 2509 720 2569 Gebilde
744 2515 898 2575 erwuchs,
940 2518 998 2578 das
1031 2520 1099 2580 man
1131 2520 1171 2580 Im

2114 2539 2184 2599 zial
2212 2540 2393 2600 beherrschte
2422 2545 2618 2605 Gegenwart
2642 2550 2855 2610 umzustellen,
2888 2556 2976 2616 indem

320 2545 575 2605 pressionismus
634 2550 752 2610 nennt.

776 2548 836 2608 Ein
897 2559 1017 2619 großes
1073 2559 1202 2619 Drama

2112 2571 2151 2631 er
2176 2576 2229 2636 den
2264 2580 2382 2640 schönen
2417 2583 2539 2643 Roman
2575 2588 2741 2648 „Therese"
2771 2592 2893 2652 schrieb,
2933 2594 2991 2654 das

321 2583 489 2643 Schnitzler
548 2584 638 2644 heißt
687 2591 860 2651 „Liebelei"
895 2586 904 2646 —
957 2595 1039 2655 nicht
1068 2596 1193 2656 „Liebe“

2112 2614 2264 2674 Schicksal
2289 2618 2374 2678 eines
2427 2624 2536 2684 jungen
2570 2625 2737 2685 Mädchens
2780 2630 2856 2690 „aus
2886 2631 2976 2691 gutem

321 2619 429 2679 Liebe,
470 2624 528 2684 das
559 2625 643 2685 hieße
673 2628 717 2688 ja,
738 2631 831 2691 große
861 2632 1089 2692 Leidenschaft;
1134 2635 1207 2695 aber

2117 2652 2255 2712 Hause",
2272 2655 2321 2715 dem
2366 2658 2415 2718 der
2443 2661 2509 2721 Weg
2537 2663 2597 2723 und
2626 2667 2680 2727 das
2709 2668 2780 2728 Weh
2814 2670 2885 2730 alles
2907 2673 2995 2733 Flei¬

318 2658 457 2718 Liebelei
500 2661 537 2721 ist
566 2664 622 2724 das
655 2668 931 2728 Unverbindliche,
955 2671 1011 2731 das
1049 2673 1203 2733 Nichtver¬

2113 2691 2195 2751 sches
2228 2694 2305 2754 nicht
2331 2697 2450 2757 erspart
2478 2699 2565 2759 wird.

320 2697 520 2757 pflichtende,
539 2701 595 2761 das
623 2703 754 2763 Spielen
792 2708 847 2768 mit
871 2709 922 2769 der
945 2709 1033 2769 Liebe

2149 2729 2218 2789 Nun
2251 2732 2287 2792 ist
2304 2732 2363 2792 vor
2385 2734 2523 2794 wenigen
2556 2738 2657 2798 Tagen
2684 2741 2732 2801 die
2759 2744 2839 2804 letzte
2861 2747 2994 2807 Schnitz¬

353 2734 446 2794 Und:
472 2738 561 2798 „Wir
586 2741 699 2801 spielen
735 2742 868 2802 immer;
889 2745 952 2805 wer
983 2747 1012 2807 es
1047 2750 1146 2810 weiß,
1166 2750 1205 2810 ist

2112 2768 2308 2828 ler=Novelle
2334 2772 2524 2832 erschienen:
2550 2777 2623 2837 „Die
2648 2779 2755 2839 Flucht
2781 2780 2810 2840 in
2845 2784 2888 2844 die
2914 2786 2991 2846 Fin¬

315 2774 418 2834 klug,"
444 2775 528 2835 heißt
548 2777 592 2837 ein
623 2778 701 2838 Vers
731 2783 938 2843 Schnitzlers.

2112 2805 2264 2865 sternis".
2304 2809 2380 2869 Man
2423 2812 2533 2872 könnte
2563 2816 2735 2876 synbolisch
2764 2820 2898 2880 deuten:
2947 2822 2975 2882 di

350 2813 410 2873 Sie
453 2813 561 2873 waren
604 2816 665 2876 alle
693 2819 815 2879 einmal
839 2822 1107 2882 symptomatische
1136 2825 1182 2885 Ge

2118 2843 2230 2903 Flucht
2254 2846 2307 2906 vor
2331 2848 2384 2908 der
2408 2851 2508 2911 harten
2544 2852 2615 2912 Zeit
2646 2855 2757 2915 Flucht
2782 2858 2805 2918 in
2835 2858 2888 2918 den
2918 2861 2976 2921 Tod

310 2849 438 2909 stalten:
457 2852 544 2912 Hugo
572 2855 626 2915 von
654 2858 925 2918 Hofmannsthal,
944 2863 1045 2923 Artur
1068 2864 1196 2924 Schnitz¬

2112 2882 2193 2942 Noch
2222 2885 2341 2945 einmal
2365 2888 2432 2948 faßt
2457 2890 2624 2950 Schnitzler
2648 2893 2695 2953 sich
2725 2894 2749 2954 in
2787 2897 2878 2957 diesem
2921 2898 2993 2958 klei¬

314 2888 363 2948 ler
391 2888 450 2948 und
482 2891 536 2951 der
564 2894 659 2954 dritte
692 2894 714 2954 in
746 2896 841 2956 dieser
869 2898 987 2958 Reihe:
1033 2903 1191 2963 Hermann

2102 2921 2166 2981 nen
2200 2923 2279 2983 Buch
2312 2927 2509 2987 zusammen,
2529 2929 2613 2989 indem
2660 2930 2688 2990 er
2716 2932 2772 2992 alle
2806 2934 2885 2994 seine
2909 2935 2993 2995 Vor¬

307 2927 416 2987 Bahr,
435 2929 485 2989 der
513 2929 571 2989 uns
599 2930 654 2990 das
682 2933 882 2993 wundervoll
906 2937 1065 2997 verspielte
1098 2941 1175 3001 „Kon

2105 2959 2188 3019 züge
2228 2962 2409 3022 offenbart,
2444 2963 2492 3023 die
2517 2965 2615 3025 Kunst
2650 2966 2703 3026 der
2733 2973 2992 3033 Seelenanalyse,

314 2965 395 3025 zert"
423 2968 604 3028 geschrieben
646 2971 709 3031 hat.
751 2971 810 3031 Sie
837 2975 1009 3035 bewiesen,
1033 2977 1091 3037 wie
1124 2977 1196 3037 koeit

2105 2995 2171 3055 aus
2205 2996 2257 3056 der
2286 2998 2319 3058 am
2362 3000 2452 3060 Ende
2481 3002 2524 3062 die
2553 3006 2710 3066 Synthese
2735 3010 2834 3070 wird.
2878 3013 2920 3073 Es
2954 3010 2977 3070 is

310 3001 360 3061 sich
392 3004 437 3064 die
469 3006 619 3066 Dichtung
651 3007 705 3067 von
738 3007 792 3067 dem
833 3010 942 3070 trüben
983 3014 1037 3074 und
1070 3016 1183 3076 grauen

1491 3036 1607 3096 Arthur
1634 3040 1797 3100 Schnitzler

2106 3034 2166 3094 das
2199 3037 2273 3097 Buch
2311 3037 2320 3097 -
2358 3040 2423 3100 man
2456 3041 2526 3101 kann
2554 3043 2582 3103 es
2610 3044 2699 3104 heute
2723 3046 2806 3106 sagen
2839 3049 2848 3109 —
2891 3052 2993 3112 eines,

317 3043 564 3103 Naturalismus
596 3046 737 3106 entfernt
760 3048 857 3108 hatte,
879 3051 927 3111 der
959 3052 1051 3112 nichts
1083 3052 1184 3112 wollte

2100 3071 2157 3131 der
2182 3073 2240 3133 von
2269 3076 2321 3136 der
2347 3076 2428 3136 Welt
2453 3079 2588 3139 Abschied
2618 3083 2748 3143 nimmt.
2768 3087 2864 3147 Eines
2899 3088 2989 3148 Men¬

310 3079 360 3139 als
392 3082 437 3142 die
460 3082 678 3142 unerbittliche
705 3085 764 3145 und
796 3087 877 3147 harte
905 3091 1100 3151 Wirklichkeit
1123 3090 1182 3150 auf

2113 3112 2208 3172 schen,
2228 3114 2275 3174 der
2300 3115 2348 3175 sich
2372 3116 2539 3176 einbildet,
2560 3119 2621 3179 eine
2646 3121 2766 3181 blutige
2790 3124 2905 3184 Schuld
2934 3126 2962 3186 an

307 3121 425 3181 zeigen.
447 3122 668 3182 Wirklichkeit?
712 3122 782 3182 Das
815 3125 879 3185 war
912 3126 1003 3186 diesen
1036 3128 1176 3188 Dichtern
1210 3124 1301 3184 einer
1323 3125 1457 3185 Episode
1485 3128 1674 3188 erniedrigt:
1702 3134 1787 3194 „Wir
1810 3136 1922 3196 spielen
1955 3141 2084 3201 immer;
2113 3147 2160 3207 sich
2188 3150 2312 3210 gelaben
2339 3151 2371 3211 zu
2399 3154 2511 3214 haben,
2528 3156 2577 3216 der
2599 3157 2685 3217 gegen
2718 3160 2809 3220 dieses
2837 3162 2976 3222 Bewant

305 3156 349 3216 ein
379 3156 462 3216 böses
492 3159 596 3219 Wort.
616 3159 675 3219 Sie
695 3160 804 3220 liebten
834 3162 882 3222 es,
898 3165 927 3225 zu
957 3165 1100 3225 tändeln,
1120 3168 1169 3228 dem
1219 3161 1283 3221 wer
1308 3160 1332 3220 es
1362 3165 1456 3225 weiß,
1476 3165 1510 3225 ist
1525 3165 1613 3225 klug“

2108 3186 2164 3246 sein
2197 3189 2347 3249 anringt,
2372 3190 2423 3250 dem
2465 3192 2498 3252 er
2526 3195 2592 3255 doch
2621 3199 2766 3259 stündlich
2800 3203 2888 3263 tiefer
2922 3204 2968 3264 ve.

308 3195 471 3255 flüchtigen
509 3197 621 3257 Rausch
654 3198 705 3258 des
743 3201 949 3261 Augenblicks
996 3206 1169 3266 nachzuhän

1241 3207 1324 3267 Weil
1345 3210 1396 3270 wir
1418 3213 1531 3273 immer
1553 3216 1687 3276 spielen,
1703 3217 1801 3277 halten
1829 3218 1890 3278 wir
1912 3222 1968 3282 uns
2000 3224 2077 3284 nicht
2109 3222 2192 3282 fällt.
2208 3225 2254 3285 Es
2286 3228 2321 3288 ist
2348 3230 2416 3290 auch
2447 3231 2488 3291 ein
2525 3231 2618 3291 Buch,
2645 3235 2696 3295 das
2728 3240 2873 3300 gleichsam
2920 3243 2982 3303 eine

305 3236 383 3296 gen,
398 3234 446 3294 sich
476 3234 534 3294 und
564 3234 632 3294 ihre
657 3238 882 3298 Stimmungen
917 3243 946 3303 zu
981 3243 1185 3303 zergiedern.
1215 3245 1249 3305 an
1284 3247 1332 3307 die
1357 3249 1469 3309 Tamen
1504 3252 1557 3312 der
1592 3255 1719 3315 „großen
1754 3258 1870 3318 Welt";
1895 3260 1959 3320 wir
1984 3263 2071 3323 gehen
2106 3264 2311 3324 Abrechnung
2351 3267 2409 3327 mit
2434 3269 2488 3329 der
2518 3273 2776 3333 Vergangenheit
2801 3280 2986 3340 vornimmt,

308 3268 370 3328 Sie
394 3273 620 3333 analysierten.
664 3276 725 3336 Sie
755 3279 869 3339 trieben

959 3282 1032 3342 lang
1082 3282 1179 3342 bevor
1214 3284 1242 3344 in
1272 3285 1316 3345 die
1341 3288 1482 3348 Vorstadt
1502 3289 1561 3349 und
1591 3293 1693 3353 finden
1723 3294 1791 3354 dort
1816 3297 1869 3357 das
1899 3299 1986 3359 „süße
2011 3300 2079 3360 Mä¬
2109 3302 2167 3362 das
2192 3303 2236 3363 sich
2266 3304 2319 3364 und
2349 3306 2407 3366 uns
2432 3309 2525 3369 fragt,
2545 3309 2598 3369 wie
2623 3314 2696 3374 weit
2716 3316 2760 3376 die
2790 3319 2857 3379 „fixe
2883 3318 2960 3378 Idee

306 3309 464 3369 Sigmund
502 3312 610 3372 Frend
648 3315 765 3375 erstand

892 3319 1175 3379 literalische
1207 3321 1289 3381 del",
1310 3324 1351 3384 die
1377 3326 1428 3386 mit
1450 3328 1495 3388 sich
1522 3329 1630 3389 spielen
1662 3330 1744 3390 läßt,
1760 3333 1801 3393 die
1827 3335 1894 3395 man
1920 3336 1981 3396 mit
1998 3337 2069 3397 allen
2106 3338 2183 3398 über
2209 3340 2255 3400 die
2276 3343 2411 3403 gesunde
2437 3345 2597 3405 Vernunft
2618 3350 2767 3410 herrschen
2799 3355 2906 3415 könne,
2928 3356 2979 3416 das

306 3349 678 3409 Psychoanalyse,
696 3353 746 3413 die
770 3353 824 3413 den
856 3355 1001 3415 Urgrund
1033 3358 1106 3418 aller
1120 3358 1178 3418 Er=
1198 3362 1424 3422 romantischen
1457 3366 1670 3426 Ornamenten
1703 3370 1870 3430 umkleiden
1903 3375 1993 3435 kann.
2012 3377 2066 3437 Die

2101 3377 2306 3437 Wirklichkeit
2330 3380 2385 3440 und
2418 3383 2525 3443 Spiel,
2549 3389 2651 3449 Traum
2698 3389 2753 3449 und
2786 3393 2846 3453 Tag
2879 3394 2977 3454 inein¬

300 3385 425 3445 lebnisse
472 3389 639 3449 irgendwo
691 3389 718 3449 im
765 3394 1053 3454 Unterbewußtsein
1109 3398 1178 3458 auf=
1207 3400 1253 3460 ses
1286 3402 1355 3462 süße
1384 3403 1495 3463 Mädel
1514 3405 1639 3465 stammt
1662 3407 1718 3467 aus
1746 3410 1843 3470 diesem
1885 3413 2001 3473 Kreise,
2025 3414 2075 3474 der
2109 3415 2206 3475 ander
2230 3418 2397 3478 übergehen
2430 3425 2513 3485 läßt,
2532 3425 2564 3485 um
2606 3425 2652 3485 die
2681 3428 2759 3488 letzte
2787 3432 2903 3492 Lösung
2936 3431 2959 3491 im

307 3425 414 3485 spürt;
437 3425 469 3485 sie
498 3427 669 3487 gewannen
702 3428 766 3488 also
790 3432 1021 3492 Erkenntnisse,
1045 3436 1091 3496 die
1119 3435 1170 3495 von
1213 3438 1309 3498 nichts
1338 3440 1425 3500 dafür
1454 3443 1546 3503 kann,
1584 3446 1639 3506 daß
1672 3446 1708 3506 sie
1737 3448 1815 3508 dann
1848 3450 2065 3510 operettenhaf

2103 3452 2185 3512 Tode
2212 3456 2237 3516 zu
2268 3458 2387 3518 finden.
2403 3461 2449 3521 Im
2491 3463 2594 3523 Tode:
2610 3466 2667 3526 das
2693 3469 2729 3529 ist
2750 3470 2806 3530 nun
2838 3474 2904 3534 sehr
2926 3472 2977 3532 be¬

297 3461 348 3521 der
372 3464 581 3524 Wissenschaft
606 3467 707 3527 später
736 3467 791 3527 nur
820 3471 964 3531 bestätigt
988 3473 1015 3533 zu
1049 3473 1165 3533 werden
1202 3477 1361 3537 verkitscht
1394 3480 1501 3540 wurde
1530 3482 1538 3542 -
1595 3483 1660 3543 auch
1693 3485 1748 3545 das
1781 3488 1898 3548 geschah
1931 3492 1996 3552 nach
2029 3492 2079 3552 ge¬
2103 3492 2234 3552 deutsam
2272 3497 2429 3557 geworden

300 3501 448 3561 brauhen
481 3500 494 3560 —
541 3502 597 3562 von
630 3505 727 3565 dieser
755 3509 978 3569 Wissenschaft,
997 3512 1043 3572 die
1072 3512 1178 3572 gleich=
1211 3515 1308 3575 wissen
1341 3518 1495 3578 Gesetzen.
1514 3520 1587 3580 Aber
1616 3520 1643 3580 es
1672 3522 1741 3582 gibt
1765 3523 1829 3583 doch
1858 3527 1955 3587 einige
1983 3528 2066 3588 „amt

2136 3528 2218 3588 Aber
2255 3534 2312 3594 das
2349 3535 2437 3595 Werk
2463 3538 2650 3598 Schnitzlers
2681 3543 2691 3603 —
2744 3544 2811 3604 lebt
2837 3549 2863 3609 es
2895 3550 2977 3610 nicht

300 3541 366 3601 falls
396 3541 453 3601 auf
477 3542 606 3602 Wiener
636 3544 740 3604 Boden
789 3546 913 3606 gedieh.
952 3550 1067 3610 Solche
1110 3548 1278 3608 Ge¬liche
1307 3557 1513 3617 Instanzen",
1557 3558 1604 3618 die
1633 3559 1686 3619 dem
1734 3562 1935 3622 spielerischen
1974 3565 2070 3625 Leben
2108 3568 2218 3628 mehr?

297 3575 405 3635 winne
433 3577 446 3637 —
501 3578 532 3638 es
564 3582 627 3642 sind
687 3585 800 3645 immer
832 3586 877 3646 die
913 3589 1176 3649 Selbstbespiege=
1203 3590 1248 3650 ein
1285 3593 1371 3653 Ende
1403 3596 1534 3656 machen,
1575 3598 1624 3658 als
1657 3599 1688 3659 da
1725 3601 1783 3661 sind
1815 3603 1973 3663 Behörden
2010 3602 2064 3662 und

2138 3607 2233 3667 Zwar
2260 3608 2296 3668 ist
2324 3608 2371 3668 die
2398 3610 2455 3670 Alt
2472 3613 2599 3673 Wiener
2620 3619 2694 3679 Zeit
2716 3619 2779 3679 tot,
2822 3622 2890 3682 aber
2923 3625 2970 3685 die

290 3618 408 3678 lungen
441 3616 491 3676 des
519 3619 642 3679 eigenen
675 3622 770 3682 Ichs,
789 3622 802 3682 —
849 3625 926 3685 legte
949 3628 1118 3688 Schnitzler
1142 3628 1155 3688 i

1205 3631 1349 3691 Militär,
1386 3634 1432 3694 die
1461 3637 1590 3697 grausam
1632 3637 1659 3697 in
1692 3639 1757 3699 eine
1785 3642 1942 3702 verspielte
1971 3642 2072 3702 Träu=
2097 3645 2258 3705 Träumer
2282 3648 2384 3708 leben.
2407 3650 2453 3710 Es
2482 3651 2560 3711 wird
2588 3655 2699 3715 immer
2727 3657 2773 3717 die
2806 3660 2959 3720 Menschen

300 3656 398 3716 seinen
435 3655 598 3715 Einaktern
635 3660 693 3720 und
725 3661 870 3721 Novellen
906 3664 1028 3724 nieder,
1051 3666 1082 3726 er
1110 3666 1177 3726 ver=
1210 3667 1309 3727 merei
1332 3672 1549 3732 hineinplatzen
1586 3674 1716 3734 können.
1758 3676 1825 3736 Aus
1858 3679 1965 3739 solchen
2002 3680 2056 3740 Dis

2091 3682 2207 3742 geben,
2245 3685 2296 3745 die
2339 3687 2371 3747 an
2427 3688 2478 3748 dem
2516 3691 2706 3751 Widerstreit
2735 3697 2869 3757 zwischen
2903 3700 2963 3760 Tag

297 3692 421 3752 dichtete
447 3694 482 3754 sie
507 3695 562 3755 und
588 3698 627 3758 sie
648 3700 818 3760 gewannen
844 3701 978 3761 Gestalt.
994 3705 1039 3765 Da
1064 3705 1104 3765 ist
1125 3706 1174 3766 der
1200 3707 1385 3767 harmonien
1431 3712 1545 3772 können
1601 3715 1766 3775 literarisch
1812 3717 1937 3777 köstliche
1967 3718 2067 3778 Dinge

2091 3718 2156 3778 und
2185 3723 2291 3783 Traum
2334 3725 2426 3785 leiden
2460 3726 2468 3786 —
2520 3728 2604 3788 heute
2632 3732 2781 3792 vielleicht
2805 3735 2888 3795 mehr
2917 3738 2958 3798 al¬

300 3732 393 3792 junge
416 3732 537 3792 Dichter
560 3735 732 3795 „Anatol“,
751 3736 797 3796 der
820 3738 880 3798 mit
904 3740 996 3800 seinem
1034 3742 1354 3802 Schwer=ersteben,
1368 3750 1549 3810 Schnitzlers
1586 3753 1697 3813 „Spiel
1721 3753 1748 3813 im
1791 3757 2041 3817 Morgengrauen

2087 3759 2227 3819 jemals,
2261 3762 2349 3822 wenn
2396 3763 2466 3823 auch
2518 3767 2606 3827 unter
2654 3771 2784 3831 anderen
2823 3774 2967 3834 Formen.

297 3771 367 3831 mut
394 3771 563 3831 kokettiert,
608 3774 661 3834 der
711 3775 772 3835 mit
818 3776 870 3836 der
902 3777 991 3837 Liebe
1027 3781 1084 3841 und
1120 3780 1169 3840 der

1273 3783 1340 3843 eine
1370 3788 1563 3848 zisterhaft
1593 3792 1728 3852 erzählte
1758 3792 1888 3852 Novelle
1918 3792 1932 3852 —
1986 3795 2058 3855 oder

2093 3797 2198 3857 Ihnen
2232 3798 2241 3858 —
2289 3800 2346 3860 und
2375 3801 2451 3861 nicht
2471 3804 2528 3864 nur
2552 3806 2638 3866 ihnen
2667 3807 2705 3867 -.
2725 3810 2800 3870 wird
2830 3813 2877 3873 der
2902 3813 2949 3873 ver

295 3810 418 3870 Frauen
452 3810 542 3870 spielt
562 3810 614 3870 —:
634 3813 771 3873 Liebelei
805 3815 848 3875 Da
877 3816 915 3876 ist
934 3816 986 3876 der
1011 3818 1172 3878 Einakter=
1197 3822 1277 3882 ganz
1302 3823 1501 3883 freudanisch
1526 3828 1664 3888 zwischen
1693 3831 1754 3891 Tag
1784 3831 1840 3891 und
1869 3832 1974 3892 Traum
2017 3834 2065 3894 die

2093 3834 2232 3894 storbene
2271 3840 2398 3900 Arthur
2437 3845 2602 3905 Schnitzler
2647 3849 2729 3909 nicht
2781 3852 2952 3912 verstorben

305 3851 422 3911 Zyklus
450 3852 622 3912 „Relgen",
660 3853 713 3913 der
751 3855 895 3915 einmal,
915 3857 950 3917 es
978 3857 1041 3917 war
1060 3858 1096 3918 in
1124 3860 1169 3920 der
1206 3863 1505 3923 „Traumnobelle",
1534 3866 1606 3926 eins
1643 3869 1706 3929 von
1734 3873 1924 3933 Schnitzlers
1962 3873 2052 3933 letzten
2098 3877 2170 3937 sein.
