3248 4384
2714 591 2780 651 Nr.
2812 590 2933 650 13.624

938 596 1045 656 Neues
1076 593 1201 653 Wiener
1226 593 1382 653 Journal

1878 595 1949 655 26.
1971 596 2114 656 Oktober
2142 591 2217 651 1931

185 599 283 659 hntag

195 681 240 741 ese
269 677 416 737 Angriffe
435 676 582 736 wehren.
601 676 665 736 mit
712 676 767 736 dem
823 676 1036 736 Astronomen
1083 673 1304 733 Astrgnomin,
1342 674 1405 734 mit
1453 676 1507 736 dem
1563 677 1776 737 Philosophen
1795 673 1905 733 Urteils
1934 673 2081 733 Kenntnis
2110 672 2229 732 erhielt.
2248 671 2313 731 Was
2342 670 2470 730 darüber
2499 671 2525 731 zu
2554 671 2627 731 sagen
2665 666 2701 726 ist
2720 665 2738 725 —
2785 666 2886 726 mögen
2914 665 2969 725 Sie

1802 712 1830 772 in
1859 713 1954 773 Ihrem
1993 709 2107 769 eigenen
2141 709 2251 769 Artikel
2275 709 2433 769 nachlesen.
2457 709 2504 769 Ich
2534 707 2648 767 brauche
2677 704 2724 764 Sie
2754 704 2830 764 wohl
2859 703 2930 763 nicht
2954 701 2983 761 zu

604 726 807 786 Philosophin
842 725 897 785 und
932 724 988 784 mit
1017 724 1067 784 dem
1107 721 1254 781 Sportler
1283 721 1469 781 Sportlerin
1498 724 1553 784 sein
1588 722 1599 782 —
1656 727 1683 787 je
1712 727 1774 787 nach

188 727 320 787 usrede,
343 725 398 785 daß
432 724 465 784 er
494 721 571 781 seine

1798 750 1966 810 versichern,
1994 748 2039 808 daß
2076 748 2116 808 die
2144 748 2317 808 Kränkung,
2345 745 2385 805 die
2413 745 2467 805 mir
2499 745 2576 805 durch
2609 745 2649 805 die
2677 742 2908 802 Enunziationen
2945 737 2990 797 der

601 772 742 832 Bedarf.
765 774 827 834 Der
856 775 1042 835 betreffende
1071 769 1206 829 Partner
1235 769 1347 829 glaubt
1376 769 1404 829 in
1439 773 1534 833 seiner
1563 775 1777 835 „männlichen

186 775 227 835 sich
265 774 338 834 aber
370 774 430 834 sind
468 772 498 832 es
529 772 565 832 be

1805 787 1968 847 feindlichen
2001 787 2096 847 Presse
2124 787 2315 847 (unleserliche
2342 784 2451 844 Stelle)
2474 784 2542 844 etwa
2570 782 2665 842 ebenso
2693 780 2747 840 tief
2771 781 2852 841 gehen
2884 778 2893 838 —
2943 776 2997 836 wie

205 822 239 882 er
268 821 337 881 war
366 820 470 880 meine
500 820 574 880 erste
604 821 771 881 Einfalt",
795 820 846 880 daß
887 822 915 882 er
945 821 1060 881 endlich
1095 817 1239 877 diejenige
1275 820 1418 880 gefunden
1459 820 1529 880 hat,
1558 823 1603 883 die
1633 823 1678 883 ihn
1720 823 1782 883 ver¬

1801 826 1846 886 die
1874 827 2001 887 Freude,
2024 826 2069 886 die
2102 826 2156 886 mir
2188 826 2229 886 ein
2266 824 2334 884 Teil
2362 823 2407 883 der
2439 823 2653 883 zustimmenden
2690 817 2990 877 Preßkundgebungen

1808 864 1929 924 bereitet
1952 864 2007 924 hat.
2027 864 2078 924 Ich
2106 861 2171 921 weiß
2204 861 2226 921 in
2255 860 2380 920 Hinsicht
2404 858 2450 918 auf
2473 858 2515 918 die
2539 858 2613 918 einen
2646 857 2692 917 wie
2720 855 2771 915 auf
2790 855 2832 915 die
2860 852 2999 912 anderen,

602 873 693 933 steht,
716 870 758 930 die
786 870 942 930 Interesse
975 870 1007 930 an
1045 867 1136 927 seinen
1164 867 1369 927 Intensionen
1407 867 1520 927 nimmt
1553 870 1612 930 und
1645 869 1693 929 die
1720 868 1768 928 ihm

189 869 402 929 auseinander
435 870 487 930 —,
514 868 572 928 und

1805 898 1868 958 was
1891 901 1927 961 ich
1954 900 1999 960 von
2031 902 2103 962 ihrer
2131 900 2311 960 Sachlichkeit
2339 897 2388 957 und
2416 896 2660 956 Unparteilichkeit
2683 895 2710 955 zu
2737 893 2827 953 halten
2860 890 2941 950 habe.
2955 887 2968 947 —

174 918 213 978 r
236 916 422 976 Initiative
451 916 478 976 zu
513 916 574 976 mir
603 918 677 978 fürs
700 918 789 978 Leben
824 918 863 978 ein
892 919 982 979 guter
1005 914 1203 974 Kamerad-in
1232 914 1310 974 jeder
1334 915 1468 975 Hinsicht
1492 918 1542 978 sein
1571 915 1667 975 wird.
1684 917 1768 977 Kaun

1809 946 1880 1006 Ihre
1909 939 2119 999 Befürchtung,
2139 939 2186 999 daß
2215 939 2238 999 es
2263 938 2324 998 jetzt
2349 936 2377 996 am
2416 935 2492 995 Ende
2521 933 2602 993 Leute
2626 932 2707 992 geben
2741 930 2851 990 könnte,
2870 928 2913 988 die
2937 925 2994 985 mir

174 965 344 1025 Lebens
375 966 439 1026 noch
475 966 574 1026 schöne
604 966 645 1026 ist
663 966 733 1026 aber
763 966 810 1026 die
834 966 892 1026 Ehe
922 966 1111 1026 geschlossen,
1129 963 1205 1023 fleut
1229 963 1282 1023 das
1306 964 1464 1024 Interesse
1488 963 1535 1023 der
1565 963 1723 1023 Geliebten
1753 966 1776 1026 ir

1808 978 1919 1038 meinen
1952 978 2036 1038 Gruß
2073 977 2143 1037 nicht
2176 975 2334 1035 erwidern,
2357 974 2389 1034 ist
2418 972 2631 1032 unbegründet;
2660 971 2692 1031 ich
2730 969 2794 1029 weiß
2832 967 2906 1027 ganz
2934 970 2999 1030 gut,

604 1011 655 1071 den
694 1015 910 1075 angedeuteten
949 1014 1108 1074 Belangen
1154 1009 1191 1069 ab
1243 1009 1300 1069 und
1339 1012 1389 1072 das
1422 1014 1709 1074 Erziehungswerk
1735 1012 1786 1072 be=
1812 1018 1926 1078 welchen
1959 1014 2061 1074 Leuten
2087 1014 2125 1074 ich
2151 1014 2195 1074 die
2221 1014 2297 1074 Ehre
2323 1013 2444 1073 erweisen
2477 1011 2553 1071 darf,
2573 1011 2604 1071 sie
2630 1011 2719 1071 zuerst
2745 1008 2770 1068 zu
2796 1007 2917 1067 grüßen.

174 1019 215 1079 t
252 1017 287 1077 er
324 1014 394 1074 mich
442 1014 561 1074 meinem

1913 1053 2037 1113 Nehmen
2068 1053 2135 1113 Sie,
2157 1053 2339 1113 verehrtester
2367 1048 2442 1108 Herr
2469 1047 2495 1107 v.
2518 1047 2686 1107 Sosnosky,
2709 1044 2851 1104 nochmals
2883 1041 2989 1101 meinen

601 1064 711 1124 ginnt.
739 1061 954 1121 Unterordnet
982 1061 1031 1121 sich
1065 1059 1114 1119 der
1148 1058 1247 1118 Mann
1281 1059 1363 1119 nicht
1391 1061 1672 1121 widerspruchslos
1706 1061 1777 1121 aller

174 1064 208 1124 s
244 1061 395 1121 Feigheit
431 1061 488 1121 vor
524 1059 575 1119 der

1810 1094 1892 1154 Dank
1918 1092 1969 1152 und
1995 1091 2036 1151 die
2058 1091 2253 1151 Versicherung
2280 1091 2387 1151 meiner
2408 1087 2589 1147 aufrichtigen
2615 1084 2826 1144 Hochschätzung
2852 1079 3001 1139 entgegen.

601 1111 855 1171 „Vorschlägen“
890 1111 934 1171 der
963 1109 1070 1169 Frau,
1110 1107 1183 1167 wird
1217 1107 1245 1167 er
1279 1109 1375 1169 sofort
1404 1110 1454 1170 zum
1500 1109 1770 1169 rechthaberischen

174 1115 197 1175 g
223 1110 311 1170 hält,
330 1109 569 1169 unbekümmert

2679 1122 2740 1182 Ihr
2773 1117 2930 1177 ergebener

2639 1160 2760 1220 Arthur
2795 1156 2961 1216 Schnitzler.

601 1159 838 1219 streitsächtigen
871 1157 1039 1217 Diktator;
1061 1157 1147 1217 wagt
1170 1154 1196 1214 er
1224 1154 1250 1214 es
1284 1157 1418 1217 einmal,
1440 1157 1516 1217 seine
1549 1157 1690 1217 Stimme
1717 1157 1787 1217 über

185 1161 230 1221 as
261 1160 321 1220 soll
338 1160 375 1220 ich
407 1157 482 1217 tun?

1909 1169 2011 1229 Wien,
2034 1169 2083 1229 10.
2111 1166 2159 1226 10.
2182 1166 2252 1226 901.

597 1208 650 1268 den
683 1208 845 1268 zärtlichen
878 1208 1052 1268 Flüsterton
1079 1209 1111 1269 zu
1139 1205 1280 1265 erheben,
1302 1205 1377 1265 wird
1405 1205 1432 1265 er
1459 1205 1486 1265 in
1520 1205 1568 1265 den
1601 1208 1703 1268 Augen
1736 1205 1790 1265 der

604 1259 688 1319 Frau
723 1259 818 1319 sofort
842 1259 893 1319 zum
938 1256 1141 1316 „wütenden"
1159 1253 1339 1313 Berserker,
1363 1253 1419 1313 mit
1442 1255 1493 1315 dem
1539 1255 1583 1315 sich
1612 1254 1690 1314 nicht
1719 1252 1769 1312 aus

186 1285 389 1345 pmatin.

607 1303 742 1363 kommen
776 1306 861 1366 läßt;
907 1304 991 1364 wenn
1026 1303 1076 1363 sich
1105 1301 1155 1361 der
1178 1300 1280 1360 Mann
1331 1300 1416 1360 nicht
1462 1302 1495 1362 zu
1530 1300 1614 1360 einem
1654 1301 1784 1361 höheren

185 1353 278 1413 „Der
311 1351 466 1411 Verfasser
524 1349 573 1409 des
611 1352 811 1412 Taschengeld
843 1352 886 1412 als
918 1351 955 1411 54
987 1351 1130 1411 Schilling
1162 1348 1337 1408 „erziehen"
1369 1349 1450 1409 läßt,
1476 1351 1600 1411 flüchtet
1626 1351 1669 1411 die
1701 1349 1782 1409 Frau

1820 1366 1968 1426 Das
2020 1363 2218 1423 Jaht
2270 1356 2394 1416 der
2434 1348 2983 1408 Enischeibung.

195 1401 248 1461 ist"
273 1396 344 1456 wird
369 1399 459 1459 wohl
477 1399 573 1459 vielen
611 1401 670 1461 mit
695 1401 772 1461 ihrem
815 1402 959 1462 Schmerz
985 1402 1014 1462 in
1045 1402 1086 1462 die
1111 1397 1369 1457 Oeffentlichkeit.

2075 1440 2133 1500 Ein
2165 1435 2256 1495 neuer
2288 1432 2411 1492 Roman
2443 1432 2496 1492 von
2534 1429 2608 1489 Max
2636 1427 2742 1487 Brod.

175 1447 250 1507 ben.
270 1447 371 1507 Ueber
396 1447 447 1507 die
473 1447 579 1507 Psyche

710 1468 872 1528 Natürlich
909 1469 974 1529 lasse
1005 1469 1040 1529 ich
1071 1468 1233 1528 rühmliche
1264 1468 1468 1528 Ausnahmen
1499 1469 1619 1529 gelten,
1644 1468 1697 1528 das
1728 1468 1788 1528 sind

1921 1494 2057 1554 Manche
2090 1492 2237 1552 Romane
2295 1491 2363 1551 muß
2406 1489 2474 1549 man
2512 1485 2654 1545 genießen
2712 1483 2775 1543 wie
2807 1483 3002 1543 ungezogene

179 1498 252 1558 ohne
277 1500 309 1560 sie
335 1497 367 1557 zu
400 1497 564 1557 erschöpfen

611 1515 684 1575 aber
707 1516 797 1576 solche
820 1518 921 1578 Ehen,
939 1518 983 1578 wo
1012 1518 1057 1578 die
1080 1515 1164 1575 Liebe
1182 1515 1221 1575 sie
1245 1515 1346 1575 durchs
1375 1515 1470 1575 Leben
1499 1515 1656 1575 begleitet,
1674 1515 1718 1575 wo
1747 1517 1792 1577 die

1817 1543 1938 1603 Kinder
1961 1543 1988 1603 es
2022 1542 2082 1602 mit
2105 1539 2188 1599 einem
2233 1539 2349 1599 Kuchen
2383 1536 2455 1596 tun.
2478 1533 2549 1593 Man
2583 1531 2660 1591 sucht
2689 1529 2755 1589 nach
2789 1527 2838 1587 den
2872 1525 2999 1585 Rosinen

608 1567 693 1627 Frau
743 1565 812 1625 noch
862 1565 894 1625 in
943 1566 1148 1626 vorgerückten
1198 1563 1321 1623 Jahren
1376 1565 1435 1625 mit
1479 1563 1754 1623 „ungeheucheltem

1821 1592 1884 1652 und
1911 1590 2053 1650 verzehrt
2075 1588 2127 1648 sie,
2144 1587 2291 1647 während
2318 1584 2392 1644 alles
2419 1578 2524 1638 übrige
2551 1578 2767 1638 zerkrümmelt
2789 1575 2879 1635 übrig
2906 1573 3016 1633 bleibt.

178 1611 257 1671 orne
290 1611 497 1671 Erzieherin;
546 1611 577 1671 in

610 1613 767 1673 Interesse
796 1614 1016 1674 Erzählungen
1079 1613 1129 1673 des
1158 1611 1298 1671 Mannes
1355 1612 1490 1672 lauscht,
1536 1611 1586 1671 die
1638 1613 1676 1673 sie
1705 1611 1784 1671 schor

1822 1638 1967 1698 Aehnlich
2000 1638 2064 1698 muß
2102 1635 2166 1695 man
2204 1635 2268 1695 auch
2301 1632 2360 1692 mit
2388 1632 2452 1692 dra
2474 1629 2495 1689 n
2517 1628 2613 1688 uesten
2647 1625 2770 1685 Roman
2803 1623 2851 1683 des
2884 1620 3007 1680 Prager

178 1659 290 1719 Schon
341 1659 397 1719 das
444 1661 578 1721 winzige
613 1662 816 1722 hundertmal
845 1663 958 1723 gehört
981 1664 1037 1724 hat
1060 1661 1139 1721 usw.
1162 1659 1235 1719 Aber
1264 1659 1325 1719 dies
1361 1659 1416 1719 sind
1451 1659 1546 1719 leider
1576 1659 1778 1719 Ausnahmen

1822 1686 1963 1746 Dichters
2003 1686 2082 1746 Max
2111 1682 2201 1742 Brod
2242 1681 2428 1741 verfahren,
2452 1677 2502 1737 den
2542 1675 2592 1735 der
2627 1671 3006 1731 Paul=Zsolnay=Verlag

179 1707 254 1767 ogar
282 1707 434 1767 mitunter
463 1707 576 1767 älteren

611 1708 707 1768 Wenn
740 1708 804 1768 eine
837 1710 1026 1770 sogenannte
1059 1711 1177 1771 „Liebe“
1211 1708 1270 1768 (die
1297 1707 1324 1767 es
1357 1707 1508 1767 vielleicht
1535 1707 1562 1767 im
1606 1709 1713 1769 Sinne
1746 1708 1794 1768 des

1822 1735 1853 1795 in
1885 1734 1968 1794 Wien
2007 1733 2063 1793 und
2096 1730 2204 1790 Berlin
2237 1729 2364 1789 kürzlich
2390 1724 2480 1784 unter
2512 1724 2563 1784 dem
2602 1721 2690 1781 Titel
2717 1719 2876 1779 „Stephan
2909 1716 2991 1776 Rott

161 1754 273 1814 dals
306 1754 437 1814 Ehefrau
469 1751 582 1811 natur¬

609 1755 734 1815 Wortes
764 1754 815 1814 nie
838 1755 918 1815 war)
941 1757 970 1817 in
1000 1758 1044 1818 die
1067 1757 1184 1817 Brüche
1207 1756 1362 1816 gegangen
1392 1756 1443 1816 ist,
1459 1757 1546 1817 führt
1569 1757 1605 1817 sie
1628 1757 1708 1817 nicht
1731 1759 1790 1819 nur
1827 1773 1900 1833 der
1931 1781 2011 1841 „Das
2041 1779 2130 1839 Jahr
2153 1778 2204 1838 der
2234 1774 2477 1834 Entscheidung"
2507 1769 2757 1829 herausbrachte.

172 1804 221 1864 ein
255 1804 437 1864 Bismarck)
454 1801 580 1861 berum=
614 1799 664 1859 zur
692 1802 984 1862 Gleichgültigleit,
1002 1805 1129 1865 sondeen
1162 1805 1311 1865 mitunter
1340 1804 1389 1864 zum
1433 1806 1516 1866 Haß,
1538 1805 1593 1865 der
1616 1805 1726 1865 stärker
1760 1809 1798 1869 ist,

1921 1828 2014 1888 „Das
2040 1828 2125 1888 Jahr
2160 1823 2210 1883 der
2237 1820 2485 1880 Entscheidung"
2512 1819 2553 1879 ist
2580 1817 2734 1877 natärsich
2761 1814 2862 1874 1914.
2881 1815 2922 1875 In
2958 1810 3008 1870 die

167 1848 344 1908 ebeginük
362 1848 395 1908 sie
420 1847 482 1907 mit
500 1847 579 1907 ihren

609 1844 671 1904 als
693 1846 724 1906 je
746 1848 798 1908 ein
831 1850 893 1910 Haß
926 1850 1063 1910 zwischen
1097 1854 1149 1914 1.„
1161 1854 1244 1914 sonen
1277 1853 1329 1913 des
1362 1850 1487 1910 gleichen
1520 1853 1711 1913 Geschlechts
1734 1856 1796 1916 sein
1839 1873 2136 1933 unbeilschwangere
2158 1868 2369 1928 Atmosphäre
2391 1867 2485 1927 dieses
2508 1864 2614 1924 letzten
2636 1862 2899 1922 Friedensjahres
2932 1856 3005 1916 baut

162 1892 232 1952 ing
286 1892 367 1952 nicht
394 1893 480 1953 mehr
514 1892 578 1952 ent=
611 1892 708 1952 kann.
730 1895 821 1955 Dann
859 1895 934 1955 wird
962 1895 1021 1955 aus
1054 1895 1134 1955 jeder
1178 1898 1394 1958 unüberlegten
1427 1898 1518 1958 Wort
1552 1898 1589 1958 ein
1627 1900 1724 1960 Strick
1751 1898 1794 1958 ge¬

1819 1920 1899 1980 Max
1927 1921 2012 1981 Brod
2045 1919 2099 1979 den
2132 1919 2256 1979 Roman
2295 1916 2402 1976 zweier
2430 1909 2830 1969 Gymnasialabiturienten
2868 1905 2911 1965 ein
2949 1904 3003 1964 und

163 1939 207 1999 ng
236 1939 303 1999 oder
332 1939 387 1999 erst
405 1939 472 1999 nach
502 1940 580 2000 voll=
609 1941 704 2001 dreht
727 1942 783 2002 und
812 1942 868 2002 das
897 1942 1162 2002 Unbedeutendste
1185 1944 1257 2004 wird
1286 1946 1342 2006 zum
1382 1945 1529 2005 Ereignis
1557 1942 1568 2002 —
1619 1946 1720 2006 wobei
1743 1948 1793 2008 der

1822 1969 1871 2029 die
1894 1967 2059 2027 Geschichte
2082 1966 2164 2026 einer
2187 1963 2391 2023 Ehepassion.
2409 1959 2569 2019 Vielleicht
2591 1957 2696 2017 könnte
2725 1955 2790 2015 man
2819 1951 3012 2011 einwenden,

166 1984 201 2044 is
237 1986 277 2046 ein
319 1987 389 2047 loses
431 1988 489 2048 und
519 1987 578 2047 un=
608 1987 713 2047 Mann
749 1990 890 2050 meistens
920 1990 972 2050 den
1003 1993 1155 2053 Kürzeren
1191 1993 1279 2053 zieht.
1303 1993 1438 2053 Deshalb
1474 1995 1579 2055 spricht
1604 1993 1656 2053 der
1686 1993 1797 2053 Volks¬

1820 2017 1877 2077 daß
1912 2017 2032 2077 Jugend
2062 2014 2119 2074 und
2143 2013 2205 2073 Ehe
2229 2011 2297 2071 auch
2321 2011 2349 2071 in
2379 2008 2505 2068 anderen
2534 2006 2649 2066 Jahren
2678 2003 2816 2063 ähnliche
2846 1999 3000 2059 Wendung

160 2035 228 2095 tin
264 2035 315 2095 vor
345 2038 575 2098 Aeußerungen
616 2037 708 2097 mund
744 2038 806 2098 sehr
836 2039 939 2099 richtig
974 2041 1032 2101 nur
1067 2041 1119 2101 von
1154 2041 1442 2101 Pantoffelhelden,
1466 2043 1604 2103 niemals
1640 2044 1708 2104 aber
1738 2045 1795 2105 von

1827 2064 1872 2124 ins
1908 2066 2069 2126 Tragische
2099 2060 2203 2120 hätten
2256 2058 2388 2118 nehmen
2424 2056 2556 2116 können.
2603 2053 2684 2113 Aber
2737 2050 2794 2110 das
2847 2048 2887 2108 ist
2934 2046 2997 2106 nich

164 2085 202 2145 er
229 2084 356 2144 Angel“
390 2086 460 2146 etwa
499 2086 582 2146 nach¬

615 2086 972 2146 Pantoffelheldinnen.
993 2089 1141 2149 Dagegen
1175 2089 1316 2149 bedürfte
1351 2089 1404 2149 das
1445 2090 1600 2150 ebenfalls
1634 2091 1694 2151 aus
1729 2097 1775 2157 dem
1830 2109 2012 2169 wesentlich,
2033 2110 2140 2170 zumal
2168 2107 2194 2167 es
2222 2107 2309 2167 Brod
2343 2103 2552 2163 offensichtlich
2580 2099 2673 2159 darum
2721 2098 2748 2158 zu
2782 2097 2829 2157 tun
2870 2097 2916 2157 ist,
2937 2097 3004 2157 auch

190 2135 275 2195 sagen
309 2134 382 2194 wir,
402 2134 554 2194 „Stärken

612 2134 806 2194 Volksmund
836 2137 1031 2197 stammende
1061 2137 1268 2197 Sprichwort,
1292 2140 1344 2200 daß
1374 2141 1474 2201 „Ehen
1511 2140 1540 2200 im
1582 2140 1722 2200 Himmel
1753 2141 1781 2201 ge

1825 2160 1868 2220 ein
1908 2160 2006 2220 wenig
2040 2160 2095 2220 vom
2145 2154 2388 2214 anarchistischen
2422 2152 2554 2212 Treiben
2594 2148 2621 2208 in
2654 2146 2709 2206 der
2759 2143 3002 2203 unmittelbaren

199 2182 416 2242 SHhmeicheln;
439 2184 476 2244 sie
499 2184 558 2244 wir

613 2184 745 2244 schlossen
784 2184 946 2244 werden",
977 2185 1057 2245 einer
1088 2185 1198 2245 kleinen
1229 2184 1398 2244 Revision.

1826 2205 2063 2265 Vorkriegszeit
2092 2203 2306 2263 mitzuteilen,
2329 2199 2379 2259 das
2420 2198 2470 2258 auf
2499 2196 2544 2256 die
2573 2195 2685 2255 innere
2714 2191 2923 2251 Entwicklung
2963 2188 3013 2248 der

1824 2254 1939 2314 jungen
1967 2253 2127 2313 Menschen
2160 2250 2215 2310 von
2244 2250 2370 2310 damals
2399 2245 2536 2305 sicherlich
2570 2244 2647 2304 nicht
2670 2241 2752 2301 ohne
2775 2238 2907 2298 Einfluß
2935 2236 3017 2296 war.

1825 2301 1870 2361 Um
1910 2301 1982 2361 diese
2012 2299 2118 2359 innere
2147 2298 2356 2358 Entwicklung
2391 2294 2498 2354 zweier
2521 2292 2645 2352 Jungen
2680 2290 2713 2350 ist
2736 2288 2769 2348 es
2798 2286 2849 2346 dem
2889 2284 3013 2344 Dichter

1829 2355 1857 2415 zu
1886 2351 1959 2411 tun,
1976 2349 2038 2409 nur
2062 2349 2095 2409 um
2135 2348 2185 2408 sie.
2203 2346 2293 2406 Und,
2311 2345 2344 2405 um
2384 2341 2463 2401 jedes
2492 2340 2628 2400 einzelne
2651 2337 2883 2397 psychologische
2906 2332 3018 2392 Detail

198 2371 558 2431 tlichte
625 2370 1688 2430 Schnitzler=Brief

1822 2396 1877 2456 der
1910 2394 2170 2454 Mannwerdung
2204 2393 2303 2453 seiner
2337 2390 2436 2450 beiden
2470 2385 2680 2445 jugendlichen
2713 2381 2829 2441 Helden
2869 2379 3006 2439 Stephan

1826 2445 1910 2505 Rott
1939 2444 1996 2504 und
2030 2444 2137 2504 Anton
2172 2441 2336 2501 Liesegang
2393 2436 2454 2496 mit
2483 2434 2772 2494 wissenschaftlicher
2806 2429 3015 2489 Genauigkeit

1829 2492 2065 2552 reproduzieren
2100 2490 2127 2550 zu
2162 2489 2302 2549 können,
2342 2484 2449 2544 opfert
2473 2482 2556 2542 Brod
2591 2480 2635 2540 die
2664 2478 2911 2538 Einheitlichkeit
2957 2474 3013 2534 der

1830 2540 2020 2600 Handlung,
2050 2538 2153 2598 opfert
2182 2537 2217 2597 er
2247 2532 2541 2592 Zusammenhang,
2570 2528 2755 2588 Uebersicht,
2779 2527 2807 2587 ja
2843 2525 2935 2585 sogar
2970 2524 3015 2584 die

203 2542 1779 2602 eutnaut=Gustl“=Affäre.

1826 2588 1972 2648 Wirkung
2007 2587 2057 2647 des
2086 2584 2221 2644 Buches.
2244 2583 2328 2643 Denn
2362 2582 2390 2642 es
2420 2579 2458 2639 ist
2482 2578 2554 2638 nicht
2577 2575 2780 2635 jedermanns
2814 2573 2927 2633 Sache,
2950 2573 3011 2633 eine

1821 2635 1862 2695 an
1899 2636 1946 2696 sich
1977 2635 2062 2695 zwar
2093 2632 2200 2692 ebenso
2231 2629 2382 2689 originell
2407 2626 2466 2686 wie
2491 2625 2648 2685 spannend
2685 2622 2817 2682 erzählte
2848 2619 2968 2679 Geschi¬

159 2668 476 2728 Sensation
541 2667 641 2727 vor
694 2669 922 2729 dreißig
987 2674 1253 2734 Jahren.

1820 2683 1883 2743 vom
1929 2680 2265 2740 Frühlingserwachen
2300 2676 2323 2736 im
2370 2673 2642 2733 Vorkriegs=Prag
2671 2670 2787 2730 immer
2816 2666 2926 2726 wieder
2956 2665 3013 2725 von

1826 2728 2246 2788 religionsphilosophischen
2282 2722 2466 2782 Gesprächen
2502 2719 2559 2779 und
2588 2718 2761 2778 Theorien,
2785 2716 2836 2776 von
2871 2715 3009 2775 endlosen

572 2743 636 2803 Von

1823 2776 1978 2836 Debatten
2007 2776 2145 2836 zwischen
2175 2773 2226 2833 dem
2261 2771 2492 2831 Gymnasiasten
2527 2767 2578 2827 und
2608 2767 2699 2827 seinem
2740 2761 3011 2821 Religionslehrer

1829 2823 2048 2883 unterbrochen
2089 2824 2116 2884 zu
2151 2821 2251 2881 sehen.
2297 2817 2370 2877 Wer
2415 2817 2472 2877 den
2529 2814 2658 2874 heiligen
2692 2811 2889 2871 Augustinus
2940 2809 3013 2869 oder

292 2822 516 2882 Theodor
552 2823 602 2883 v.
629 2823 905 2883 Sosnosky.

1832 2871 1971 2931 Thomas
2005 2871 2064 2931 von
2098 2870 2197 2930 Aquin
2232 2866 2304 2926 lesen
2344 2864 2396 2924 und
2431 2862 2556 2922 erfassen
2590 2862 2670 2922 will,
2690 2862 2743 2922 der
2770 2859 2869 2919 greift
2890 2859 2916 2919 ja
2950 2857 3015 2917 doch

163 2902 235 2962 kaum
281 2901 413 2961 bekannt
436 2901 516 2961 sein,
532 2901 582 2961 daß
620 2900 722 2960 wehr,
745 2901 796 2961 der
819 2901 855 2961 er
878 2904 944 2964 nun
974 2904 1091 2964 einmal
1122 2904 1202 2964 war,
1225 2904 1268 2964 dem
1314 2904 1416 2964 Rufe,
1432 2906 1482 2966 sich
1513 2905 1541 2965 zu
1572 2906 1785 2966 rechtfertigen

1828 2919 1911 2979 nicht
1936 2919 2001 2979 nach
2033 2917 2110 2977 Max
2141 2916 2242 2976 Brod,
2268 2913 2387 2973 sondern
2424 2910 2508 2970 gleich
2539 2911 2604 2971 nach
2635 2909 2682 2969 dem
2726 2906 2899 2966 Original.

169 2951 245 3011 viel
269 2949 409 3009 weniger
434 2949 581 3009 Aufsehen
623 2949 710 3009 hätte
728 2950 905 3010 unbedingt
929 2952 1022 3012 Folge
1047 2952 1147 3012 leisten
1177 2952 1300 3012 müssen.
1318 2952 1364 3012 Er
1389 2953 1470 3013 hätte
1495 2955 1571 3015 dann
1601 2954 1788 3014 Gelegenhei

1940 2964 2059 3024 Schade
2090 2965 2149 3025 also
2180 2964 2215 3024 um
2264 2961 2312 3021 die
2337 2961 2541 3021 Erzählung,
2566 2961 2607 3021 die
2638 2955 2776 3015 zwischen
2813 2953 2861 3013 den
2897 2952 3011 3012 starren

158 2998 238 3058 viele
262 2997 370 3057 Jahre
394 2997 497 3057 später
527 2995 578 3055 sein
619 2999 751 3059 gehabt,
775 2998 826 3058 vor
855 2999 907 3059 dem
948 3000 1114 3060 Ehrenrat
1138 3000 1229 3060 seinen
1265 3000 1472 3060 Standpunkt
1495 3003 1524 3063 zu
1559 3002 1731 3062 vertreten,
1755 3002 1800 3062 die

1833 3015 1957 3075 Blöcken
1992 3012 2206 3072 theoretischer
2235 3009 2450 3069 Diskussionen
2507 3007 2563 3067 wie
2597 3005 2636 3065 ein
2676 3004 2801 3064 dünner
2829 3001 3021 3061 Wasserlauf

161 3045 358 3105 Leitartikel
376 3044 431 3104 vom
472 3044 590 3104 Stapel
625 3046 782 3106 schwachen
817 3047 1008 3107 Argumente
1031 3047 1121 3107 seiner
1145 3047 1268 3107 Gegner
1291 3049 1319 3109 ad
1348 3050 1500 3110 absurdum
1540 3052 1568 3112 zu
1597 3050 1726 3110 führen,
1743 3051 1799 3111 und

1829 3062 1944 3122 immer
1978 3060 2088 3120 wieder
2122 3059 2288 3119 versickert.
2316 3056 2398 3116 Denn
2438 3053 2487 3113 die
2516 3053 2709 3113 handelnden
2748 3050 2903 3110 Personen
2936 3047 3024 3107 selbst

172 3096 234 3156 hat
258 3093 309 3153 den
345 3092 500 3152 Verfasser
530 3092 587 3152 vor
622 3093 650 3153 es
685 3095 772 3155 ihnen
807 3096 974 3156 jedenfalls
998 3098 1107 3158 schwer
1154 3101 1304 3161 gemacht,
1345 3100 1436 3160 gegen
1489 3099 1541 3159 ihn
1593 3098 1789 3158 vorzugehen

1829 3109 1973 3169 schildert
1998 3109 2087 3169 Brod
2118 3107 2178 3167 mit
2209 3107 2262 3167 der
2293 3105 2401 3165 ganzen
2438 3101 2721 3161 Eindringlichkeit
2752 3098 2848 3158 seines
2897 3096 3011 3156 großen

222 3142 277 3202 ihm
345 3143 511 3203 schließlich
542 3141 591 3201 die
622 3145 782 3205 Dadurch,
807 3149 855 3209 daß
881 3147 911 3207 er
931 3146 985 3206 dies
1010 3146 1176 3206 unterließ,
1201 3149 1256 3209 also
1275 3149 1361 3209 gegen
1392 3146 1465 3206 seine
1485 3146 1681 3206 militärische
1700 3146 1804 3206 Pflicht

1830 3158 2002 3218 Könnens.
2049 3158 2100 3218 Da
2136 3154 2192 3214 sind
2233 3154 2279 3214 die
2309 3152 2412 3212 beiden
2447 3149 2597 3209 Freunde
2626 3147 2770 3207 Stephan
2811 3146 2868 3206 und
2898 3143 3024 3203 Anton.

139 3192 226 3252 die
256 3190 383 3250 Novelle
414 3188 593 3248 „Leutnant

623 3194 766 3254 verstieß,
791 3199 842 3259 goß
878 3196 906 3256 er
941 3196 999 3256 nur
1028 3196 1144 3256 Wasser
1168 3197 1225 3257 auf
1249 3197 1312 3257 ihre
1342 3197 1498 3257 Mühlen.
1521 3197 1596 3257 Man
1631 3194 1712 3254 wird
1741 3194 1804 3254 ein¬

1833 3203 1974 3263 Stephan
2014 3203 2121 3263 erhält
2150 3203 2245 3263 seinen
2286 3200 2382 3260 letzten
2439 3197 2738 3257 weltanschaulichen
2778 3191 2897 3251 Schliff
2948 3191 3004 3251 vom

163 3236 470 3296 heraufbeschworen
495 3236 593 3296 hatte.
631 3243 771 3303 penden,
791 3245 821 3305 er
852 3245 895 3305 sei
914 3245 987 3305 eben
1019 3246 1049 3306 zu
1080 3245 1154 3305 stolz
1179 3245 1326 3305 gewesen,
1346 3247 1394 3307 sich
1425 3246 1455 3306 zu
1493 3245 1702 3305 verteidigen.
1727 3246 1800 3306 Aber

1834 3250 2012 3310 Katecheten
2047 3250 2191 3310 Werder,
2220 3248 2277 3308 mit
2307 3247 2358 3307 dem
2405 3245 2450 3305 ihn
2486 3246 2571 3306 mehr
2601 3242 2762 3302 verbindet
2791 3242 2837 3302 als
2872 3241 2935 3301 bloß
2976 3240 3021 3300 die

146 3289 163 3349 st
187 3286 268 3346 und,
292 3286 367 3346 etwa
397 3284 484 3344 durch
520 3283 589 3343 diese

621 3289 656 3349 es
681 3292 746 3352 gibt
777 3292 879 3352 Fälle,
922 3292 951 3352 in
982 3292 1077 3352 denen
1108 3294 1174 3354 man
1211 3292 1270 3352 dies
1301 3294 1378 3354 nicht
1409 3294 1463 3354 sein
1500 3293 1589 3353 darf:
1632 3295 1692 3355 qui
1716 3292 1794 3352 tacet

1830 3298 2012 3358 Beziehung
2049 3298 2184 3358 zwischen
2221 3295 2338 3355 Lehrer
2385 3292 2444 3352 und
2480 3292 2628 3352 Schüler.
2670 3289 2805 3349 Werder
2853 3288 2911 3348 hat
2959 3286 3017 3346 von

143 3337 172 3397 m
210 3334 312 3394 Anlaß
338 3334 435 3394 dieses
459 3331 593 3391 Sturms

621 3338 792 3398 consentire
823 3340 1020 3400 videtur...

1834 3349 2000 3409 Stephans
2024 3347 2110 3407 Liebe
2134 3346 2162 3406 zu
2192 3346 2272 3406 Frau
2302 3343 2486 3403 Liesegang,
2498 3340 2550 3400 der
2573 3339 2695 3399 Mutter
2718 3337 2862 3397 Antons,
2880 3334 3012 3394 erfahren

149 3382 315 3442 vergebens
350 3382 428 3442 tun,
450 3380 528 3440 denn
563 3379 590 3439 ei

730 3391 797 3451 Der
824 3390 925 3450 „Fall
951 3389 1137 3449 Schnitzler"
1163 3388 1350 3448 beschäftigte
1377 3389 1452 3449 mich
1487 3388 1613 3448 damals
1640 3388 1657 3448 —
1709 3389 1742 3449 es
1768 3391 1810 3451 ist
1845 3395 1903 3455 und
1938 3394 2073 3454 versucht
2099 3393 2159 3453 nun
2202 3391 2261 3451 mit
2287 3392 2337 3452 dem
2381 3390 2498 3450 ganzen
2533 3387 2695 3447 Aufgebot
2721 3386 2771 3446 der
2823 3385 3017 3445 katholischen

151 3432 286 3492 Aufsehen
326 3428 495 3488 begreiflich
528 3427 586 3487 und
626 3434 742 3494 dreißig
776 3436 892 3496 Jahren
925 3436 977 3496 her
1003 3436 1016 3496 —
1068 3438 1094 3498 so
1114 3436 1263 3496 intenzip,
1283 3437 1335 3497 daß
1361 3437 1406 3497 ich
1433 3436 1491 3496 das
1518 3437 1693 3497 Bedürfnis
1720 3437 1803 3497 emp¬

1836 3442 2024 3502 Doamatik,
2051 3444 2102 3504 der
2135 3439 2356 3499 Kirgenväter
2396 3437 2454 3497 und
2488 3436 2773 3496 Kirchengeschichte
2813 3433 2864 3493 den
2904 3433 3014 3493 jungen

140 3485 178 3545 t
205 3477 368 3537 erscheinen
401 3474 499 3534 ließe.
519 3472 584 3532 Den

621 3482 712 3542 fand,
736 3482 799 3542 ihn,
823 3483 966 3543 unbeirrt
990 3483 1075 3543 durch
1106 3483 1151 3543 die
1175 3483 1243 3543 zwei
1267 3483 1445 3543 feindlichen
1474 3483 1589 3543 Lager,
1607 3483 1802 3543 ausführlich
1832 3487 1964 3547 Freund
1993 3484 2050 3544 auf
2075 3483 2126 3543 den
2161 3482 2304 3542 richtigen
2339 3480 2414 3540 Pfad
2443 3479 2720 3539 zurückzuführen.
2743 3477 2806 3537 Daß
2841 3476 2869 3536 es
2899 3476 3031 3536 gelingt,

185 3522 301 3582 stavren
342 3522 503 3582 Standes=
532 3519 592 3579 und

619 3530 653 3590 zu
681 3530 839 3590 erörtern,
862 3531 923 3591 was
953 3531 1031 3591 dann
1065 3531 1132 3591 auch
1161 3531 1183 3591 in
1218 3531 1296 3591 einer
1320 3530 1432 3590 seither
1455 3529 1556 3589 längst
1579 3528 1799 3588 verschollenen
1839 3532 1878 3592 ist
1907 3531 2053 3591 übrigens
2093 3529 2171 3589 nicht
2200 3527 2256 3587 has
2285 3525 2454 3585 Verdienst
2483 3525 2533 3585 des
2562 3522 2765 3582 Katecheten,
2805 3522 2934 3582 sondern
2974 3519 3024 3579 das

147 3576 164 3636 ,
190 3572 258 3632 geht
289 3570 345 3630 das
382 3567 593 3627 Verständnis

1835 3579 1889 3639 des
1912 3578 2105 3638 intriganten
2139 3576 2376 3636 Rechtanwalts
2399 3570 2520 3630 Urban,
2543 3570 2592 3630 der
2615 3569 2786 3629 seinerseits
2814 3567 2864 3627 der
2887 3564 3024 3624 Geliebte

624 3575 749 3635 Wiener
775 3579 943 3639 Zeitschrift
963 3582 1113 3642 geschehen
1139 3579 1189 3639 ist.
1202 3579 1251 3639 Ich
1277 3579 1345 3639 ging
1371 3579 1459 3639 dabei
1478 3577 1534 3637 von
1560 3578 1609 3638 der
1635 3575 1647 3635 —
1692 3578 1797 3638 irriger

139 3621 182 3681 er
209 3618 303 3678 durch
336 3618 379 3678 die
412 3615 582 3675 Veröffent

1834 3627 1920 3687 Frau
1955 3625 2139 3685 Liesegangs
2180 3623 2237 3683 und
2266 3619 2445 3679 Geldgeber
2475 3618 2526 3678 des
2561 3616 2670 3676 Gatten
2728 3615 2826 3675 dieser
2861 3614 2941 3674 Frau
2976 3612 3028 3672 ist.

706 3627 878 3687 Annahme
928 3630 1007 3690 aus,
1056 3628 1087 3688 er
1118 3627 1161 3687 sei
1186 3628 1407 3688 hauptsächlich
1439 3627 1536 3687 wegen
1580 3627 1672 3687 seines
1709 3625 1807 3685 Nicht¬

157 3668 341 3728 „natürlich
366 3666 520 3726 durchaus
545 3663 575 3723 ab

1833 3675 1917 3735 Eine
1946 3672 2036 3732 etwas
2066 3671 2240 3731 schmutzige
2263 3668 2444 3728 Beziehung
2473 3664 2602 3724 entrollt
2626 3663 2670 3723 sich
2705 3663 2732 3723 da
2767 3662 2835 3722 nach
2869 3660 2925 3720 und
2954 3660 3021 3720 nach

624 3675 808 3735 erscheinens
846 3675 900 3735 vor
938 3678 986 3738 dem
1037 3678 1215 3738 Ehrenrate
1247 3675 1295 3735 des
1333 3678 1609 3738 Offiziersranges
1648 3675 1795 3735 entkleide

1834 3719 1891 3779 vor
1920 3719 1971 3779 den
2001 3719 2110 3779 Augen
2139 3716 2191 3776 der
2220 3713 2323 3773 beiden
2353 3713 2549 3773 Jünglinge.
2590 3710 2716 3770 Anton,
2757 3707 2808 3767 der
2855 3707 3028 3767 robustere,

159 3723 234 3783 eine
253 3719 422 3779 bestimmte
447 3719 591 3779 Tendenz
623 3723 766 3783 worden,
792 3725 854 3785 und
886 3725 967 3785 hielt
999 3725 1049 3785 ihm
1093 3723 1180 3783 darin
1219 3725 1287 3785 auch
1331 3725 1412 3785 vor,
1444 3727 1500 3787 daß
1551 3725 1581 3785 er
1620 3725 1669 3785 sich
1713 3722 1800 3782 durch

2742 3757 2795 3817 sein
2838 3755 2933 3815 Vater
2970 3752 3023 3812 der

148 3770 278 3830 idersinn
315 3767 398 3827 eines
435 3766 577 3826 Standes

622 3770 701 3830 seine
738 3774 1044 3834 Herausforderung
1088 3773 1173 3833 eines
1217 3773 1449 3833 Schuldurteils
1499 3773 1596 3833 höchst
1634 3769 1799 3829 peinlichen
1843 3767 1916 3827 wird
1953 3766 2044 3826 durch
2082 3764 2124 3824 die
2162 3762 2382 3822 ernüchternde
2413 3758 2621 3818 Entdeckung,
2652 3759 2700 3819 daß

1837 3815 2023 3875 Nutznießer
2047 3812 2091 3872 der
2114 3810 2300 3870 amourösen
2329 3807 2498 3867 Abenteuer
2522 3806 2572 3866 der
2595 3804 2702 3864 Gattin
2731 3805 2781 3865 ist,
2799 3803 2820 3863 in
2849 3803 2900 3863 das
2929 3803 3024 3863 Lager

139 3821 222 3881 fizier
255 3815 324 3875 auch
351 3815 433 3875 dann
466 3812 587 3872 schuldig

624 3821 827 3881 Situationen
870 3825 1039 3885 ausgesetzt
1082 3821 1171 3881 habe,
1202 3821 1274 3881 denn
1322 3821 1352 3881 er
1395 3821 1485 3881 müsse
1528 3819 1557 3879 es
1600 3821 1647 3881 sich
1690 3821 1804 3881 künftig

133 3869 178 3929 ser
205 3863 412 3923 aberkannte,
439 3863 522 3923 wenn
562 3864 594 3924 er
621 3869 750 3929 gefallen
783 3874 893 3934 lassen,
913 3875 965 3935 daß
998 3872 1140 3932 jemand,
1161 3868 1205 3928 der
1232 3870 1277 3930 sich
1310 3871 1342 3931 an
1375 3870 1426 3930 das
1460 3869 1563 3929 Urteil
1583 3869 1686 3929 halte,
1707 3868 1797 3928 seinen
1837 3863 1888 3923 der
1921 3860 2116 3920 Anarchisten
2156 3857 2330 3917 getrieben.
2357 3854 2493 3914 Stephan
2533 3851 2603 3911 aber
2630 3851 2708 3911 kann
2741 3850 2838 3910 seinen
2877 3850 3020 3910 Schmerz

623 3913 711 3973 Gruß
747 3918 940 3978 unerwidert
970 3921 1058 3981 lasse.
1088 3918 1175 3978 Diese
1206 3914 1317 3974 Arbeit
1347 3916 1529 3976 übersandte
1559 3914 1600 3974 ich
1636 3915 1806 3975 Schnitzler
1842 3909 1918 3969 über
1942 3907 1988 3967 die
2007 3907 2218 3967 Entdeckung,
2243 3905 2289 3965 daß
2325 3903 2401 3963 seine
2425 3900 2601 3960 angebetete
2625 3901 2766 3961 Phyllis,
2784 3899 2830 3959 die
2854 3899 2901 3959 ihn
2931 3899 3018 3959 allein

132 3913 264 3973 Anstände
301 3910 488 3970 verhindert
519 3910 585 3970 war

150 3963 253 4023 Stelle
300 3958 591 4018 vorschriftsmäßig
625 3963 683 4023 mit
709 3964 793 4024 einem
839 3967 1138 4027 Begleitschreiben,
1158 3964 1281 4024 nachdem
1327 3964 1365 4024 ich
1392 3964 1469 4024 schon
1509 3964 1619 4024 vorher
1652 3964 1808 4024 gelegent-
1841 3958 1873 4018 zu
1913 3955 2029 4015 lieben,
2056 3953 2107 4013 ihm
2153 3952 2243 4012 allein
2283 3952 2315 4012 zu
2348 3950 2478 4010 gehören
2517 3946 2692 4006 versprach,
2719 3946 2764 4006 die
2797 3943 2939 4003 Geliebte
2973 3945 3017 4005 des

1838 4003 1973 4063 Doktors
2003 4001 2103 4061 Urban
2133 4000 2180 4060 ist,
2198 4000 2280 4060 nicht
2304 4000 2328 4060 so
2352 3997 2505 4057 äußerlich
2529 3994 2753 4054 abreagieren.
2771 3994 2842 4054 Tief
2860 3993 3030 4053 getroffen,

128 4012 163 4072 Ar
200 4009 235 4069 um
285 4007 345 4067 das
377 4006 594 4066 psychologisch

627 4012 680 4072 lich
716 4013 797 4073 einer
828 4018 963 4078 anderen
999 4017 1099 4077 Sache
1129 4012 1264 4072 brieflich
1294 4015 1352 4075 auf
1383 4015 1477 4075 seinen
1519 4012 1595 4072 Fall
1619 4013 1725 4073 Bezug
1761 4012 1807 4072 ge¬

1834 4049 2035 4109 verzweifelt
2065 4048 2093 4108 er
2122 4048 2156 4108 an
2197 4046 2249 4106 der
2278 4045 2381 4105 Welt,
2405 4045 2456 4105 der
2486 4044 2566 4104 Frau
2607 4042 2664 4102 und
2699 4042 2751 4102 der
2786 4039 2889 4099 Liebe,
2913 4039 2958 4099 bis
2994 4040 3022 4100 er

133 4060 206 4120 alles
241 4058 267 4118 zu
302 4056 355 4116 tun
390 4054 517 4114 gewesen
552 4056 605 4116 ist,
626 4061 768 4121 nommen
803 4066 903 4126 hatte.
924 4067 1005 4127 Hier
1033 4067 1113 4127 seine
1141 4061 1323 4121 Antworten
1358 4063 1418 4123 auf
1439 4063 1519 4123 diese
1547 4063 1654 4123 beiden
1689 4060 1796 4120 Briefe

1839 4098 1928 4158 selbst
1947 4098 2072 4158 zufällig
2097 4096 2144 4156 den
2175 4096 2278 4156 Anlaß
2308 4096 2380 4156 dazu
2405 4094 2488 4154 gibt,
2507 4093 2554 4153 daß
2585 4091 2639 4151 sein
2670 4090 2783 4150 Vater,
2802 4088 3024 4148 vermögender

131 4105 240 4165 rischen
276 4105 398 4165 Kreisen
439 4102 490 4162 hat
526 4102 589 4162 man

1414 4125 1547 4185 Wien,
1568 4125 1621 4185 26.
1642 4125 1674 4185 5.
1696 4125 1775 4185 1901.

1833 4143 1991 4203 Bankier,
2009 4143 2111 4203 Herrn
2140 4141 2327 4201 Liesegangs
2356 4140 2582 4200 Unternehmen
2617 4137 2736 4197 saniert
2759 4135 2815 4195 und
2845 4134 2895 4194 den
2930 4134 3025 4194 Vater

134 4153 239 4213 mehr,
258 4153 307 4213 als
333 4152 499 4212 Schnitzler
525 4149 598 4209 diese

1845 4190 1971 4250 Antons
2001 4189 2023 4249 so
2058 4188 2116 4248 aus
2145 4188 2197 4248 der
2226 4189 2474 4249 Einflußsphäre
2504 4185 2549 4245 des
2585 4185 2758 4245 Advokaten
2793 4182 2943 4242 entzieht,
2967 4180 3029 4240 wo¬

259 4195 360 4255 reit
385 4200 471 4260 hale.
487 4199 542 4259 Mue

145 4200 192 4260 ild

826 4224 921 4284 Ihren
944 4215 1159 4275 Bemerkungen
1189 4212 1240 4272 zum
1277 4212 1425 4272 Geutnant
1448 4211 1529 4271 Gustl
1552 4209 1646 4269 müssen
1685 4209 1736 4269 Sie
1759 4209 1809 4269 mir

2334 4236 2361 4296 je
2380 4233 2576 4293 Möglichkeit
2596 4233 2717 4293 erhält,
2736 4233 2791 4293 mit
2811 4231 2857 4291 dem
2896 4230 3025 4290 Anwalt
