3344 4320
230 371 314 431 2.

374 377 961 437 Schnitzler's
1030 379 1260 439 Death

1471 380 1603 440 box
1683 385 1918 445 43/16

888 1171 1092 1231 bestimmte
1132 1170 1225 1230 Welt
1253 1178 1557 1238 auszudrücken,
1586 1181 1662 1241 eine
1702 1184 1795 1244 Welt
1829 1184 1889 1244 der
1923 1187 2183 1247 Genießenden
2228 1191 2293 1251 und

889 1221 1172 1281 Passionierten,
1193 1224 1296 1284 keine
1322 1226 1384 1286 der
1405 1232 1724 1292 Zeugungsfrohen
1761 1235 1822 1295 und
1859 1237 2121 1297 Arbeitenden.
2153 1241 2219 1301 Und
2251 1243 2302 1303 als

890 1271 1224 1331 „Puppenspieler“
1252 1275 1349 1335 stand
1382 1279 1587 1339 Schnitzler
1610 1282 1723 1342 neben
1750 1283 1825 1343 ihr,
1842 1286 1961 1346 lenkte
1989 1287 2042 1347 die
2070 1288 2226 1348 Drähte.
2243 1291 2296 1351 Da

889 1320 952 1380 gab
987 1318 1021 1378 es
1046 1319 1104 1379 die
1135 1321 1266 1381 braven
1301 1324 1365 1384 und
1400 1328 1512 1388 etwas
1542 1333 1807 1393 beschränkten
1842 1336 1949 1396 Leute
1979 1337 2042 1397 und
2078 1339 2136 1399 ihr
2161 1341 2303 1401 kleines

889 1368 1084 1428 irgendwie
1125 1375 1385 1435 verächtliches
1416 1379 1556 1439 Glück,
1598 1383 1662 1443 und
1703 1384 1803 1444 jene,
1839 1386 1898 1446 die
1934 1386 2014 1446 dort
2055 1388 2300 1448 einbrachen:

894 1416 988 1476 Wolf
1010 1416 1036 1476 in
1068 1416 1125 1476 der
1152 1420 1294 1480 Hürde,
1311 1425 1542 1485 gebieterisch
1574 1431 1643 1491 und
1675 1433 1917 1493 verführend:
1939 1435 2170 1495 Parazelsus,
2186 1439 2302 1499 Casa¬

885 1465 1000 1525 nova.
1012 1467 1064 1527 Da
1096 1469 1169 1529 war
1191 1470 1349 1530 Neugier
1376 1476 1439 1536 und
1471 1477 1613 1537 Gefahr
1635 1480 1650 1540 —
1698 1485 1930 1545 „Sicherheit
1946 1485 1994 1545 ist
2015 1485 2204 1545 nirgends.
2226 1487 2299 1547 Wir

881 1515 1014 1575 spielen
1051 1518 1138 1578 alle;
1165 1516 1236 1576 wer
1268 1518 1298 1578 es
1330 1521 1443 1581 weiß,
1464 1525 1510 1585 ist
1537 1530 1665 1590 klug“.
1691 1532 1763 1592 Für
1789 1532 1882 1592 diese
1919 1535 2181 1595 Verstörungen
2223 1536 2289 1596 und

891 1565 1189 1625 Verwirrungen,
1215 1571 1276 1631 für
1308 1570 1400 1630 diese
1437 1575 1570 1635 Flucht
1602 1579 1663 1639 aus
1699 1580 1761 1640 dem
1808 1584 2023 1644 Gleichmaß
2066 1585 2132 1645 und
2169 1587 2292 1647 Alltag

882 1613 980 1673 hatte
1014 1613 1048 1673 er
1073 1617 1347 1677 Zwischentöne
1382 1622 1445 1682 und
1485 1626 1622 1686 Farben
1657 1626 1720 1686 wie
1755 1630 1827 1690 kein
1867 1631 2038 1691 anderer;
2068 1634 2131 1694 und
2166 1636 2293 1696 immer

888 1661 1015 1721 wieder
1055 1664 1128 1724 war
1163 1665 1196 1725 es
1236 1670 1388 1730 Anatol,
1418 1673 1535 1733 reich,
1565 1678 1741 1738 unruhig,
1771 1679 2030 1739 Lebenszweck
2075 1684 2104 1744 im
2158 1684 2300 1744 Genult

873 1714 1058 1774 suchend,
1085 1715 1150 1775 der
1181 1718 1392 1778 Abenteuer
1428 1722 1519 1782 will,
1545 1727 1736 1787 duelliert,
1762 1730 1949 1790 ermordet
1980 1731 2090 1791 wird,
2116 1735 2181 1795 mit
2217 1736 2277 1796 dem

881 1762 950 1822 Tod
986 1762 1031 1822 ein
1062 1767 1333 1827 Arrangement
1354 1772 1534 1832 anstrebt.
1555 1775 1706 1835 Anatol,
1727 1777 1787 1837 der
1812 1779 1912 1839 nicht
1933 1781 1973 1841 an
2004 1783 2300 1843 Bürgerlichkeit

877 1813 1024 1873 glaubt,
1063 1814 1200 1874 asozial
1230 1816 1279 1876 ist
1309 1818 1377 1878 und
1412 1820 1480 1880 zum
1535 1822 1642 1882 Volke
1693 1825 1795 1885 keine
1840 1828 1996 1888 anderen
2036 1832 2286 1892 Beziehungen

878 1860 998 1920 kennt
1018 1861 1073 1921 als
1104 1862 1179 1922 jene
1215 1864 1270 1924 des
1301 1870 1471 1930 Mannes,
1492 1873 1552 1933 der
1582 1873 1658 1933 eine
1689 1875 1778 1935 Frau
1814 1877 1884 1937 sich
1915 1878 1980 1938 aus
2011 1879 2071 1939 dem
2117 1883 2297 1943 dunklen,

881 1911 1136 1971 unbekannten
1167 1915 1388 1975 Gewimmel
1409 1918 1438 1978 in
1469 1919 1529 1979 den
1559 1922 1685 1982 Tiefen
1715 1927 1851 1987 einmal
1867 1927 1991 1987 sucht.
2007 1927 2102 1987 Doch
2133 1931 2218 1991 auch
2249 1933 2288 1993 da

873 1960 1026 2020 zumeist
1059 1962 1090 2022 in
1128 1962 1191 2022 der
1223 1966 1350 2026 „guten
1388 1969 1658 2029 Gesellschaft“
1696 1975 1828 2035 bleibt.
1855 1977 1891 2037 Im
1940 1978 2289 2038 Unterbewußtsein

869 2008 987 2068 fühlt,
1008 2011 1070 2071 daß
1107 2011 1142 2071 er
1169 2013 1261 2073 seine
1293 2016 1411 2076 Gaben
1448 2018 1550 2078 nicht
1577 2022 1762 2082 ausnützt,
1784 2024 1933 2084 erotisch
1965 2027 2150 2087 überreizt
2171 2032 2233 2092 ist,
2254 2032 2279 2092 in

878 2056 993 2116 seinem
1043 2060 1184 2120 Genußt
1209 2063 1395 2123 vielleicht
1426 2066 1485 2126 den
1526 2070 1682 2130 edelsten
1718 2073 1843 2133 Genuß
1889 2076 2064 2136 verkennt
2095 2079 2159 2139 und
2200 2081 2285 2141 eben

878 2109 1047 2169 deshalb,
1074 2112 1263 2172 durchaus
1295 2116 1547 2176 unväterlich,
1578 2122 1727 2182 Familie
1763 2124 1927 2184 dadurch
1964 2128 2113 2188 ersetzt,
2144 2128 2211 2188 daß
2252 2130 2288 2190 er

871 2159 1077 2219 hochmütig
1115 2162 1304 2222 Schicksal
1332 2166 1458 2226 spielt.
1485 2169 1558 2229 Und
1607 2169 1649 2229 am
1703 2172 1802 2232 Ende
1845 2176 1966 2236 einsam
2025 2178 2210 2238 verdirbt.
2242 2179 2284 2239 So

875 2207 993 2267 wollte
1024 2208 1055 2268 es
1081 2211 1307 2271 Schnitzlers
1334 2217 1591 2277 unerbittliche
1623 2222 1916 2282 Gerechtigkeit.

944 2256 1160 2316 Unablässig
1198 2261 1260 2321 hat
1293 2261 1329 2321 er
1361 2262 1424 2322 für
1457 2264 1525 2324 sein
1567 2267 1673 2327 Werk
1710 2272 1778 2332 sich
1821 2275 1990 2335 gemüht,
2017 2274 2117 2334 jedem
2170 2276 2285 2336 Motiv

873 2306 1153 2366 nachspürend,
1175 2307 1206 2367 es
1238 2309 1264 2369 in
1302 2312 1365 2372 alle
1397 2316 1587 2376 seelischen
1625 2321 1931 2381 Schlupfwinkel
1958 2324 2190 2384 verfolgend,
2217 2330 2280 2390 und

875 2353 973 2413 wenn
1012 2356 1046 2416 er
1081 2356 1169 2416 über
1199 2360 1316 2420 seinen
1356 2364 1497 2424 Einfall
1523 2368 1679 2428 sprach,
1704 2371 1738 2431 so
1773 2372 1904 2432 konnte
1939 2372 1973 2432 es
2003 2373 2076 2433 sich
2111 2378 2291 2438 begeben,

873 2403 939 2463 daß
971 2403 1006 2463 er
1032 2405 1094 2465 von
1125 2409 1243 2469 seinem
1285 2411 1465 2471 Stehpult
1486 2417 1645 2477 forteilte
1676 2419 1743 2479 und
1779 2420 1804 2480 in
1842 2422 1903 2482 den
1934 2423 2109 2483 zahllosen
2145 2427 2284 2487 Schub¬

868 2454 1017 2514 fächern
1053 2455 1270 2515 gewaltiger
1301 2461 1487 2521 Schränke
1534 2467 1787 2527 herausholte,
1829 2469 1901 2529 was
1943 2469 1978 2529 er
2025 2474 2185 2534 darüber
2227 2476 2288 2536 ge-

868 2503 1078 2563 schrieben,
1099 2506 1284 2566 gedichtet
1315 2508 1395 2568 oder
1425 2511 1495 2571 sich
1531 2515 1666 2575 notiert
1692 2517 1807 2577 hatte.
1832 2518 1907 2578 Und
1943 2521 2018 2581 man
2054 2524 2148 2584 hatte
2184 2527 2274 2587 dann

867 2551 928 2611 das
960 2554 1114 2614 Gefühl,
1135 2556 1161 2616 im
1202 2558 1465 2618 Laboratorium
1507 2564 1605 2624 eines
1631 2567 1759 2627 großen
1786 2569 1899 2629 Herrn
1931 2569 1992 2629 der
2018 2573 2286 2633 Wissenschaft

865 2601 902 2661 zu
941 2601 1037 2661 sein.
1060 2605 1130 2665 Die
1169 2608 1461 2668 Verkleidungen
1500 2611 1565 2671 der
1598 2617 1776 2677 Gefühle,
1804 2619 1858 2679 die
1891 2619 2010 2679 Ironie
2048 2620 2075 2680 in
2114 2623 2178 2683 den
2217 2623 2281 2683 Be-

867 2652 1062 2712 ziehungen
1093 2653 1268 2713 zwischen
1294 2660 1399 2720 Mann
1430 2660 1490 2720 und
1520 2662 1605 2722 Frau
1636 2663 1645 2723 —
1691 2666 1771 2726 aufs
1797 2667 1912 2727 tiefste
1938 2668 2003 2728 und
2033 2671 2189 2731 zugleich
2219 2673 2279 2733 an¬

864 2702 1035 2762 mutigste
1061 2703 1089 2763 in
1119 2706 1232 2766 seinem
1276 2706 1452 2766 „Reigen“
1478 2712 1649 2772 gestaltet
1670 2713 1684 2773 —
1733 2717 1846 2777 waren
1876 2718 2086 2778 Domänen,
2106 2722 2130 2782 in
2160 2723 2273 2783 denen

865 2748 899 2808 er
935 2750 1005 2810 sich
1046 2754 1191 2814 erging,
1222 2755 1287 2815 und
1333 2760 1453 2820 hinter
1484 2762 1640 2822 Sätzen,
1666 2766 1720 2826 die
1761 2766 1972 2826 gewichtlos
2008 2767 2043 2827 zu
2084 2772 2274 2832 schweben

862 2800 1052 2860 schienen,
1078 2803 1238 2863 steckten
1279 2808 1525 2868 Beziehungen
1581 2813 1646 2873 und
1687 2816 1968 2876 Erkenntnisse,
2004 2818 2058 2878 die
2104 2822 2169 2882 nur
2215 2823 2279 2883 der

860 2848 991 2908 feinste
1024 2849 1129 2909 Leser
1156 2851 1239 2911 oder
1266 2853 1382 2913 Hörer
1409 2860 1588 2920 erfühlte.
1610 2861 1735 2921 Dieses
1762 2865 2025 2925 aufmerkende
2052 2869 2278 2929 Schnitzler¬

865 2900 1040 2960 publikum
1086 2902 1181 2962 hatte
1207 2902 1241 2962 er
1262 2903 1333 2963 sich
1358 2908 1529 2968 erzogen,
1549 2912 1645 2972 hatte
1670 2912 1755 2972 auch
1786 2914 1836 2974 die
1862 2915 1927 2975 aus
1953 2918 2164 2978 politischen
2194 2921 2279 2981 oder

860 2950 1165 3010 Rassengründen
1209 2954 1308 3014 lange
1351 2958 1688 3018 Widerstrebenden
1741 2963 1767 3023 in
1810 2964 2010 3024 Österreich
2058 2969 2268 3029 allmählich

864 3000 1085 3060 gewonnen;
1106 3000 1147 3060 sie
1173 3005 1317 3065 spürten
1349 3005 1374 3065 in
1406 3007 1456 3067 ihm
1498 3011 1596 3071 ihren
1622 3013 1792 3073 Dichter,
1808 3017 2003 3077 erkannten
2035 3017 2086 3077 die
2118 3019 2282 3079 Wesens¬

863 3049 1201 3109 verwandtschaft.

910 3100 992 3160 Wer
1020 3106 1184 3166 Formeln
1224 3109 1329 3169 liebt,
1351 3111 1433 3171 mag
1467 3113 1521 3173 ihn
1566 3114 1627 3174 den
1666 3116 1820 3176 Dichter
1854 3118 1914 3178 der
1943 3124 2267 3184 österreichischen

864 3154 1089 3214 Bourgeoisie
1119 3157 1274 3217 nennen.
1295 3160 1390 3220 Aber
1415 3161 1520 3221 eben,
1546 3164 1580 3224 da
1611 3164 1645 3224 er
1671 3165 1756 3225 doch
1786 3168 1941 3228 Dichter
1967 3170 2057 3230 war,
2077 3174 2277 3234 Gestalter,

858 3199 884 3259 in
911 3204 1032 3264 Seelen
1064 3206 1127 3266 und
1154 3208 1333 3268 Gefühlen
1365 3211 1512 3271 formte,
1529 3212 1586 3272 fiel
1608 3213 1660 3273 die
1682 3216 1966 3276 Beschränkung
1993 3220 2056 3280 auf
2078 3221 2135 3281 den
2168 3222 2267 3282 Kreis

858 3250 919 3310 der
951 3254 1135 3314 Sorglosen
1172 3257 1228 3317 oft
1254 3256 1315 3316 von
1352 3258 1408 3318 ihm
1455 3261 1516 3321 ab,
1543 3262 1609 3322 und
1651 3263 1722 3323 was
1754 3265 1804 3325 ihm
1857 3267 1892 3327 an
1934 3267 2046 3327 Weite
2078 3272 2278 3332 mangelte,

855 3299 1004 3359 ersetzte
1035 3302 1071 3362 er
1103 3303 1210 3363 durch
1247 3306 1366 3366 Tiefe.
1392 3308 1505 3368 Heute
1537 3309 1588 3369 ist
1614 3309 1644 3369 in
1677 3313 1903 3373 Österreichs
1940 3319 2161 3379 Verarmung
2198 3323 2264 3383 sein

851 3349 1052 3409 Bürgertum
1103 3355 1411 3415 verschwunden,
1436 3358 1522 3418 doch
1558 3360 1628 3420 sein
1664 3363 1820 3423 Dichter
1856 3363 1921 3423 ist,
1952 3369 2057 3429 indem
2118 3369 2153 3429 er
2194 3372 2274 3432 ent¬

850 3401 1045 3461 schwand,
1061 3405 1267 3465 geblieben,
1288 3408 1438 3468 feinster
1459 3411 1651 3471 Ausdruck
1681 3413 1776 3473 einer
1802 3416 2048 3476 vergangenen
2079 3419 2189 3479 Welt.
2210 3421 2270 3481 Als

850 3450 899 3510 ich
935 3455 1192 3515 heranwuchs,
1212 3456 1282 3516 war
1303 3458 1338 3518 er
1364 3458 1418 3518 der
1444 3461 1630 3521 Schöpfer
1651 3461 1711 3521 der
1731 3465 2054 3525 österreichischen
2085 3471 2275 3531 Moderne,

850 3602 928 3662 1706

2617 1193 2723 1253 heute
2750 1193 2829 1253 mag
2867 1193 2898 1253 er
2925 1193 2989 1253 den
3026 1195 3121 1255 einen
3154 1196 3206 1256 als
3233 1200 3270 1260 un

2622 1240 2756 1300 gelten,
2782 1240 2812 1300 so
2849 1240 2946 1300 rasch
2988 1245 3065 1305 ging
3102 1245 3168 1305 und
3210 1248 3308 1308 vergi

2621 1288 2750 1348 immer
2775 1288 2874 1348 mehr
2904 1291 2928 1351 in
2958 1294 3032 1354 ihr,
3053 1292 3121 1352 was

2621 1338 2712 1398 trotz
2748 1339 2864 1399 seiner
2901 1341 3043 1401 kleinen
3084 1340 3119 1400 ge

2619 1387 2771 1447 schönen
2810 1388 2930 1448 Kopf,
2969 1391 3028 1451 den
3067 1393 3077 1453 g

2622 1437 2774 1497 Dichter
2809 1437 3036 1497 legitimiert.
3060 1440 3076 1500 U

2618 1486 2933 1546 Menschlichkeit
2955 1488 2991 1548 ur

2617 1536 2781 1596 schreibt
2807 1536 2925 1596 seinen
2962 1536 2972 1596 „

2623 1584 2761 1644 Kampf
2784 1584 2845 1644 der
2868 1584 2973 1644 freien

2625 1631 2654 1691 In
2690 1634 2805 1694 seiner
2835 1631 2965 1691 letzten

2618 1682 2741 1742 Kunst
2757 1681 2908 1741 streifen

2617 1728 2674 1788 die
2706 1733 2909 1793 Franzosen

2622 1781 2744 1841 längst
2767 1780 2828 1840 von
2856 1781 2912 1841 ihm

2623 1828 2683 1888 der
2712 1828 2829 1888 Seele,
2846 1832 2901 1892 gin

2624 1877 2701 1937 Weg
2733 1879 2835 1939 hinab
2860 1879 2944 1939 gehe

2618 1927 2683 1987 den
2715 1928 2750 1988 er
2782 1930 2935 1990 niemals

2683 1978 2759 2038 Sein
2789 1978 2918 2038 letzter

2618 2025 2752 2085 haben,
2775 2025 2831 2085 Sie
2859 2027 2920 2087 wie

2619 2075 2682 2135 das
2718 2076 2881 2136 Gespräc

2618 2124 2684 2184 mit
2718 2124 2779 2184 der
2812 2127 2918 2187 brenn

2621 2175 2743 2235 Augen
2770 2175 2887 2235 abzuw

2616 2221 2691 2281 ein,
2718 2224 2782 2284 wie
2815 2222 2853 2282 er
2880 2225 2901 2285 n

2619 2268 2681 2328 von
2713 2273 2770 2333 ihm
2817 2273 2874 2333 ge.

2616 2321 2798 2381 schätzt!“
2826 2323 2879 2383 Ol

2619 2369 2675 2429 er,
2692 2372 2755 2432 der
2784 2372 2840 2432 die
2869 2371 2885 2431 I

2618 2420 2716 2480 mehr
2749 2421 2978 2481 desillusioni

2619 2470 2747 2530 Pathos
2777 2469 2829 2529 ihn
2865 2470 2934 2530 beli

2617 2520 2682 2580 nur
2712 2519 2746 2579 zu
2777 2519 2955 2579 erkenner

2610 2567 2797 2627 sunkenen
2842 2569 2951 2629 Gesel

2620 2619 2799 2679 Feinster.
2819 2623 2855 2683 In
2887 2620 2985 2680 jeden

2620 2760 2757 2820 OSKAR
2792 2760 2965 2820 MAURUS

2685 2826 2732 2886 An
2770 2826 2870 2886 einem
2919 2826 2997 2886 sonn

2615 2875 2824 2935 Schnitzler
2842 2876 2994 2936 begrabe

2613 2924 2740 2984 letzter
2768 2924 2890 2984 Klasse
2919 2924 3023 2984 gebet

2611 2972 2838 3032 niederlege.
2863 2973 3032 3033 Dennoch

2620 3026 2702 3086 „von
2732 3026 2821 3086 alten
2851 3023 3081 3083 Freunden".
3088 3025 3105 3085 D

2614 3073 2735 3133 Kranz
2763 3073 2830 3133 mit
2858 3073 2951 3133 roten
2985 3072 3091 3132 Rosen
3124 3072 3174 3132 w.

2614 3123 2704 3183 ihm.
2728 3119 2806 3179 Wer
2829 3121 2925 3181 diese
2948 3121 3072 3181 letzten
3101 3121 3117 3181 G

2611 3171 2723 3231 dieses
2755 3172 2963 3232 Schweigen
3005 3171 3064 3231 der
3095 3172 3171 3232 Lieb

2611 3222 2707 3282 hätte
2736 3223 2826 3283 ohne
2850 3222 2940 3282 diese
2970 3222 3140 3282 Blumen,

2609 3272 2709 3332 ging,
2731 3273 2848 3333 stumm
2891 3268 3050 3328 gereicht
3071 3270 3236 3330 wurden,
3257 3273 3294 3333 ni

2682 3319 2747 3379 Vor
2776 3319 2836 3379 der
2859 3318 3192 3378 Zeremonienhalle
3221 3324 3275 3384 des

2601 3369 2871 3429 Schriftsteller
2904 3369 3026 3429 Wiens
3059 3371 3122 3431 und
3162 3370 3212 3430 die
3239 3372 3302 3432 Sch

2610 3420 2671 3480 auf
2695 3421 2756 3481 den
2786 3422 2893 3482 Sarg.
2905 3420 3125 3480 Schnitzlers
3149 3420 3307 3480 Gestalte

2606 3468 2687 3528 Man
2726 3470 2832 3530 hörte
2864 3470 2952 3530 viele
2990 3470 3197 3530 tiefsinnige
3229 3470 3310 3530 liter
