3436 4320
243 267 338 327 2.
398 273 996 333 Schnitzler's
1066 270 1297 330 Death

587 1566 1307 1626 OBSERVER

671 1613 697 1673 I.
711 1613 830 1673 österr.
844 1620 996 1680 behördl.
1010 1628 1307 1688 konzessioniertes

623 1656 862 1716 Unternehmen
893 1660 941 1720 für
964 1669 1354 1729 Zeitungs-Ausschnitte

677 1716 827 1776 WIEN,
855 1723 902 1783 I.,
931 1730 1218 1790 WOLLZEILE
1266 1736 1306 1796 11

775 1773 993 1833 TELEPHON
1026 1781 1201 1841 R-23-0-43

568 1907 788 1967 Ausschnitt
817 1913 904 1973 aus:

659 1981 852 2041 Pester
899 1993 1081 2053 Lloyd,
1104 1999 1349 2059 Bidapest

639 2039 718 2099 22.
741 2041 951 2101 Oktober
1003 2052 1133 2112 1931.

567 2130 674 2190 vom:

606 2208 706 2268 Artur
741 2201 927 2261 Schnitzler
981 2190 1177 2250 gesterben.
1225 2183 1330 2243 Unser
1369 2173 1498 2233 Wiener
1537 2164 1657 2224 Korre¬

537 2251 699 2311 spondent
719 2239 1068 2299 Vergraphertns:
1093 2230 1132 2290 Um
1182 2224 1300 2284 viertel
1325 2220 1339 2280 7
1369 2216 1437 2276 Uhr
1467 2211 1590 2271 abends
1615 2204 1659 2264 ist

535 2297 630 2357 heute
658 2294 753 2354 Artur
781 2287 967 2347 Schnitzler
1013 2276 1039 2336 in
1094 2271 1204 2331 seiner
1236 2267 1308 2327 Villa
1363 2259 1390 2319 in
1422 2255 1563 2315 Döbling
1613 2248 1640 2308 im

539 2339 597 2399 69.
620 2337 841 2397 Lebensjahre
869 2323 1059 2383 gestorben.
1082 2316 1141 2376 Der
1168 2312 1236 2372 Tod
1268 2308 1326 2368 Dr.
1349 2303 1449 2363 Artur
1463 2295 1661 2355 Schnitzlers

542 2385 598 2445 kam
643 2379 743 2439 selbst
762 2375 867 2435 seiner
889 2368 1043 2428 nächsten
1074 2357 1263 2417 Umgebung
1290 2346 1553 2406 überraschend.
1567 2336 1663 2396 Wohl

540 2428 648 2488 klagte
677 2420 864 2480 Schnitzler
911 2412 943 2472 in
981 2410 1035 2470 den
1069 2404 1185 2464 letzten
1219 2396 1306 2456 zwei
1331 2392 1448 2452 Jahren
1486 2384 1564 2444 über
1598 2377 1668 2437 ver¬

538 2468 713 2528 schiedene
746 2457 1000 2517 Beschwerden,
1047 2447 1125 2507 aber
1151 2444 1183 2504 er
1213 2441 1275 2501 war
1326 2435 1421 2495 nicht
1467 2429 1567 2489 krank
1622 2426 1650 2486 im

540 2511 759 2571 eigentlichen
789 2505 887 2565 Sinne
914 2500 974 2560 und
1004 2496 1116 2556 mußte
1146 2487 1223 2547 auch
1253 2485 1300 2545 nie
1331 2480 1356 2540 in
1387 2475 1442 2535 der
1468 2471 1579 2531 letzten
1606 2467 1669 2527 Zeit

548 2558 606 2618 das
635 2555 705 2615 Bett
735 2548 851 2608 hüten.
872 2544 959 2604 Auch
992 2538 1104 2598 mußte
1134 2532 1163 2592 er
1192 2530 1254 2590 sich
1288 2522 1449 2582 keinerlei
1471 2513 1674 2573 Enthaltun¬

550 2605 603 2665 gen
658 2597 682 2657 in
720 2596 815 2656 bezug
849 2591 906 2651 auf
940 2585 1023 2645 seine
1056 2576 1280 2636 Lebensweise
1314 2564 1520 2624 auferlegen.
1567 2558 1670 2618 Heute

547 2644 721 2704 vormittag
759 2635 945 2695 unternahm
996 2625 1178 2685 Schnitzler
1211 2617 1298 2677 einen
1340 2607 1580 2667 Spaziergang,
1606 2599 1663 2659 von

552 2688 607 2748 dem
651 2685 684 2745 er
710 2681 804 2741 gegen
864 2675 902 2735 11
933 2672 1001 2732 Uhr
1031 2666 1107 2726 nach
1146 2662 1253 2722 Hause
1309 2652 1569 2712 zurückkehrte.
1612 2642 1654 2702 Um

557 2730 672 2790 viertel
698 2727 732 2787 12
767 2721 830 2781 Uhr
861 2719 938 2779 fand
972 2715 1019 2775 ihn
1053 2708 1143 2768 seine
1174 2701 1378 2761 Sekretärin,
1400 2694 1451 2754 die
1481 2691 1537 2751 zur
1567 2687 1678 2747 Arbeit

556 2777 584 2837 in
614 2773 676 2833 sein
717 2766 986 2826 Arbeitszimmer
1041 2752 1231 2812 eingetreten
1277 2743 1355 2803 war,
1385 2735 1571 2795 bewußtlos
1625 2731 1662 2791 am

561 2823 669 2883 Boden
697 2815 819 2875 liegen.
856 2808 928 2868 Man
961 2801 1097 2861 brachte
1124 2795 1178 2855 den
1211 2785 1438 2845 Bewußtlosen
1488 2777 1602 2837 sofort
1648 2775 1679 2835 zu

562 2863 646 2923 Bett,
669 2859 748 2919 doch
781 2855 869 2915 hatte
902 2849 929 2909 er
958 2848 1008 2908 die
1037 2843 1139 2903 ganze
1167 2838 1236 2898 Zeit
1284 2832 1334 2892 bis
1372 2828 1404 2888 zu
1442 2823 1543 2883 seinem
1595 2817 1678 2877 Tode

561 2909 651 2969 nicht
679 2903 765 2963 einen
802 2896 997 2956 Augenblick
1034 2887 1124 2947 mehr
1152 2882 1211 2942 das
1243 2873 1442 2933 Bewußtsein
1479 2866 1620 2926 erlangt.
1643 2861 1683 2921 Es

568 2951 632 3011 war
661 2950 730 3010 eine
758 2941 1021 3001 Gehirnblutung
1050 2927 1267 2987 eingetreten,
1286 2919 1318 2979 so
1351 2915 1406 2975 daß
1439 2912 1470 2972 er
1499 2907 1563 2967 sich
1601 2906 1674 2966 auch

569 2995 660 3055 nicht
683 2991 775 3051 einen
806 2985 960 3045 Moment
987 2977 1092 3037 seines
1123 2971 1228 3031 nahen
1264 2964 1369 3024 Todes
1401 2954 1537 3014 bewußt
1568 2951 1695 3011 wurde.

571 3042 611 3102 Er
638 3036 697 3096 hat
720 3032 873 3092 offenbar
896 3029 955 3089 gar
982 3022 1072 3082 nicht
1095 3013 1244 3073 gelitten.
1263 3009 1307 3069 Um
1353 3002 1466 3062 viertel
1494 2997 1507 3057 7
1534 2995 1601 3055 Uhr
1629 2991 1692 3051 trat

573 3080 823 3140 Atemlähmung
855 3072 899 3132 ein
934 3068 991 3128 und
1022 3063 1092 3123 bald
1123 3057 1246 3117 darauf
1269 3052 1334 3112 trat
1357 3046 1413 3106 der
1441 3043 1502 3103 Tod
1533 3040 1599 3100 ein.
1643 3036 1682 3096 An

568 3127 669 3187 seinem
718 3118 970 3178 Krankenlager
1002 3108 1121 3168 weilten
1157 3103 1218 3163 sein
1255 3095 1378 3155 Bruder
1410 3087 1533 3147 Hofrat
1560 3080 1697 3140 Univer¬

571 3168 838 3228 sitätsprofessor
866 3155 1047 3215 Primarius
1075 3148 1138 3208 Dr.
1157 3144 1266 3204 Julius
1293 3135 1479 3195 Schnitzler
1530 3126 1588 3186 und
1643 3124 1693 3184 die

576 3213 706 3273 übrigen
766 3207 792 3267 in
829 3203 914 3263 Wien
956 3198 1131 3258 weilenden
1168 3185 1389 3245 Angehörigen
1449 3175 1502 3235 des
1535 3168 1701 3228 Dichters.

583 3257 665 3317 Noch
699 3254 732 3314 am
778 3249 885 3309 Abend
919 3244 1027 3304 wurde
1056 3237 1156 3297 durch
1190 3232 1243 3292 den
1281 3224 1442 3284 Amtsarzt
1468 3219 1513 3279 die
1543 3213 1700 3273 Leichen¬

578 3302 715 3362 beschau
750 3292 1020 3352 vorgenommen.
1042 3279 1205 3339 Vorläufig
1236 3272 1300 3332 sind
1335 3268 1425 3328 keine
1451 3257 1695 3317 Dispositimen

577 3346 658 3406 über
689 3344 736 3404 die
762 3335 989 3395 Leichenfeier
1019 3325 1174 3385 getroffen
1208 3316 1358 3376 worden.
1380 3310 1449 3370 Man
1483 3303 1552 3363 will
1578 3298 1706 3358 abwar¬

586 3397 656 3457 ten,
675 3398 727 3458 bis
757 3396 816 3456 sein
858 3388 1064 3448 bekanntlich
1130 3378 1153 3438 in
1195 3375 1295 3435 Berlin
1331 3370 1484 3430 lebender
1520 3362 1626 3422 Sonn,
1656 3357 1702 3417 der

580 3441 689 3501 sofort
734 3438 794 3498 vom
852 3432 1042 3492 tragischen
1100 3423 1185 3483 Ende
1234 3418 1343 3478 seines
1372 3411 1482 3471 Vaters
1511 3405 1713 3465 verständigt

588 3485 712 3545 wurde,
738 3483 764 3543 in
799 3479 884 3539 Wien
920 3473 1078 3533 eintrifft.
1100 3466 1156 3526 Die
1186 3460 1453 3520 Persönlichkeit
1483 3451 1543 3511 und
1574 3449 1625 3509 die
1655 3443 1715 3503 Be¬

588 3530 729 3590 deutung
788 3524 841 3584 des
896 3515 1087 3575 berühmten
1150 3506 1300 3566 Dichters
1338 3499 1495 3559 würdigen
1562 3490 1616 3550 wir
1671 3488 1695 3548 im

587 3573 767 3633 Feuilleton
800 3567 853 3627 der
882 3558 1108 3618 vorliegenden
1146 3553 1321 3613 Nummer.

1513 267 1633 327 box
1709 272 1890 332 42/6

2223 179 2446 239 Ausschnitt
2477 180 2565 240 aus:

2237 389 2353 449 vom:

2302 598 2556 658 Theater
2606 601 2701 661 und
2767 601 2989 661 Kunst.

2424 1874 2559 1934 Arthur
2597 1873 2779 1933 Schnitzler
2817 1873 2861 1933 f.

2270 1957 2333 2017 Der
2362 1954 2489 2014 Dichter
2519 1954 2646 2014 Arthur
2676 1954 2850 2014 Schnitzler
2885 1953 2919 2013 ist
2949 1951 3064 2011 gestern

2206 2003 2420 2063 nachmittags
2454 1999 2481 2059 im
2526 1999 2581 2059 70.
2603 2000 2829 2060 Lebensjahre
2857 1999 2895 2059 an
2929 1996 3072 2056 Gehirn¬

2205 2046 2348 2106 blutung
2376 2041 2563 2101 gestorben.

2268 2097 2395 2157 Arthur
2425 2096 2599 2156 Schnitzler
2635 2094 2669 2154 ist
2699 2094 2797 2154 neben
2833 2094 2919 2154 Karl
2950 2091 3077 2151 Schön¬

2205 2144 2278 2204 herr
2311 2142 2363 2202 der
2395 2139 2622 2199 bedeutendste
2655 2138 2898 2198 österreichische
2930 2136 3078 2196 Drama¬

2210 2187 2288 2247 tiker
2315 2184 2473 2244 gewesen.
2489 2184 2532 2244 Er
2559 2183 2621 2243 gilt
2643 2181 2690 2241 als
2717 2181 2769 2241 der
2797 2181 2996 2241 Begründer
3018 2177 3070 2237 des

2210 2230 2361 2290 „Wiener
2394 2226 2507 2286 Stils"
2540 2224 2599 2284 auf
2626 2223 2680 2283 der
2713 2223 2847 2283 Bühne,
2869 2225 2961 2285 jenes
2994 2225 3074 2285 fein¬

2210 2273 2385 2333 nervigen,
2407 2270 2535 2330 zarten,
2557 2270 2778 2330 ziselierenden
2821 2269 2923 2329 Stils,
2945 2267 2996 2327 der
3028 2266 3074 2326 als

2210 2318 2432 2378 Niederschlag
2468 2314 2519 2374 des
2557 2314 2820 2374 Naturalismus
2856 2312 2913 2372 auf
2939 2312 3073 2372 Wiener

2213 2361 2368 2421 Eigenart
2389 2360 2476 2420 durch
2508 2357 2564 2417 Sil
2586 2357 2694 2417 Vara,
2715 2357 2828 2417 Salten
2860 2356 2916 2416 und
2943 2355 3077 2415 Auern¬

2211 2406 2332 2466 heimer
2360 2405 2404 2465 die
2432 2402 2603 2462 Hochblüte
2631 2402 2680 2462 der
2708 2402 2846 2462 Wiener
2874 2402 3072 2462 Feuilleton¬

2214 2447 2305 2507 kunst
2327 2446 2511 2506 bedeutete.

2276 2502 2464 2562 Schnitzlers
2495 2499 2618 2559 Vater,
2642 2497 2807 2557 Professor
2837 2496 2872 2556 an
2908 2494 2960 2554 der
2984 2494 3072 2554 Wie¬

2213 2546 2269 2606 ner
2301 2545 2522 2605 Universität,
2549 2542 2621 2602 war
2652 2541 2708 2601 der
2741 2542 2823 2602 Arzt
2854 2539 2910 2599 der
2942 2539 3076 2599 Wiener

2213 2589 2433 2649 Gesellschaft;
2456 2589 2489 2649 zu
2522 2587 2621 2647 seinen
2661 2584 2837 2644 Patienten
2871 2584 2992 2644 zählten
3026 2583 3075 2643 die

2213 2633 2480 2693 Berühmtheiten
2517 2629 2568 2689 des
2599 2629 2816 2689 Kunstlebens
2847 2626 2903 2686 der
2930 2629 3079 2689 österrei¬

2211 2676 2337 2736 chischen
2371 2674 2591 2734 Hauptstadt.
2620 2672 2702 2732 Auch
2741 2671 2868 2731 Arthur
2901 2670 3072 2730 Schnitzler

2216 2721 2364 2781 studierte
2391 2718 2561 2778 Medizin.
2577 2717 2624 2777 Er
2651 2715 2874 2775 promovierte
2906 2712 2985 2772 1885
3018 2712 3075 2772 und

2214 2763 2292 2823 blieb
2332 2763 2383 2823 bis
2423 2763 2479 2823 zum
2530 2761 2637 2821 Jahre
2671 2759 2750 2819 1893
2790 2757 2942 2817 Assistent
2977 2757 3072 2817 seines

2218 2807 2353 2867 Vaters.
2378 2804 2507 2864 Später
2539 2805 2668 2865 richtete
2699 2805 2730 2865 er
2762 2803 2810 2863 sich
2848 2802 2915 2862 eine
2947 2802 3082 2862 Privat¬

2216 2854 2330 2914 praxis
2363 2849 2428 2909 ein.

2285 2903 2447 2963 Zahlreich
2484 2900 2543 2960 sind
2586 2900 2633 2960 die
2664 2899 2893 2959 dramatischen
2936 2898 2995 2958 und
3032 2895 3080 2955 er¬

2218 2948 2390 3008 zählenden
2418 2945 2530 3005 Werke
2558 2945 2655 3005 dieses
2677 2942 2957 3002 repräsentativen
2985 2939 3081 2999 öster¬

2217 2990 2393 3050 reichischen
2438 2987 2603 3047 Dichters.
2636 2986 2708 3046 Mit
2741 2985 2796 3045 den
2846 2987 3072 3047 dramatischen

2218 3035 2499 3095 Zwiegesprächen
2533 3032 2701 3092 „Anatol“
2728 3032 2853 3092 erregte
2880 3031 2912 3091 er
2940 3032 2994 3092 zum
3038 3027 3086 3087 er¬

2217 3079 2354 3139 stenmal
2381 3073 2534 3133 Aufsehen
2572 3074 2598 3134 in
2636 3073 2794 3133 weitesten
2827 3073 2953 3133 Kreisen
2991 3073 3075 3133 durch

2217 3122 2266 3182 die
2294 3122 2399 3182 Kunst
2422 3119 2476 3179 zur
2505 3118 2793 3178 Dialogführung.
2821 3115 2886 3175 Mit
2915 3115 2965 3175 der
2993 3115 3086 3175 „Lie¬

2216 3164 2315 3224 belei“
2346 3161 2457 3221 wurde
2487 3160 2613 3220 Arthur
2639 3160 2815 3220 Schnitzler
2841 3160 3082 3220 Burgtheater¬

2219 3208 2329 3268 autor.
2357 3207 2401 3267 In
2446 3204 2754 3264 altösterreichischen
2799 3202 3069 3262 Offizierskreisen

2224 3252 2313 3312 spielt
2345 3249 2408 3309 das
2451 3247 2645 3307 Schauspiel
2683 3246 2862 3306 „Freiwild
2926 3246 2989 3306 und
3031 3244 3078 3304 die

2220 3294 2351 3354 Novelle
2391 3291 2584 3351 „Leutnant
2612 3287 2756 3347 Gustl";
2806 3289 2855 3349 ihr
2889 3288 3070 3348 Erscheinen

2216 3337 2391 3397 bewirkte,
2423 3336 2481 3396 daß
2519 3335 2699 3395 Schnitzler
2737 3334 2784 3394 die
2827 3333 2960 3393 Charge
2997 3333 3081 3393 eines

2218 3382 2466 3442 Militärarztes
2519 3376 2545 3436 in
2609 3378 2661 3438 der
2699 3378 2835 3438 Reserve
2873 3375 3073 3435 niederlegen

2219 3426 2345 3486 mußte.
2378 3425 2477 3485 Unter
2516 3418 2568 3478 den
2611 3422 2848 3482 Schöpfungen
2886 3420 3081 3480 Schnitzlers

2219 3470 2365 3530 befinden
2398 3467 2446 3527 sich
2474 3467 2572 3527 viele,
2594 3465 2659 3525 die,
2681 3465 2751 3525 bald
2778 3464 2935 3524 prickelnd
2964 3464 3087 3524 geschil¬

2216 3515 2305 3575 dert,
2327 3513 2396 3573 bald
2423 3511 2650 3571 psychologisch
2683 3509 2741 3569 mit
2763 3509 3085 3569 außerordentlicher

2219 3560 2467 3620 Gründlichkeit
2519 3554 2581 3614 und
2633 3553 2773 3613 Schärfe
2804 3554 2991 3614 motiviert,
3017 3551 3084 3611 eine

2222 3602 2480 3662 eigentümliche,
2502 3599 2558 3659 von
2595 3597 2714 3657 leichter
2746 3596 2963 3656 Melancholie
2989 3593 3087 3653 über¬

2225 3647 2363 3707 schattete
2385 3644 2498 3704 Erotik
2519 3641 2720 3701 aufweisen:
2737 3639 2762 3699 so
2789 3640 2840 3700 die
2861 3639 3083 3699 Szenenfolge

2222 3692 2307 3752 „Der
2341 3685 2507 3745 Reigen",
2535 3685 2583 3745 die
2611 3683 2692 3743 1896
2725 3683 2870 3743 entstand
2909 3682 2967 3742 und
3001 3679 3081 3739 1920

2222 3735 2319 3795 gegen
2367 3731 2423 3791 den
2466 3725 2584 3785 Willen
2631 3727 2688 3787 des
2730 3727 2875 3787 Dichters
2917 3726 2942 3786 in
2989 3725 3077 3785 Wien

2221 3776 2417 3836 aufgeführt
2439 3773 2566 3833 wurde.
2587 3774 2682 3834 Eines
2709 3771 2810 3831 seiner
2837 3769 2963 3829 feinsten
2996 3769 3091 3829 histo¬

2221 3822 2332 3882 rischen
2369 3820 2512 3880 Dramen
2549 3817 2586 3877 ist
2618 3816 2702 3876 „Der
2729 3815 2829 3875 junge
2861 3811 3093 3871 Medardus",

2225 3866 2279 3926 aus
2305 3865 2360 3925 der
2381 3862 2471 3922 Zeit,
2487 3861 2516 3921 da
2547 3859 2718 3919 Napoleon
2749 3858 2774 3918 I.
2790 3857 2814 3917 in
2845 3857 2935 3917 Wien
2961 3858 3066 3918 weilte

2224 3907 2282 3967 mit
2304 3906 2356 3966 dem
2399 3905 2562 3965 ärztlichen
2594 3902 2699 3962 Beruf
2721 3900 2832 3960 befaßt
2853 3900 2900 3960 sich
2927 3900 2980 3960 das
3007 3900 3085 3960 viel¬

2225 3950 2425 4010 umstrittene
2452 3948 2648 4008 Schauspiel
2670 3946 2860 4006 „Professor
2887 3945 3093 4005 Bernardi“.

2225 3993 2322 4053 Einen
2365 3991 2509 4051 überaus
2541 3990 2659 4050 starken
2701 3990 2814 4050 Erfolg
2852 3987 2970 4047 errang
3007 3984 3084 4044 1910

2227 4041 2314 4101 „Das
2340 4038 2433 4098 weite
2459 4035 2571 4095 Land“
2603 4035 2623 4095 im
2670 4033 2912 4093 Burgtheater:
2933 4029 3010 4089 1925
3036 4025 3087 4085 er¬

2223 4082 2312 4142 schien
2350 4079 2397 4139 die
2430 4078 2641 4138 dramatische
2674 4076 2832 4136 Dichtung
2870 4076 2954 4136 „Der
2986 4074 3081 4134 Gang

2225 4126 2281 4186 zum
2323 4124 2492 4184 Weiher",
2508 4121 2534 4181 in
2565 4121 2616 4181 der
2642 4120 2833 4180 Schnitzlers
2859 4115 3080 4175 wundervolle

2830 4154 3043 4214 Lalcamagle
