3392 4352
1425 272 1551 332 box
1631 272 1877 332 43/21

132 285 261 345 112.
323 285 912 345 Schnitzler's
984 276 1213 336 Death

1788 1253 1827 1313 die
1848 1252 1916 1312 deze
1937 1249 2134 1309 vernieuwing
2155 1248 2203 1308 van
2224 1245 2272 1305 den
2304 1243 2541 1303 tooneeldialoog
2562 1243 2620 1303 met
2641 1239 2689 1299 ach
2720 1234 2798 1294 mes-

701 1285 798 1345 stellig
834 1282 1029 1342 honderden,
1054 1279 1128 1339 door
1158 1278 1261 1338 beiden
1297 1276 1359 1336 grif
1389 1274 1591 1334 toegegeven,
1615 1270 1724 1330 punten

1777 1293 1903 1353 bracht.
1917 1291 2035 1351 Slechts
2063 1289 2108 1349 een
2141 1288 2208 1348 heel
2231 1285 2336 1345 enkele
2359 1285 2445 1345 maal
2463 1282 2518 1342 gaf
2537 1282 2586 1342 hij
2605 1281 2650 1341 toe
2673 1279 2727 1339 aan
2759 1276 2809 1336 het

152 1297 263 1357 duels
285 1294 312 1354 en
342 1294 383 1354 K.
398 1293 432 1353 u.
447 1290 658 1350 K.-officiers¬

700 1322 755 1382 van
780 1321 949 1381 aanraking
974 1321 1002 1381 en
1030 1318 1082 1378 het
1099 1318 1122 1378 is
1143 1317 1216 1377 zeifs
1236 1313 1352 1373 minder
1373 1312 1506 1372 bekend,
1523 1311 1574 1371 dat
1591 1309 1731 1369 Schnitz¬

1772 1335 1961 1395 aphorisme,
1980 1333 2029 1393 dat
2052 1330 2201 1390 kennelijk
2219 1329 2242 1389 in
2265 1327 2314 1387 het
2328 1325 2431 1385 betoog
2454 1321 2797 1381 „hineininterpretiert"

138 1336 196 1396 ike
225 1333 344 1393 figuren
376 1332 514 1392 schijnen
551 1324 660 1384 welge¬

699 1359 744 1419 ler
765 1359 819 1419 zijn
844 1359 1002 1419 medische
1023 1356 1172 1416 loopbaan
1201 1353 1288 1413 begon
1318 1352 1380 1412 met
1401 1350 1538 1410 dezelfde
1563 1347 1679 1407 studies
1700 1347 1733 1407 op

1779 1371 1839 1431 was
1860 1371 1890 1431 om
1929 1370 1980 1430 der
2006 1368 2078 1428 wille
2104 1366 2156 1426 van
2186 1365 2216 1425 de
2242 1365 2361 1425 pointe.
2379 1361 2464 1421 Bijna
2491 1358 2691 1418 voortdurend
2717 1353 2807 1413 daar¬

140 1374 290 1434 rkkring,
308 1371 360 1431 zijn
392 1368 528 1428 vrouwen
560 1365 648 1425 willen

703 1398 757 1458 het
782 1397 881 1457 gebied
911 1396 965 1456 der
990 1395 1127 1455 hypnose
1156 1392 1185 1452 en
1215 1391 1385 1451 suggestie,
1406 1389 1451 1449 die
1477 1386 1530 1446 ook
1560 1383 1655 1443 Freud
1689 1383 1738 1443 be¬

1781 1410 1900 1470 entegen
1939 1408 1998 1468 ziet
2025 1407 2088 1467 men
2123 1404 2178 1464 het
2204 1403 2366 1463 vlijmende
2401 1398 2614 1458 wederwoord,
2636 1397 2670 1457 de
2701 1395 2803 1455 vlugge

137 1410 306 1470 mtessen"
329 1407 404 1467 zijn,
422 1406 479 1466 wat
507 1404 582 1464 weer
605 1403 653 1463 een

704 1437 845 1497 proefde,
867 1436 934 1496 voor
961 1436 1007 1496 hij
1029 1434 1075 1494 dit
1097 1431 1208 1491 terrein
1238 1431 1281 1491 als
1307 1431 1332 1491 te
1362 1425 1593 1485 onvruchtbaar
1619 1422 1742 1482 verliet.

1776 1449 1908 1509 reactie,
1926 1449 1961 1509 de
1988 1446 2218 1506 geraffineerde
2244 1443 2381 1503 nuance,
2399 1438 2575 1498 vibreerend
2602 1436 2637 1496 om
2678 1435 2712 1495 de
2744 1433 2809 1493 per¬

152 1449 227 1509 van
258 1446 425 1506 „Gräfin”.
439 1443 540 1503 Neen,
563 1439 655 1499 waar-

706 1471 793 1531 Maar
822 1473 888 1533 voor
917 1473 971 1533 den
1004 1470 1364 1530 niet-gepreoccupeerde
1390 1467 1464 1527 gaat
1493 1464 1526 1524 de
1551 1464 1675 1524 analyse
1705 1460 1729 1520 in

1777 1490 1907 1550 sonages
1926 1488 1998 1548 heen
2026 1488 2057 1548 er
2085 1485 2129 1545 als
2148 1483 2202 1543 het
2225 1482 2297 1542 ware
2325 1480 2365 1540 „in
2393 1479 2424 1539 de
2447 1477 2532 1537 lucht
2551 1475 2727 1535 zwevend",
2741 1473 2800 1533 dien

147 1490 269 1550 veering
296 1485 424 1545 behoeft
447 1482 510 1542 men
538 1482 565 1542 in
593 1479 660 1539 deze

703 1513 902 1573 Schnitzler's
931 1512 1064 1572 drama's
1089 1509 1180 1569 boven
1214 1509 1268 1569 het
1293 1506 1542 1566 pathologische,
1567 1500 1654 1560 boven
1688 1500 1741 1560 het

1783 1528 1999 1588 weergaloozen
2034 1526 2100 1586 vorm
2144 1524 2281 1584 krigen,
2304 1521 2365 1581 dien
2401 1518 2511 1578 slechts
2538 1515 2585 1575 een
2622 1514 2749 1574 meester
2776 1512 2806 1572 op

147 1527 256 1587 stische
291 1523 504 1583 comedianten
543 1518 608 1578 niet
639 1516 668 1576 te

705 1551 861 1611 eindeloos
886 1547 1075 1607 gevariéerde
1104 1547 1224 1607 schema
1253 1544 1305 1604 der
1329 1541 1583 1601 „ongeoorloofde
1611 1539 1740 1599 verhou¬

1781 1568 1838 1628 alle
1869 1565 2005 1625 wapenen
2041 1565 2093 1625 van
2125 1562 2181 1622 het
2208 1559 2300 1619 woord
2332 1559 2388 1619 kan
2420 1556 2529 1616 geven.
2547 1555 2626 1615 Laat
2653 1552 2692 1612 (in
2728 1550 2811 1610 1927)

137 1565 279 1625 thulling
307 1562 359 1622 van
387 1562 439 1622 zijn
471 1559 591 1619 masker
618 1555 671 1615 het

710 1591 838 1651 dingen"
872 1589 930 1649 uit.
955 1586 1013 1646 Van
1047 1586 1079 1646 de
1113 1583 1279 1643 duizenden
1313 1580 1491 1640 nederlagen
1529 1577 1557 1637 en
1595 1575 1740 1635 vernede¬

150 1604 189 1664 en
215 1601 453 1661 overweldigend
480 1598 510 1658 de
532 1595 665 1655 tragedie

1786 1608 1871 1668 heeft
1895 1606 2062 1666 Schnitzler
2085 1604 2111 1664 in
2140 1601 2184 1661 een
2212 1599 2361 1659 geschrift
2384 1595 2460 1655 „Der
2484 1594 2569 1654 Geist
2588 1592 2610 1652 im
2651 1592 2732 1652 Wort
2755 1589 2809 1649 und

705 1628 833 1688 ringen,
851 1627 897 1687 die
924 1625 958 1685 de
988 1623 1108 1683 mensch
1142 1622 1305 1682 tegenover
1331 1619 1459 1679 zichzelf
1481 1616 1566 1676 lijdt,
1584 1616 1678 1676 raakt
1704 1616 1733 1676 bi

1787 1646 1840 1706 der
1862 1644 1950 1704 Geist
1968 1643 1994 1703 in
2025 1643 2073 1703 der
2096 1641 2170 1701 Tat"
2193 1639 2250 1699 iets
2272 1637 2325 1697 van
2352 1637 2400 1697 dit
2419 1634 2524 1694 geheim
2560 1632 2586 1692 in
2613 1632 2648 1692 de
2670 1628 2811 1688 formeele

144 1643 244 1703 tering
276 1642 385 1702 achter
418 1638 454 1698 de
486 1634 664 1694 maskerade

711 1667 882 1727 Schnitzler
909 1664 955 1724 ten
990 1664 1080 1724 slotte
1110 1661 1225 1721 slechts
1252 1661 1302 1721 een
1337 1658 1405 1718 deel
1432 1655 1444 1715 —
1496 1655 1663 1715 belangrijk
1710 1650 1736 1710 in

1781 1685 1943 1745 structuur
1974 1682 2024 1742 van
2064 1680 2114 1740 zijn
2150 1679 2278 1739 stukken
2300 1675 2449 1735 onthuld,
2458 1673 2501 1733 een
2523 1670 2686 1730 geschrift,
2695 1668 2746 1728 dat
2759 1666 2819 1726 met

155 1682 242 1742 Weg"
271 1679 358 1739 b.v.),
378 1676 489 1736 breekt
513 1676 562 1736 hij
581 1673 615 1733 af
640 1673 663 1733 in

708 1706 852 1766 zichzelf,
870 1703 956 1763 maar
979 1703 1041 1763 niet
1065 1700 1295 1760 oppermachtig
1318 1694 1331 1754 —
1376 1694 1408 1754 de
1431 1694 1548 1754 „partie
1571 1693 1719 1753 honteuse

1785 1727 1838 1787 zijn
1868 1721 2075 1781 diagrammen
2105 1718 2134 1778 en
2167 1716 2279 1776 typisoh
2308 1711 2632 1771 Schnitzleriaansche
2658 1706 2811 1766 dialectiek

151 1722 208 1782 ax,
226 1718 275 1778 een
302 1715 515 1775 tooneeltruc,
534 1712 600 1772 dien
632 1712 662 1772 hi

711 1745 766 1805 van
801 1741 830 1801 de
861 1741 1079 1801 menschelijke
1105 1739 1271 1799 gedachte.

143 1756 160 1816 n
196 1756 267 1816 hult
299 1755 352 1815 het
379 1750 673 1810 scherp-bijeenge¬

747 1780 922 1840 Schnitzler
946 1778 1080 1838 verried,
1099 1777 1162 1837 met
1185 1776 1216 1836 de
1243 1774 1410 1834 wreedheid
1442 1771 1491 1831 van
1528 1768 1577 1828 den
1609 1768 1672 1828 arts
1695 1766 1739 1826 die
1789 1762 1951 1822 misschien
1993 1759 2024 1819 op
2060 1756 2186 1816 zichzelf
2218 1754 2294 1814 weer
2313 1753 2358 1813 een
2381 1751 2525 1811 Spielerei
2534 1749 2556 1809 is
2575 1747 2619 1807 van
2642 1746 2687 1806 een
2710 1742 2818 1802 schrij¬

1791 1799 1859 1859 ver,
1873 1801 1915 1861 die
1932 1800 1983 1860 zijn
2010 1795 2133 1855 feitelijk
2160 1792 2339 1852 levenswerk
2365 1790 2472 1850 achter
2490 1789 2545 1849 zich
2571 1786 2653 1846 wist,
2666 1783 2751 1843 maar
2773 1782 2824 1842 dat

151 1798 224 1858 ivole
256 1794 339 1854 kleed
376 1792 431 1852 der
463 1789 573 1849 mode:
601 1787 664 1847 men

154 1834 277 1894 leugen
304 1834 356 1894 van
383 1831 435 1891 het
453 1828 536 1888 geluk
563 1826 668 1886 maakt
708 1822 738 1882 in
770 1819 822 1879 hem
866 1818 989 1878 woonde
1016 1816 1046 1876 en
1077 1816 1120 1876 die
1143 1814 1257 1874 slechts
1284 1811 1354 1871 door
1376 1810 1411 1870 de
1438 1809 1626 1869 aangeboren
1657 1805 1749 1865 goed¬

1787 1840 1853 1900 toch
1884 1839 1905 1899 in
1932 1837 1985 1897 zijn
2012 1834 2184 1894 helderheid
2211 1831 2263 1891 den
2290 1830 2404 1890 sleutel
2422 1828 2466 1888 tot
2484 1825 2537 1885 het
2559 1824 2696 1884 vroegere
2718 1820 2819 1880 bouw¬

146 1876 172 1936 e
199 1872 300 1932 aldoor
322 1869 485 1929 dreigende
512 1865 666 1925 nabijheid
719 1858 908 1918 moedigheid
939 1856 991 1916 van
1023 1855 1071 1915 den
1102 1853 1221 1913 dichter
1248 1852 1282 1912 na
1310 1852 1340 1912 de
1367 1849 1582 1909 vlijmscherpe
1605 1845 1749 1905 diagnose

1792 1879 1866 1939 werk
1893 1878 1959 1938 gaf.
1973 1876 2034 1936 Het
2056 1873 2149 1933 woord
2180 1873 2219 1933 bij
2238 1870 2414 1930 Schnitzler
2436 1866 2519 1926 heeft
2542 1865 2586 1925 een
2613 1864 2665 1924 zo0
2688 1861 2820 1921 elemen¬

714 1897 850 1957 verlamd
876 1897 904 1957 en
934 1897 967 1957 op
992 1894 1170 1954 non-actief
1191 1891 1299 1951 gesteld
1324 1888 1419 1948 werd,
1432 1885 1548 1945 zoovele
1573 1882 1747 1942 associaties

139 1912 346 1972 Jonheimelik
384 1909 414 1969 en
451 1907 534 1967 zoet.
561 1903 669 1963 Samen

1792 1919 1868 1979 taire
1900 1917 2104 1977 gevoeligheid
2136 1912 2302 1972 gekregen,
2326 1909 2380 1969 dat
2407 1908 2461 1968 het
2489 1906 2547 1966 zich
2580 1903 2692 1963 zoowel
2715 1900 2818 1960 leende

716 1937 741 1997 in
771 1935 865 1995 daden
900 1935 930 1995 en
960 1933 1153 1993 gedachten,
1171 1930 1226 1990 dat
1252 1930 1299 1990 hij
1317 1930 1372 1990 het
1394 1926 1582 1986 perspectief
1608 1921 1660 1981 van
1694 1921 1745 1981 den

1793 1957 1863 2017 voor
1894 1956 1929 2016 de
1961 1954 2110 2014 teederste
2141 1949 2357 2009 fluisteringen
2410 1944 2613 2004 („Lebendige
2648 1940 2811 2000 Stunden"

713 1974 952 2034 menschelijken
979 1972 1059 2032 geest
1081 1969 1209 2029 blijvend
1236 1965 1419 2025 verruimde.
1433 1963 1492 2023 Het
1510 1962 1536 2022 is
1553 1961 1604 2021 ook
1630 1960 1758 2020 onjuist,

1794 1995 1962 2055 „Komödie
1985 1993 2036 2053 der
2069 1989 2200 2049 Worte",
2219 1987 2265 2047 ten
2294 1987 2387 2047 slotte
2411 1986 2466 2046 ook
2494 1981 2676 2041 „Reigen"),
2696 1978 2765 2038 voor
2789 1978 2825 2038 de

155 1999 198 2059 at
225 1995 398 2055 Schnitzler
426 1992 582 2052 bedreigde
609 1989 669 2049 dan

713 2016 739 2076 in
770 2016 822 2076 hem
863 2014 976 2074 slechts
1003 2011 1051 2071 den
1082 2010 1231 2070 schrijver
1254 2007 1306 2067 van
1337 2007 1381 2067 een
1412 2004 1521 2064 bittere
1548 2001 1745 2061 decamerone

1796 2034 2046 2094 gecultiveerdste
2077 2029 2239 2089 sophistiek
2275 2025 2305 2085 en
2341 2025 2398 2085 het
2425 2022 2644 2082 voortdurende
2675 2019 2740 2079 spel
2763 2017 2815 2077 van

150 2035 284 2095 trouwde
310 2032 469 2092 mysterien
500 2029 551 2089 van
582 2026 672 2086 liefde

711 2052 758 2112 als
784 2053 934 2113 „Reigen"
964 2050 994 2110 of
1020 2049 1067 2109 een
1102 2049 1243 2109 galanten
1278 2046 1453 2106 verdediger
1484 2043 1535 2103 van
1569 2040 1642 2100 „das
1668 2039 1749 2099 süsse

1798 2074 1877 2134 waan
1910 2075 1937 2135 en
1970 2072 2207 2132 werkelijkheid,
2227 2068 2282 2128 dat
2301 2067 2352 2127 hij
2371 2064 2412 2124 ter
2441 2061 2659 2121 ommanteling
2683 2060 2738 2120 van
2767 2059 2817 2119 zin

147 2079 174 2139 h.
189 2075 240 2135 den
264 2073 475 2133 schriver
494 2067 686 2127 Schnitzler,

710 2091 841 2151 Mädel"
864 2091 890 2151 te
917 2088 978 2148 zien
1013 2088 1079 2148 (dat
1101 2085 1250 2145 trouwens
1273 2082 1391 2142 overal,
1409 2080 1532 2140 behalve
1558 2078 1580 2138 in
1611 2075 1760 2135 Weenen,

160 2115 232 2175 het
258 2109 482 2169 naturalisme,
503 2105 674 2165 waartegen

720 2130 770 2190 een
813 2129 1063 2189 antiquarische,
1096 2123 1220 2183 althans
1258 2120 1503 2180 vooroorlogsche
1545 2115 1744 2175 verschijning
1792 2115 1902 2175 gebrek
1926 2115 1981 2175 aan
2005 2113 2181 2173 standpunt
2200 2108 2306 2168 noodig
2334 2106 2389 2166 had
2422 2102 2616 2162 (dramatisch
2645 2100 2695 2160 het
2710 2096 2820 2156 sterkst

1800 2153 1957 2213 misschien
1986 2153 2009 2213 in
2042 2149 2116 2209 „Der
2139 2145 2241 2205 Grüne
2270 2142 2437 2202 Kakadu",
2451 2141 2479 2201 in
2507 2138 2711 2198 „Literatur",
2726 2136 2748 2196 in
2777 2134 2827 2194 het

158 2153 184 2213 is
206 2150 248 2210 die
275 2149 326 2209 van
353 2147 404 2207 een
431 2144 672 2204 voortdurenden

718 2168 876 2228 geworder
903 2166 960 2226 is).
978 2164 1004 2224 In
1031 2162 1230 2222 Schnitzler's
1252 2159 1433 2219 levenswerk
1460 2157 1512 2217 ligt
1535 2154 1583 2214 een
1610 2151 1755 2211 continue

155 2189 304 2249 vlucht.
327 2189 381 2249 Hij
404 2186 495 2246 redde
523 2183 581 2243 zich
632 2180 677 2240 als

721 2206 960 2266 ontwikkeling,
985 2202 1029 2262 die
1058 2201 1137 2261 bijna
1172 2201 1235 2261 met
1264 2199 1298 2259 de
1328 2195 1411 2255 titels
1445 2194 1494 2254 van
1533 2193 1587 2253 zijn
1622 2188 1754 2248 drama's
1798 2191 1959 2251 onbekend
1989 2190 2126 2250 gebleven
2161 2184 2390 2244 „Excentrik"),
2410 2180 2454 2240 als
2484 2177 2547 2237 voor
2577 2177 2611 2237 de
2631 2177 2831 2237 fluweeligste

1800 2231 1897 2291 verzen
1930 2231 1972 2291 uit
1991 2231 2042 2291 den
2075 2226 2224 2286 „Schleier
2248 2223 2298 2283 der
2323 2220 2495 2280 Beatrice",
2509 2216 2555 2276 een
2584 2216 2667 2276 stuk,
2686 2216 2737 2276 dat
2756 2212 2825 2272 zon¬

147 2228 181 2288 de
207 2226 400 2286 romantiek,
422 2224 499 2284 waar
525 2222 580 2282 hem
624 2218 679 2278 dat

718 2247 948 2307 chronologisch
999 2243 1026 2303 te
1067 2242 1166 2302 volgen
1212 2240 1252 2300 is.
1284 2239 1325 2299 De
1366 2237 1474 2297 liefde,
1507 2234 1551 2294 als
1583 2234 1615 2294 de
1647 2231 1755 2291 roeke¬

1800 2273 1853 2333 der
1872 2272 1917 2332 dit
1936 2267 2157 2327 meesterschap
2185 2264 2234 2324 van
2262 2262 2316 2322 het
2334 2259 2429 2319 woord
2452 2258 2515 2318 toch
2538 2257 2624 2317 maar
2647 2255 2692 2315 een
2724 2252 2828 2312 wazige

157 2267 218 2327 niet
245 2266 325 2326 meer
352 2263 486 2323 gesloten
518 2260 682 2320 gecompo¬

154 2305 368 2365 Rhapsodie",
409 2302 459 2362 die
504 2301 554 2361 hij
600 2297 679 2357 „Der
720 2288 800 2348 looze
855 2286 950 2346 jacht
1001 2282 1035 2342 om
1101 2280 1156 2340 het
1201 2279 1296 2339 bezit,
1332 2276 1441 2336 maakt
1482 2272 1747 2332 langzamerhand

1804 2312 1993 2372 vergrooting
2021 2309 2075 2369 van
2107 2307 2179 2367 „das
2202 2304 2283 2364 süsse
2310 2300 2432 2360 Mädel"
2459 2297 2504 2357 zou
2532 2296 2608 2356 zijn.
2627 2294 2689 2354 Het
2712 2292 2734 2352 is
2762 2291 2825 2351 deze

724 2324 830 2384 plaats
856 2321 924 2381 voor
950 2320 984 2380 de
1010 2318 1262 2378 verwikkelingen
1292 2315 1343 2375 van
1378 2313 1428 2373 het
1450 2312 1612 2372 huwelijk,
1630 2306 1698 2366 voor
1724 2304 1757 2364 de

159 2343 227 2403 aan
260 2343 314 2403 het
338 2338 506 2398 onstuimig
539 2335 680 2395 geschre¬

1803 2349 2003 2409 taalmuziek,
2022 2344 2087 2404 met
2111 2344 2147 2404 de
2171 2341 2324 2401 „muziek"
2352 2336 2445 2396 zijner
2474 2334 2636 2394 gedachten
2669 2330 2832 2390 samenge¬

724 2361 855 2421 subtiele
881 2357 1064 2417 verhouding
1094 2357 1149 2417 van
1175 2353 1418 2413 man-en-vrouw
1453 2350 1495 2410 als
1521 2348 1644 2408 gerijpte
1666 2344 1734 2404 men

1804 2389 1917 2449 weven,
1935 2388 1975 2448 die
1999 2383 2075 2443 meer
2098 2383 2152 2443 dan
2175 2381 2224 2441 één
2252 2380 2392 2440 biograaf
2411 2377 2442 2437 op
2465 2377 2496 2437 de
2515 2373 2659 2433 gedachte
2682 2370 2831 2430 gebracht

155 2383 189 2443 es
214 2383 382 2443 Lebens"),
402 2380 450 2440 aan
481 2379 534 2439 het
555 2375 677 2435 symbo¬

722 2400 836 2460 schen.
863 2398 991 2458 Anatol,
1018 2396 1048 2456 de
1084 2392 1313 2452 „leichtsinnige
1345 2388 1610 2448 Melancholiker"
1641 2383 1672 2443 en
1712 2380 1764 2440 het

165 2422 215 2482 een
249 2419 424 2479 volmaakte
449 2413 678 2473 meesterschap

1801 2428 1889 2488 heeft
1908 2428 1940 2488 om
1978 2426 2029 2486 zijn
2058 2422 2201 2482 ideologie
2225 2421 2289 2481 met
2313 2418 2360 2478 een
2388 2413 2546 2473 methode,
2560 2413 2607 2473 die
2630 2411 2695 2471 men
2723 2410 2769 2470 eer
2793 2410 2825 2470 bi

725 2437 950 2497 burgermeisje
974 2435 1018 2495 uit
1037 2431 1200 2491 „Liebelei"
1223 2431 1273 2491 zijn
1300 2429 1322 2489 in
1350 2427 1481 2487 drama's
1505 2425 1545 2485 ais
1568 2423 1645 2483 „Das
1668 2419 1762 2479 Weite

153 2458 434 2518 rionetten-spelen
473 2453 500 2513 en
538 2451 688 2511 boudeert

1804 2469 1926 2529 Mozart
1944 2467 1989 2527 zou
2016 2464 2228 2524 verwachten,
2242 2460 2274 2520 op
2301 2458 2350 2518 het
2373 2455 2459 2515 spoor
2477 2454 2504 2514 te
2527 2452 2653 2512 komen.
2667 2449 2739 2509 Niet
2758 2448 2829 2508 zon¬

726 2476 831 2536 Land"
862 2476 892 2536 en
924 2473 1007 2533 meer
1034 2473 1090 2533 nog
1117 2471 1147 2531 in
1179 2470 1213 2530 de
1240 2467 1447 2527 dramatische
1474 2464 1614 2524 schetsen
1645 2459 1671 2519 in
1707 2458 1755 2518 één

149 2500 199 2560 fre
225 2494 416 2554 Kassian"!)

1799 2506 1856 2566 der
1874 2506 1957 2566 reden
1984 2504 2120 2564 ontmoet
2139 2503 2200 2563 men
2227 2501 2275 2561 zijn
2302 2497 2456 2557 ontleders
2474 2494 2500 2554 en
2527 2491 2831 2551 levensbeschrijvers

731 2515 857 2575 bedrijf,
889 2512 997 2572 waarin
1034 2509 1238 2569 Schnitzler's
1270 2506 1383 2566 talent,
1411 2503 1515 2563 steeds
1551 2500 1583 2560 op
1624 2500 1678 2560 het
1710 2496 1764 2556 ge¬

158 2538 203 2598 hy
232 2535 289 2595 zich
318 2534 380 2594 toch
410 2532 433 2592 in
462 2530 513 2590 den
542 2527 673 2587 dooltuin

1800 2545 1899 2605 onder
1927 2545 1953 2605 de
1981 2541 2202 2601 musicologen:
2226 2537 2356 2597 Richart
2375 2535 2492 2595 Specht
2516 2530 2637 2590 schreef
2661 2529 2692 2589 de
2720 2527 2778 2587 min
2806 2528 2837 2588 of

730 2552 909 2612 pointeerde
944 2547 1064 2607 „geval"
1098 2547 1128 2607 en
1172 2547 1201 2607 de
1240 2544 1433 2604 verrassende
1467 2539 1587 2599 nuance
1627 2535 1759 2595 bedacht

149 2577 251 2637 ziulijk
290 2571 364 2631 leven
403 2571 435 2631 en
468 2568 505 2628 de
534 2565 684 2625 doellooze

1809 2586 1892 2646 meer
1914 2583 2060 2643 officisele
2075 2580 2242 2640 biografie,
2257 2578 2298 2638 dr.
2313 2575 2411 2635 Julius
2433 2576 2516 2636 Kapp
2538 2573 2586 2633 gaf
2608 2571 2635 2631 de
2657 2567 2831 2627 volledigste

734 2593 792 2653 zich
824 2589 874 2649 het
897 2588 1033 2648 zuiverst
1056 2584 1219 2644 uitleefde,
1233 2583 1305 2643 rijpe
1329 2580 1473 2640 gestalten
1506 2577 1683 2637 geworden,
1701 2574 1769 2634 wier

150 2613 181 2673 len
218 2614 258 2674 En
286 2613 335 2673 het
359 2611 381 2671 is
404 2609 472 2669 geen
500 2604 631 2664 paradox
659 2601 686 2661 te

732 2629 989 2689 gecompliceerde
1019 2623 1144 2683 naturen
1177 2622 1210 2682 de
1240 2619 1485 2679 overschatting,
1502 2616 1534 2676 de
1564 2613 1763 2673 zelfverheer¬

1804 2625 1954 2685 analyse.

151 2654 191 2714 ist
219 2652 246 2712 in
279 2650 347 2710 deze
375 2648 502 2708 stukken
539 2643 588 2703 een
621 2642 689 2702 blij¬

1847 2664 1909 2724 Het
1933 2664 1956 2724 is
1981 2663 2050 2723 deze
2083 2661 2215 2721 muziek,
2240 2658 2302 2718 deze
2334 2653 2632 2713 overgevoeligheid,
2648 2647 2742 2707 welke
2766 2646 2820 2706 zich

730 2669 836 2729 lijking
875 2668 925 2728 der
960 2664 1049 2724 jeugd
1084 2661 1216 2721 verloren
1259 2658 1370 2718 hebben
1409 2655 1481 2715 voor
1516 2654 1562 2714 een
1606 2652 1763 2712 oneindig¬

138 2693 182 2753 nt
206 2688 392 2748 uiteindelijk
421 2685 525 2745 mogen
553 2682 593 2742 zij
612 2679 684 2739 allen

1806 2706 1882 2766 zelfs
1905 2706 1927 2766 in
1955 2703 1986 2763 de
2009 2699 2254 2759 onspeelbaarste
2277 2694 2616 2754 tooneelaanwijzingen
2644 2688 2702 2748 uit,
2721 2686 2761 2746 die
2784 2685 2829 2745 een

736 2706 936 2766 droefgeestig
962 2703 1069 2763 gevoel
1090 2700 1145 2760 van
1176 2700 1257 2760 eigen
1288 2694 1599 2754 ontoereikendheid,
1617 2691 1685 2751 voor
1711 2688 1757 2748 een

146 2732 192 2792 en
222 2727 399 2787 idealisme,
416 2724 466 2784 dat
488 2721 627 2781 cynisme
648 2719 698 2779 wil

1810 2743 1959 2803 bepaalde
1982 2741 2130 2801 categorie
2154 2738 2203 2798 van
2230 2736 2353 2796 acteurs
2371 2733 2402 2793 en
2430 2731 2556 2791 actrices
2575 2727 2624 2787 tot
2642 2727 2836 2787 enthousias¬

732 2742 1000 2802 kwetsbaarheid,
1023 2738 1067 2798 die
1102 2738 1128 2798 in
1164 2738 1217 2798 het
1248 2735 1322 2795 licht
1359 2732 1407 2792 van
1447 2732 1544 2792 dood,
1566 2729 1703 2789 afscheid
1738 2727 1769 2787 of

143 2766 200 2826 Jerd
232 2765 404 2825 Schnitzler
436 2762 515 2822 bijna
547 2756 692 2816 gedwon¬

1809 2783 1855 2843 me
1879 2782 2041 2842 opvoerde,
2055 2780 2101 2840 een
2129 2776 2370 2836 enthousiasme,
2385 2774 2435 2834 dat
2455 2772 2486 2832 na
2515 2768 2561 2828 den
2585 2767 2705 2827 oorlog,
2719 2765 2760 2825 die
2780 2765 2830 2825 van

735 2782 906 2842 zelfbedrog
964 2778 1016 2838 een
1057 2774 1378 2834 bovenmenschelijke
1414 2769 1572 2829 innigheid
1613 2768 1775 2828 verkrijgt.

144 2804 207 2864 in
244 2804 294 2864 den
327 2802 417 2862 mond
450 2801 477 2861 te
500 2798 628 2858 leggen,
647 2795 692 2855 die

736 2819 949 2879 Vandaar-uit
984 2816 1031 2876 tot
1066 2816 1112 2876 een
1156 2813 1335 2873 „demasqué
1374 2810 1425 2870 der
1477 2806 1687 2866 schoonheid"
1743 2801 1768 2861 te

1808 2825 1926 2885 zoovele
1958 2820 2186 2880 „levenskunst"
2217 2816 2251 2876 de
2278 2814 2436 2874 bezinning
2467 2810 2577 2870 bracht
2604 2806 2634 2866 en
2665 2804 2700 2864 de
2731 2801 2832 2861 leugen

140 2843 359 2903 Mnenschelijke
385 2840 445 2900 ziel
463 2834 699 2894 verhelderden,

736 2858 842 2918 komen
873 2858 898 2918 en
928 2858 962 2918 de
984 2855 1125 2915 rekening
1151 2852 1202 2912 van
1228 2851 1280 2911 een
1306 2849 1434 2909 verloren
1460 2848 1529 2908 spel
1546 2847 1576 2907 op
1602 2845 1627 2905 te
1649 2843 1777 2903 maken,

1813 2863 1943 2923 bewees,
1957 2861 2060 2921 echter
2079 2858 2176 2918 steeds
2200 2856 2316 2916 minder
2340 2853 2409 2913 door
2433 2852 2483 2912 het
2503 2849 2619 2909 publiek
2647 2844 2837 2904 beantwoord

186 2882 238 2942 een
274 2881 516 2941 onaantastbare
549 2873 694 2933 hernieu¬

736 2899 864 2959 daartoe
900 2896 921 2956 is
957 2895 988 2955 de
1024 2894 1192 2954 daadlooze
1228 2888 1400 2948 Schnitzler
1432 2888 1498 2948 niet
1529 2882 1697 2942 gekomen.
1724 2882 1768 2942 Hi

1816 2903 1909 2963 werd.
1923 2901 1984 2961 Het
2008 2900 2096 2960 begon
2129 2898 2161 2958 al
2181 2897 2245 2957 met
2269 2896 2301 2956 de
2325 2894 2404 2954 oude
2428 2891 2539 2951 spelers
2563 2886 2618 2946 van
2647 2885 2703 2945 het
2731 2882 2824 2942 „Burg

164 2921 396 2981 beteekenden.
412 2915 544 2975 Heiligen
575 2912 625 2972 zijn
656 2912 701 2972 wil

1813 2943 1970 3003 theater",
1990 2940 2017 3000 in
2050 2937 2137 2997 welks
2166 2935 2300 2995 schaduw
2337 2929 2508 2989 Schnitzler
2536 2927 2592 2987 zich
2629 2922 2846 2982 ontwikkelde,

153 2965 177 3025 n
212 2959 309 3019 zullen
344 2956 407 3016 niet
437 2954 461 3014 in
496 2952 695 3012 Schnitzler's
735 2939 818 2999 bleef
838 2935 969 2995 zichzelf
989 2932 1170 2992 verstrikken
1200 2931 1223 2991 in
1253 2929 1395 2989 uitwegen
1425 2927 1453 2987 en
1483 2924 1712 2984 paraphrasen.
1723 2923 1771 2983 Hij

735 2975 797 3035 liet
818 2974 871 3034 ons
893 2971 1029 3031 gelooven
1058 2969 1088 3029 en
1117 2968 1316 3028 wantrouwen
1345 2965 1482 3025 tegelijk.
1495 2963 1548 3023 Hij
1570 2959 1639 3019 werd
1669 2958 1702 3018 de
1723 2954 1772 3014 ge¬

1817 2981 1881 3041 met
1905 2980 2076 3040 Hartmann
2109 2975 2141 3035 en
2174 2973 2387 3033 Sonnenthal,
2406 2969 2470 3029 met
2494 2967 2578 3027 Josef
2606 2965 2721 3025 Kainz,
2740 2962 2786 3022 die
2815 2962 2842 3022 er

150 3001 178 3061 t
203 2998 336 3058 hebben,
361 2995 403 3055 die
433 2991 528 3051 waren
562 2989 619 3049 wat
644 2988 696 3048 zij¬

737 3012 990 3072 compliceerdste
1016 3008 1166 3068 schrijver
1192 3005 1243 3065 van
1278 3005 1328 3065 zijn
1359 3005 1436 3065 tijd:
1458 3004 1487 3064 op
1522 3000 1569 3060 een
1603 2998 1667 3058 zeer
1693 2998 1770 3058 hoog

1813 3022 1873 3082 zich
1902 3022 1948 3082 zat
1972 3020 2027 3080 aan
2056 3017 2148 3077 dronk
2177 3015 2204 3075 en
2233 3013 2261 3073 er
2285 3012 2358 3072 zelfs
2382 3010 2433 3070 zijn
2462 3007 2582 3067 bestaan
2611 3004 2681 3064 voor
2709 3004 2764 3064 veil
2783 3001 2839 3061 had

151 3038 242 3098 villen
279 3036 346 3096 doen
383 3031 410 3091 en
452 3028 542 3088 willen
574 3027 706 3087 zeggen,

744 3052 773 3112 en
798 3051 877 3111 soms
898 3048 1147 3108 onaantastbaar
1164 3043 1268 3103 niveau
1293 3043 1322 3103 en
1347 3042 1421 3102 juist
1443 3039 1551 3099 daarom
1588 3037 1634 3097 een
1663 3035 1775 3095 teleur¬

1822 3061 1935 3121 (want,
1949 3058 2167 3118 merkwaardig
2190 3052 2258 3112 voor
2281 3052 2335 3112 ons
2358 3049 2476 3109 gevoel,
2490 3046 2576 3106 maar
2599 3043 2726 3103 destijds
2749 3040 2839 3100 waren

154 3076 199 3136 ke
222 3073 409 3133 ontrafeling
442 3069 491 3129 van
524 3067 592 3127 deze
620 3064 701 3124 figu¬

742 3091 882 3151 stelling.
905 3088 1036 3148 „Arthur
1063 3085 1261 3145 Schnitzler's
1292 3081 1358 3141 Fall
1385 3079 1459 3139 wäre
1490 3076 1666 3136 einfacher,
1688 3073 1767 3133 wenn

1821 3103 1888 3163 deze
1911 3100 2038 3160 stukken
2070 3097 2137 3157 voor
2160 3097 2214 3157 het
2233 3090 2355 3150 theater
2382 3088 2431 3148 van
2464 3088 2495 3148 de
2518 3086 2613 3146 upper
2636 3084 2681 3144 ten
2713 3082 2744 3142 om
2786 3079 2839 3139 hun

149 3118 184 3178 n
211 3115 259 3175 den
291 3112 450 3172 schrijver,
463 3108 534 3168 doch
561 3106 626 3166 met
645 3105 697 3165 zijn

741 3126 775 3186 er
807 3126 978 3186 schlechter
1009 3122 1110 3182 läge",
1133 3123 1255 3183 schreef
1282 3121 1383 3181 Alfred
1419 3118 1511 3178 Kerr,
1533 3115 1599 3175 toen
1635 3115 1683 3175 hij
1710 3112 1766 3172 zich

1815 3141 1935 3201 inhoud
1964 3140 2015 3200 nog
2048 3137 2071 3197 te
2099 3132 2359 3192 revolutionnair;
2388 3126 2439 3186 den
2472 3124 2685 3184 „Medardus",
2709 3121 2751 3181 die
2779 3117 2843 3177 voor

175 3155 213 3215 de
243 3149 483 3209 natuurlijkheid
518 3144 569 3204 des
595 3141 697 3201 levens

742 3165 1027 3225 langzamerhand,
1045 3162 1091 3222 bij
1109 3160 1176 3220 deze
1203 3159 1309 3219 rijpere
1335 3156 1480 3216 stukken,
1497 3153 1553 3213 van
1579 3150 1779 3210 Schnitzler's

1819 3177 1876 3237 hem
1911 3177 2043 3237 bestemd
2070 3174 2127 3234 was
2150 3174 2176 3234 en
2207 3171 2251 3231 die
2273 3169 2326 3229 hem
2366 3166 2409 3226 bij
2423 3165 2458 3225 de
2481 3161 2696 3221 „Komtessen"
2719 3159 2771 3219 van
2798 3155 2846 3215 het

155 3192 223 3252 lag.
244 3189 445 3249 Schnitzler's
475 3183 607 3243 egolsten
647 3180 701 3240 zijn

745 3204 864 3264 invloed
895 3202 1066 3262 losmaakte
1097 3198 1126 3258 en
1161 3198 1173 3258 —
1221 3196 1384 3256 tegenover
1414 3192 1513 3252 Julius
1543 3192 1624 3252 Bab,
1646 3188 1779 3248 Eloesser

1819 3219 2027 3279 Burgtheater
2059 3216 2118 3276 had
2154 3212 2272 3272 kunnen
2313 3204 2567 3264 rehabiliteeren,
2595 3201 2680 3261 heeft
2709 3199 2758 3259 hij
2786 3197 2848 3257 niet

160 3232 238 3292 chen
273 3228 450 3288 geworden.
476 3225 534 3285 Dat
564 3224 613 3284 hij
638 3221 697 3281 hun

748 3243 781 3303 en
816 3243 940 3303 Polgar,
962 3240 1004 3300 die
1035 3239 1120 3299 mede
1150 3237 1317 3297 behoorden
1352 3234 1399 3294 tot
1425 3234 1459 3294 de
1489 3233 1553 3293 zeer
1584 3228 1771 3288 uitgebreide

746 3284 813 3344 zeer
845 3281 984 3341 innerlijk
1017 3276 1292 3336 samenhangende
1324 3272 1477 3332 „school",
1527 3270 1572 3330 die
1604 3267 1775 3327 Schnitzler
1825 3259 1906 3319 meer
1929 3258 2050 3318 kunnen
2083 3254 2217 3314 spelen).
2236 3250 2299 3310 Het
2326 3247 2389 3307 ging
2421 3243 2488 3303 over
2512 3243 2547 3303 op
2579 3241 2638 3301 vele
2665 3237 2782 3297 acteurs
2810 3237 2841 3297 en

163 3270 301 3330 neemt
323 3267 390 3327 niet
417 3264 497 3324 weg,
515 3263 572 3323 dat
595 3259 621 3319 in
657 3258 710 3318 het

1822 3300 1948 3360 actrices
1977 3297 2026 3357 van
2059 3295 2108 3355 het
2131 3293 2280 3353 Duitsche
2303 3288 2440 3348 theater,
2463 3285 2529 3345 wier
2552 3280 2656 3340 namen
2690 3278 2733 3338 ten
2767 3276 2844 3336 deele

146 3309 256 3369 iecht
285 3306 414 3366 gingen,
462 3299 701 3359 motiveeringen

754 3321 906 3381 uiteraard
935 3318 1011 3378 juist
1035 3318 1125 3378 onder
1155 3315 1187 3375 de
1212 3312 1565 3372 tooneelbeoordeelaars
1589 3306 1732 3366 maakte,

1820 3338 1911 3398 reeds
1932 3338 2069 3398 vergeten
2095 3335 2146 3395 zijn

159 3347 229 3407 voor
259 3347 315 3407 hem
355 3344 431 3404 noch
466 3341 501 3401 na
532 3339 587 3399 hem
633 3335 708 3395 door

737 3362 806 3422 ziju
837 3359 995 3419 scherpste
1022 3356 1146 3416 criticus
1173 3353 1267 3413 werd.

176 3387 331 3447 onthuld.

786 3398 857 3458 Wat
877 3398 943 3458 men
972 3396 1072 3456 echter
1097 3393 1273 3453 Schnitzler
1298 3389 1374 3449 laten
1403 3388 1483 3448 moet
1508 3386 1551 3446 bij
1571 3385 1627 3445 alle
1652 3381 1785 3441 overwe¬

1867 3419 1927 3479 Aan
1952 3415 2005 3475 ons
2029 3413 2114 3473 land,
2130 3411 2183 3471 aan
2207 3410 2300 3470 onzen
2332 3404 2479 3464 landaard
2503 3401 2680 3461 misschien,
2697 3400 2773 3460 gelik
2805 3398 2842 3458 wi

157 3428 174 3488 n
199 3427 257 3487 nog
281 3424 346 3484 niet
365 3422 400 3482 al
418 3422 471 3482 zijn
501 3414 708 3474 tooneelstuk-

154 3465 285 3525 hidragen
317 3460 364 3520 tot
386 3460 422 3520 de
443 3456 701 3516 psycho-analyse
739 3443 860 3503 gingen
887 3439 934 3499 ten
961 3437 1097 3497 opzichte
1118 3434 1171 3494 van
1203 3433 1250 3493 den
1277 3431 1387 3491 inhoud
1419 3429 1466 3489 van
1499 3426 1551 3486 zijn
1578 3425 1672 3485 werk,
1683 3425 1708 3485 is
1730 3423 1777 3483 zijn

1825 3458 1851 3518 in
1882 3457 1934 3517 het
1957 3455 2036 3515 begin
2067 3451 2252 3511 betoogden,
2266 3449 2287 3509 is
2314 3447 2380 3507 deze
2407 3443 2463 3503 late
2490 3439 2671 3499 zomerstorm
2711 3434 2852 3494 grooten¬

748 3480 1021 3540 onvergankelijke
1060 3476 1175 3536 waarde
1210 3470 1277 3530 voor
1312 3469 1363 3529 den
1402 3467 1628 3527 dramatischen
1667 3461 1795 3521 vorm.

170 3503 278 3563 zijner
307 3497 615 3557 wetenschappelijke
645 3488 711 3548 bio¬

749 3518 814 3578 Nog
845 3519 898 3579 kan
935 3517 1018 3577 men,
1037 3516 1084 3576 als
1103 3513 1168 3573 men
1205 3511 1253 3571 den
1283 3506 1517 3566 Anatol-cyclus
1548 3504 1637 3564 naast
1662 3499 1775 3559 werken
1818 3497 1914 3557 (eels
1938 3495 2058 3555 voorbij
2077 3491 2214 3551 gegaan.
2233 3490 2274 3550 En
2305 3487 2346 3547 na
2377 3485 2412 3545 de
2437 3481 2671 3541 doorwintering
2702 3476 2755 3536 van
2792 3472 2839 3532 den

150 3541 245 3601 Freud
275 3537 365 3597 deed.
385 3532 538 3592 Tusschen
567 3526 711 3586 Schnitz¬

232 3581 266 3641 en
295 3574 554 3634 arbtenootn,
572 3568 698 3628 bestaan
837 3561 894 3621 zin
917 3560 968 3620 tid
992 3557 1072 3617 legt,
1084 3554 1130 3614 die
1153 3550 1412 3610 overweldigende
1430 3547 1603 3607 verrassing
1626 3543 1706 3603 nave
1724 3542 1793 3602 en,
1816 3539 2023 3599 ora
2075 3534 2092 3594 w
2144 3532 2219 3592 voor
2242 3527 2351 3587 andere
2375 3525 2524 3585 taak....
