3392 4256
235 258 379 318 112.

423 261 1019 321 Schnitzler's
1080 265 1313 325 Death

1641 259 1665 319 X
1742 270 1943 330 42/9

487 695 1300 755 OBSERVER“

581 780 609 840 I.
621 771 745 831 österr.
757 761 904 821 behördl.
916 741 1211 801 konzessionierte:

532 815 775 875 Unternehmen
807 803 856 863 für
876 781 1269 841 Zeitungs-Ausschnitte

592 874 745 934 WIEN,
769 865 822 925 I.,
846 851 1131 911 WOLLZEILE
1186 834 1223 894 11

692 917 911 977 TELEPHON
949 896 1125 956 R-23-0-43

517 1075 745 1135 Ausschnitt
759 1061 847 1121 aus:
963 1049 1038 1109 por
1052 1035 1127 1095 Tag,
1141 1016 1229 1076 Men

547 1304 603 1364 vom
746 1297 844 1357 23.
866 1273 984 1333 06.
1006 1240 1082 1300 10

838 2330 1108 2390 Dem
1310 2337 2143 2397 Gedenken
2290 2332 2887 2392 Arthur
2998 2331 3250 2391 Sel

2005 2449 2157 2509 Aus
2216 2448 2454 2508 seinen
2532 2449 2856 2509 Werken

850 2547 913 2607 Wir
936 2550 1049 2610 bringen
1078 2550 1127 2610 auf
1150 2550 1234 2610 dieser
1250 2551 1349 2611 Seite,
1364 2553 1406 2613 die
1421 2553 1463 2613 dem
1492 2552 1556 2612 An-
1585 2552 1763 2612 umgebracht
1792 2555 1863 2615 hat,
1885 2556 1934 2616 das
1971 2555 2077 2615 werben
2113 2554 2169 2614 Sie
2199 2554 2227 2614 ja
2263 2553 2326 2613 doch
2349 2552 2426 2612 wohl
2449 2551 2541 2611 lassen
2570 2551 2576 2611 —
2627 2552 2719 2612 Nein,
2734 2553 2798 2613 nein
2827 2553 2840 2613 —
2884 2553 2905 2613 es
2934 2553 2969 2613 ist
2984 2553 3012 2613 ja
3034 2553 3104 2613 nicht
3127 2553 3311 2613 möglich...

810 2588 911 2648 denken
954 2589 1068 2649 Arthur
1099 2589 1352 2649 Schnitzlers
1394 2590 1557 2650 gewidmet
1587 2603 1701 2663 wissen?
1714 2604 1768 2664 ...
1780 2604 1870 2664 Nun,
1883 2604 1936 2664 nun
1961 2604 1973 2664 -

2456 2601 2507 2661 hat
2531 2603 2559 2663 er
2577 2604 2646 2664 denn
2681 2604 2751 2664 nicht
2774 2604 2901 2664 gewußt,
2919 2604 2982 2664 was
3000 2604 3035 2664 er
3058 2604 3104 2664 für
3128 2605 3191 2665 mich
3220 2604 3295 2664 ist..

801 2627 851 2687 ist,
871 2628 991 2688 Proben
1021 2628 1076 2688 aus
1106 2628 1246 2688 Werken,
1266 2629 1311 2689 die
1341 2629 1395 2689 uns
1426 2631 1476 2691 für
1501 2631 1555 2691 sein

1615 2652 1824 2712 Theodor:
1856 2652 2021 2712 Niemand,
2047 2652 2090 2712 den
2123 2652 2186 2712 Sie
2212 2649 2376 2709 kennen...

2455 2652 2507 2712 hat
2528 2652 2619 2712 er...

799 2667 927 2727 Schaffen
969 2667 1128 2727 besonders
1165 2667 1402 2727 charakteristisch
1439 2669 1557 2729 erschei¬

2494 2699 2701 2759 Theodor:
2722 2699 2763 2759 Er
2784 2696 2838 2756 hat
2860 2697 2886 2757 es
2916 2696 3046 2756 gewußt.
3060 2695 3073 2755 —
3130 2695 3170 2755 Am
3212 2698 3301 2758 letzten

1617 2699 1850 2759 Christine:
1879 2699 1965 2759 Wer,
1983 2699 2039 2759 wer

808 2705 886 2765 nen:
907 2705 966 2765 Aus
996 2705 1069 2765 einem
1114 2705 1286 2765 Frühwerk,
1302 2706 1350 2766 dem
1385 2708 1548 2768 Schauspie

811 2744 1050 2804 „Liebelei",
1083 2744 1136 2804 aus
1174 2744 1253 2804 einem
1308 2744 1483 2804 Spätwerk,
1510 2747 1558 2807 der

2453 2745 2601 2805 Morgen,
2622 2747 2676 2807 wie
2704 2747 2757 2807 wir
2785 2747 3029 2807 hinausgefahren
3057 2748 3179 2808 sind...
3207 2747 3253 2807 hat
3281 2745 3307 2805 er

1616 2748 1768 2808 Mizzi:
1797 2747 1942 2807 Christin'

810 2780 1095 2840 Monolog-Novelle
1132 2783 1360 2843 „Fräulein
1397 2782 1511 2842 Else"

2456 2793 2520 2853 auch
2546 2795 2595 2855 von
2620 2795 2720 2855 Ihnen
2750 2794 2923 2854 gesprochen.

1615 2795 1848 2855 Christine:
1867 2796 1961 2856 Wer?
1987 2798 2068 2858 Sag'
2088 2796 2118 2856 du
2151 2795 2232 2855 mir's
2264 2796 2301 2856 (zu
2333 2795 2420 2855 Mizzi

839 2822 899 2882 Die
925 2820 1022 2880 beiden
1053 2822 1170 2882 Zitate,
1191 2822 1236 2882 die
1267 2822 1323 2882 wir
1349 2825 1557 2885 voranstellen,

2488 2845 2720 2905 Christine:
2745 2843 2812 2903 Auch
2844 2843 2892 2903 von
2917 2843 2978 2903 mir
2997 2843 3045 2903 hat
3070 2843 3094 2903 er
3120 2843 3303 2903 gesprochen!

1595 2846 1705 2906 ..Du,
1733 2844 1843 2904 Vater?
1871 2843 1976 2903 (Keine
2004 2844 2159 2904 Antwort.
2187 2845 2242 2905 Sie
2275 2843 2336 2903 will
2359 2843 2419 2903 fort

807 2858 862 2918 sind
893 2860 943 2920 dem
979 2861 1120 2921 Einakter
1146 2861 1399 2921 „Lebendige
1425 2861 1536 2921 Stun

2452 2890 2525 2950 Auch
2552 2891 2605 2951 von
2632 2890 2711 2950 mir!
2749 2890 2812 2950 Und
2839 2890 2886 2950 von
2919 2890 2981 2950 was
3008 2890 3077 2950 denn
3109 2890 3194 2950 noch?
3237 2887 3299 2947 Von

799 2899 891 2959 den"
924 2897 977 2957 (dem
1027 2897 1113 2957 ersten
1147 2899 1200 2959 aus
1228 2901 1270 2961 dem
1314 2899 1542 2959 gleichnamigen
1581 2890 1716 2950 Weiring
1738 2893 1803 2953 hält
1825 2893 1857 2953 sie
1885 2893 2004 2953 zurück.)
2026 2893 2074 2953 Ich
2102 2891 2194 2951 werde
2216 2892 2275 2952 doch
2297 2891 2421 2951 erfahren

807 2941 933 3001 Zyklus)
960 2935 1165 2995 entnommen.
1208 2938 1270 2998 Ihr
1303 2939 1435 2999 gleichsam
1483 2937 1550 2997 pro¬
1577 2939 1698 2999 dürfen,
1720 2941 1777 3001 wer
1804 2941 1846 3001 ihn
1883 2941 2068 3001 umgebracht
2095 2940 2157 3000 hat,
2179 2939 2231 2999 und
2263 2938 2352 2998 wofür
2374 2938 2426 2998 —!
2453 2938 2510 2998 wie
2543 2938 2600 2998 viel
2627 2938 2748 2998 anderen
2781 2938 2901 2998 Leuten,
2923 2938 2975 2998 von
3007 2938 3059 2998 wie
3091 2938 3154 2998 viel
3181 2938 3302 2998 anderen

806 2975 958 3035 phetischer
988 2974 1086 3034 Bezug
1116 2975 1169 3035 auf
1199 2977 1238 3037 die
1268 2977 1420 3037 traurigen
1460 2979 1548 3039 letzten

2452 2989 2588 3049 Sachen,
2610 2986 2652 3046 die
2680 2988 2723 3048 ihm
2767 2987 2838 3047 grad
2865 2986 2892 3046 so
2920 2987 2979 3047 viel
3007 2987 3131 3047 gewesen
3164 2986 3224 3046 sind
3257 2985 3310 3045 wie

1610 2989 1818 3049 Theodor:
1840 2989 1878 3049 Es
1901 2989 2026 3049 war...
2043 2992 2086 3052 ein
2114 2989 2251 3049 nichtiger
2274 2989 2415 3049 Grund..

804 3016 898 3076 Jahre
924 3013 968 3073 des
999 3013 1133 3073 Dichters
1163 3016 1218 3076 und
1244 3016 1338 3076 seinen
1368 3014 1423 3074 Tod
1453 3016 1557 3076 erhellt

2448 3037 2509 3097 ich?
2541 3034 2556 3094 —
2608 3033 2675 3093 Von
2712 3035 2768 3095 mir
2805 3034 2887 3094 auch!
2914 3034 2928 3094 O
2976 3034 3130 3094 Gott!...
3157 3034 3218 3094 Und
3250 3034 3301 3094 von

1623 3046 1848 3106 Christine:
1866 3046 1924 3106 Sie
1950 3049 2026 3109 sagen
2062 3048 2133 3108 nicht
2157 3046 2198 3106 die
2228 3046 2393 3106 Wahrheit.

806 3054 854 3114 von
888 3052 984 3112 selbst.
999 3053 1062 3113 Wir
1092 3055 1227 3115 brauchen
1262 3055 1344 3115 ihnen
1378 3055 1465 3115 nichts
1494 3055 1537 3115 hin

2451 3084 2542 3144 seinem
2590 3084 2681 3144 Vater
2715 3084 2768 3144 und
2802 3084 2854 3144 von
2889 3081 2979 3141 seiner
3013 3081 3128 3141 Mutter
3162 3081 3219 3141 und
3254 3081 3301 3141 von

804 3091 988 3151 zuzufügen.

1582 3093 1725 3153 Warum,
1744 3093 1901 3153 warum..

841 3129 1019 3189 „Lebendige
1046 3128 1208 3188 Stunden“
1245 3129 1308 3189 war
1350 3129 1376 3189 im
1429 3132 1549 3192 übrigen

2457 3132 2547 3192 seinen
2583 3132 2734 3192 Freunden
2775 3132 2830 3192 und
2861 3132 2911 3192 von
2952 3132 3038 3192 seinem
3084 3129 3220 3189 Zimmer
3250 3128 3305 3188 und

1613 3144 1809 3204 Theodor:
1844 3144 1928 3204 Liebe
1956 3143 2102 3203 Christine

801 3168 855 3228 das
885 3168 984 3228 Werk,
1010 3167 1059 3227 das
1090 3168 1253 3228 Schnitzler
1283 3170 1308 3230 im
1353 3170 1452 3230 Jahre
1488 3170 1551 3230 190.

2457 3183 2503 3243 vom
2545 3183 2689 3243 Frühling
2716 3180 2767 3240 und
2793 3180 2845 3240 von
2871 3180 2917 3240 der
2938 3180 3031 3240 Stadt
3052 3178 3109 3238 und
3130 3180 3181 3240 von
3213 3177 3310 3237 allem,

1615 3192 1829 3252 Christine
1861 3191 1917 3251 (als
1944 3192 2044 3252 wollte
2064 3192 2101 3252 sie
2127 3189 2347 3249 unterbrechen,
2367 3190 2410 3250 geh

804 3204 850 3264 den
889 3207 1180 3267 Bauernfeld=Preis
1209 3207 1326 3267 eintrug
1360 3207 1411 3267 und
1444 3208 1486 3268 die
1510 3207 1552 3267 be¬

802 3246 860 3306 rüch
876 3246 934 3306 igte
961 3246 1198 3306 Interpellation
1236 3246 1256 3306 im
1304 3246 1542 3306 Abgeordneten¬
1569 3244 1610 3304 sie
1632 3241 1684 3301 auf
1706 3240 1753 3300 ihn
1786 3240 1811 3300 zu
1838 3240 1854 3300 —
1902 3242 2002 3302 spricht
2023 3239 2150 3299 anfangs
2182 3238 2266 3298 nicht,
2283 3240 2351 3300 sieht
2372 3235 2414 3295 ihn
2452 3231 2504 3291 von
2531 3230 2631 3290 allem,
2653 3228 2715 3288 was
2743 3228 2763 3288 so
2790 3228 2842 3288 mit
2859 3228 2927 3288 dazu
2954 3228 3054 3288 gehört
3070 3228 3123 3288 hat
3144 3228 3170 3288 zu
3203 3226 3286 3286 seinem

2451 3277 2538 3337 Leben
2575 3278 2632 3338 und
2658 3278 2719 3338 was
2751 3278 2776 3338 er
2803 3278 2870 3338 grad
2896 3278 2921 3338 so
2953 3278 3005 3338 hat
3026 3277 3165 3337 verlassen
3197 3277 3299 3337 müssen

804 3284 879 3344 haus
909 3284 1095 3344 veranlaßte,
1121 3281 1171 3341 von
1212 3284 1257 3344 der
1287 3285 1393 3345 gestern
1428 3286 1453 3346 in
1494 3284 1549 3344 un=
1575 3285 1610 3345 an
1641 3287 1691 3347 und
1721 3289 1816 3349 schreit
1837 3289 1907 3349 dann
1938 3287 2089 3347 plötzlich):
2109 3287 2210 3347 Wegen
2235 3286 2315 3346 einer
2331 3285 2401 3345 Frau

806 3324 880 3384 serem
921 3323 1010 3383 Blatt
1031 3323 1075 3383 die
1100 3323 1175 3383 Rede
1200 3324 1279 3384 war.

2452 3325 2508 3385 wie
2532 3328 2661 3388 mich...
2684 3326 2729 3386 von
2764 3326 2831 3386 allem
2865 3326 2916 3386 hat
2940 3326 2967 3386 er
2991 3326 3041 3386 mit
3064 3327 3165 3387 Ihnen
3194 3326 3307 3386 gespro¬

1615 3345 1824 3405 Theodor:
1851 3345 1964 3405 Nein-

2449 3374 2508 3434 chen
2525 3376 2579 3436 ...
2596 3377 2650 3437 und
2678 3374 2759 3434 auch
2782 3374 2831 3434 von
2864 3371 2978 3431 mir...

1613 3404 1841 3464 Christine:
1875 3405 1919 3465 Ja
1959 3402 1970 3462 —
2026 3404 2076 3464 für
2115 3404 2176 3464 eine
2210 3402 2354 3462 Frau...
2383 3404 2421 3464 (.

2478 3425 2670 3485 Theodor
2706 3425 2858 3485 (bewegt):
2882 3425 2928 3485 Er
2958 3422 3010 3482 hat
3035 3422 3093 3482 Sie
3123 3424 3215 3484 gewiß
3245 3419 3286 3479 lie

728 3448 936 3508 Heinrich:
960 3448 1033 3508 Aber
1056 3448 1134 3508 sagen
1164 3448 1220 3508 Sie
1238 3449 1333 3509 selbst,
1351 3449 1424 3509 Herr
1447 3448 1548 3508 Haus¬
1571 3449 1673 3509 Mizzi
1702 3451 1877 3511 gewendet):
1900 3451 1951 3511 für
1974 3451 2087 3511 diese
2116 3451 2189 3511 Frau
2223 3449 2234 3509 —
2286 3448 2336 3508 für
2359 3448 2426 3508 diese

2451 3472 2576 3532 gehabt.

685 3496 802 3556 dorfer:
838 3496 918 3556 Sind
960 3494 1000 3554 die
1031 3495 1118 3555 Leute
1154 3494 1230 3554 nicht
1271 3494 1424 3554 eigentlich
1455 3496 1541 3556 benei

1577 3501 1677 3561 Frau,
1694 3500 1736 3560 die
1758 3500 1784 3560 er
1805 3502 1975 3562 geliebt
1996 3500 2049 3560 hat
2065 3499 2076 3559 —
2124 3499 2181 3559 und
2209 3496 2251 3556 ihr
2273 3496 2362 3556 Mann

2487 3522 2722 3582 Christine:
2747 3517 2829 3577 Lieb!
2859 3514 2870 3574 —
2924 3516 2988 3576 Er?
3012 3515 3029 3575 —
3077 3517 3129 3577 Ich
3165 3518 3206 3578 bin
3242 3517 3289 3577 ihm

696 3544 861 3604 denswert,
887 3544 970 3604 denen
1007 3544 1037 3604 es
1063 3544 1094 3604 so
1121 3544 1223 3604 schnell
1250 3546 1384 3606 gelingt,
1411 3547 1456 3607 sich
1488 3546 1534 3606 hin

1578 3552 1622 3612 ja,
1639 3550 1683 3610 ja,
1705 3550 1749 3610 ihr
1772 3547 1871 3607 Mann
1899 3549 1948 3609 hat
1971 3548 2031 3608 ihr.
2048 3547 2291 3607 umgebracht...
2309 3547 2363 3607 Und
2386 3544 2424 3604 ich

2456 3568 2539 3628 nichts
2574 3568 2691 3628 gewesen
2731 3566 2771 3626 als
2806 3565 2844 3625 ein
2879 3565 3076 3625 Zeitvertreib
3106 3563 3115 3623 —
3175 3565 3228 3625 und
3258 3562 3307 3622 für

685 3592 877 3652 auszuretten
913 3592 923 3652 —
974 3590 999 3650 in
1030 3592 1111 3652 ihren
1147 3592 1258 3652 Beruf,
1284 3595 1309 3655 in
1345 3595 1405 3655 ihre
1436 3595 1532 3655 Kunst

1572 3598 1629 3658 ..,
1640 3598 1698 3658 was
1725 3598 1767 3658 bin
1799 3598 1868 3658 denn
1900 3598 1958 3658 ich?
1985 3598 2058 3658 Was
2075 3598 2116 3658 bin
2154 3596 2217 3656 denn
2239 3595 2270 3655 ich
2303 3595 2344 3655 ihm
2382 3593 2413 3653 ge

2451 3614 2510 3674 eine
2543 3616 2646 3676 andere
2668 3615 2706 3675 ist
2728 3614 2755 3674 er
2777 3613 2918 3673 gestorben
2946 3611 2999 3671 —!
3022 3613 3081 3673 Und
3109 3615 3141 3675 ich
3169 3613 3239 3673 hab'
3256 3609 3298 3669 ihn

691 3639 737 3699 die
775 3639 916 3699 vielleicht
955 3640 1038 3700 sogar
1076 3639 1123 3699 die
1160 3639 1355 3699 wunderbare
1398 3641 1551 3701 Föhigkeit
1578 3645 1751 3705 wesen...?
1773 3645 1963 3705 Theodor...
1984 3644 2068 3704 haben
2095 3642 2152 3702 Sie
2174 3640 2237 3700 denn
2270 3639 2316 3699 gar
2343 3637 2427 3697 nichts

2453 3663 2621 3723 angebetet!
2644 3660 2655 3720 —
2706 3659 2762 3719 Hat
2785 3660 2813 3720 er
2836 3660 2903 3720 denn
2938 3660 2982 3720 das
3011 3658 3083 3718 nicht
3107 3659 3269 3719 gewußt?.

690 3687 803 3747 haben,
824 3687 907 3747 ihren
937 3687 1075 3747 Schmerz
1100 3687 1124 3747 in
1159 3687 1238 3747 ihrer
1268 3687 1362 3747 Weise
1387 3687 1411 3747 zu
1452 3687 1539 3747 gestal

1575 3693 1623 3753 für
1656 3693 1786 3753 mich...
1813 3691 1862 3751 hat
1895 3690 1927 3750 er
1955 3690 2047 3750 nichts
2080 3687 2411 3747 niedergeschrieben...

2458 3714 2516 3774 Daß
2544 3712 2581 3772 ich
2604 3711 2647 3771 ihm
2685 3708 2756 3768 alles
2778 3709 2897 3769 gegeben
2924 3708 2999 3768 hab',
3017 3705 3076 3765 was
3098 3707 3135 3767 ich
3157 3708 3206 3768 ihm
3244 3705 3292 3765 hab

689 3735 755 3795 ten,
794 3736 865 3796 statt
894 3736 943 3796 ihn
977 3736 1004 3796 in
1038 3735 1175 3795 nutzlosen
1209 3733 1325 3793 Tränen
1364 3735 1535 3795 hinströmen
1575 3738 1641 3798 Hat
1669 3741 1701 3801 er
1730 3739 1829 3799 Ihnen
1868 3738 1923 3798 kein
1962 3736 2050 3796 Wort
2078 3738 2127 3798 für
2161 3738 2227 3798 mich
2255 3738 2410 3798 gesagt...

2452 3760 2533 3820 geben
2571 3758 2695 3818 können,
2712 3756 2761 3816 daß
2789 3756 2826 3816 ich
2854 3756 2902 3816 für
2930 3756 2972 3816 ihn
3000 3756 3141 3816 gestorben
3174 3753 3249 3813 wär'

690 3788 723 3848 zu
759 3784 868 3844 lassen?

1579 3788 1671 3848 Haben
1712 3787 1769 3847 Sie
1804 3788 1896 3848 nichts
1932 3787 2140 3847 gefunden...
2169 3786 2244 3846 einen
2285 3786 2411 3846 Bricf..

2449 3810 2501 3870 daß
2539 3809 2570 3869 er
2608 3807 2681 3867 mein
2719 3804 2856 3864 Herrgott
2889 3804 3010 3864 gewesen
3048 3805 3085 3865 ist
3117 3804 3175 3864 und
3213 3801 3302 3861 meine

732 3830 1028 3890 Hausdorfer:
1072 3830 1247 3890 Gestalten?
1287 3830 1380 3890 Weckt
1412 3830 1468 3890 das
1506 3829 1550 3889 die

1576 3836 1659 3896 einen
1690 3833 1791 3893 Zettel

2449 3857 2598 3917 Seligkeit
2627 3852 2637 3912 —
2688 3852 2737 3912 hat
2765 3851 2793 3911 er
2821 3851 2870 3911 das
2904 3851 2960 3911 gar
2988 3852 3059 3912 nicht
3088 3851 3232 3911 bemerkt?
3260 3849 3304 3909 .

693 3878 782 3938 Toten
814 3878 919 3938 wieder
941 3880 1009 3940 auf!

1616 3893 1801 3953 Theodor
1840 3893 1980 3953 (schüttelt
2000 3893 2051 3953 den
2078 3893 2186 3953 Kopf).

2452 3903 2500 3963 hat
2522 3905 2576 3965 von
2603 3903 2657 3963 mir
2679 3899 2820 3959 fortgehen
2847 3899 2971 3959 können,
2988 3899 3042 3959 mit
3059 3899 3140 3959 einem
3178 3899 3307 3959 Lächeln,

734 3929 943 3989 Heinrich:
967 3926 1011 3986 So
1040 3929 1137 3989 wenig
1166 3926 1210 3986 als
1240 3926 1285 3986 die
1314 3929 1456 3989 Tränen.
1496 3932 1546 3992 Ich

2450 3953 2595 4013 fortgehen
2630 3952 2681 4012 aus
2712 3950 2798 4010 diesem
2840 3947 2973 4007 Zimmer
3008 3947 3059 4007 und
3090 3949 3135 4009 sich
3165 3947 3217 4007 für
3241 3944 3303 4004 eine

1608 3952 1844 4012 Christine:
1875 3950 1934 4010 Und
1970 3950 1999 4010 an
2041 3949 2088 4009 dem
2136 3947 2296 4007 Abend...
2326 3946 2361 4006 wo
2391 3944 2408 4004 e

694 3980 762 4040 sage
789 3977 857 4037 auch
889 3977 973 4037 nicht,
1000 3977 1052 4037 daß
1084 3977 1127 4037 die
1154 3977 1269 4037 Freude
1302 3977 1333 4037 an
1370 3977 1417 4037 der
1444 3977 1539 4037 Arbel

2454 4001 2560 4061 andere
2586 3998 2805 4058 ni.derschießen
2843 3998 2993 4058 lassen...
3013 3995 3119 4055 Vater,
3145 3997 3276 4057 Batee-

1577 4003 1608 4063 da
1641 4001 1719 4061 war,
1746 4001 1788 4061 wo
1820 4001 1872 4061 Sie
1904 4001 1946 4061 ihn
1983 4001 2014 4061 da
2047 3998 2183 4058 abgeholt
2216 3995 2363 4055 haben...

693 4027 742 4087 das
778 4030 839 4090 Leid
870 4027 945 4087 über
971 4027 1011 4087 ein
1057 4027 1310 4087 entschwundenes
1351 4027 1441 4087 Leben
1487 4030 1542 4090 auf

1575 4051 1630 4111 hat
1653 4050 1707 4110 er's
1736 4050 1801 4110 schon
1835 4048 1967 4108 gewußt,
1985 4048 2017 4108 da
2045 4046 2095 4106 hat
2117 4045 2144 4105 er
2173 4046 2299 4106 gewußt,
2317 4045 2366 4105 daß
2394 4042 2421 4102 er

2458 4051 2590 4111 verstehst
2608 4051 2634 4111 du
2663 4047 2734 4107 das?

688 4077 796 4137 wiegt.
812 4078 889 4138 Aber
916 4078 951 4138 ist
968 4078 993 4138 es
1025 4075 1096 4135 nicht
1118 4075 1221 4135 endlich
1247 4075 1298 4135 das
1330 4078 1464 4138 Einzige,
1486 4078 1542 4138 war

1580 4099 1644 4159 mich
1664 4099 1801 4159 vielleicht
1822 4096 1866 4156 nie
1891 4096 2029 4156 mehr...
2049 4093 2107 4153 Und
2133 4094 2157 4154 er
2182 4095 2211 4155 ist
2232 4092 2275 4152 von
2301 4090 2330 4150 da
2355 4089 2409 4149 weg

2489 4099 2702 4159 Weiring:
2734 4096 2881 4156 Christin"
2919 4096 2984 4156 (Bei
3008 4096 3073 4156 ihr).

687 4124 749 4184 und
778 4125 864 4185 übrig
894 4126 1004 4186 bleibt:
1029 4123 1182 4183 arbeiten?
1230 4122 1355 4182 Werden
1390 4126 1447 4186 Sie
1476 4126 1533 4186 nich

1654 4141 1748 4201 ugen,
1764 4143 1795 4203 um
1835 4142 1881 4202 lich
1907 4144 1953 4204 für
1977 4144 2039 4204 eine
2064 4143 2166 4203 andere
2191 4138 2362 4198 umbringen
