3344 4384
142 311 166 371 2

1393 312 1520 372 box
1601 315 1792 375 43/4

293 323 762 383 Schnitzler
838 318 865 378 s
931 314 1164 374 heath

2059 1757 2278 1817 Schauspieler
2328 1754 2387 1814 und
2437 1754 2606 1814 Regisseur
2651 1754 2705 1814 ist,
2741 1751 2840 1811 wollte
2890 1751 2989 1811 zuerst

1165 1761 1211 1821 Es
1244 1763 1300 1823 gab
1343 1760 1408 1820 eine
1442 1760 1530 1820 Type
1573 1758 1601 1818 in
1653 1760 1751 1820 seiner
1795 1757 1949 1817 Umwelt,
1982 1757 2029 1817 die

148 1771 236 1831 eines
265 1768 437 1828 deutenden
465 1766 670 1826 Psychologen
703 1766 782 1826 sein,
801 1766 852 1826 den
880 1764 968 1824 ersten
1001 1763 1085 1823 Ein¬

2070 1799 2296 1859 Kapellmeister
2324 1796 2459 1856 werden.
2487 1796 2564 1856 Man
2591 1796 2759 1856 begegnete
2782 1793 2831 1853 dem
2872 1793 2990 1853 Dichter

1115 1805 1278 1865 Schnitzler
1303 1804 1321 1864 in
1350 1802 1528 1862 besonderem
1572 1802 1643 1862 Maß
1673 1804 1788 1864 anzog:
1808 1802 1860 1862 den
1890 1800 2038 1860 Offizier,

150 1814 266 1874 drücken
300 1814 351 1874 des
430 1812 528 1872 chters
561 1811 729 1871 Schnitzler
762 1808 822 1868 und
851 1808 935 1868 ihrer
968 1805 1084 1865 Ueber¬

2066 1841 2171 1901 häufig
2201 1843 2229 1903 in
2263 1841 2431 1901 Konzerten
2470 1838 2527 1898 und
2562 1838 2590 1898 er
2619 1838 2686 1898 war
2721 1836 2763 1896 ein
2797 1835 2989 1895 begeisterter

1111 1850 1161 1910 der
1188 1847 1342 1907 seinerzeit
1366 1847 1415 1907 der
1438 1844 1579 1904 liebende
1607 1844 1665 1904 und
1693 1844 1820 1904 geliebte
1848 1844 1942 1904 Mann
1975 1841 2029 1901 vor

153 1856 326 1916 wertigkeit
424 1853 587 1913 Zugehen.
620 1853 722 1913 Seine
765 1853 937 1913 Probleme
980 1850 1072 1910 haben

2071 1883 2239 1943 Anhänger
2264 1883 2432 1943 Mahlers,
2452 1881 2499 1941 als
2529 1880 2625 1940 dieser
2654 1880 2721 1940 noch
2756 1880 2832 1940 seine
2862 1880 2991 1940 Kämpfe

1108 1891 1186 1951 allen
1228 1890 1353 1950 anderen
1391 1889 1457 1949 war
1491 1886 1503 1946 —
1561 1886 1619 1946 und
1657 1886 1786 1946 dennoch
1824 1886 1936 1946 immer
1970 1884 2031 1944 tod¬

153 1902 199 1962 sich
223 1898 297 1958 kaum
335 1898 488 1958 geandert
512 1898 581 1958 (nur
605 1895 670 1955 ihre
694 1895 810 1955 Lösung
838 1895 884 1955 ist,
903 1895 926 1955 in
959 1895 1080 1955 unend¬

2064 1928 2116 1988 als
2150 1926 2395 1986 Operndirektor
2429 1926 2457 1986 zu
2496 1922 2630 1982 bestehen
2669 1922 2770 1982 hatte.
2804 1922 2862 1982 Ein
2901 1922 3001 1982 merk¬

1112 1932 1209 1992 bereit
1234 1931 1284 1991 sein
1313 1931 1430 1991 mußte.
1454 1931 1519 1991 Den
1548 1928 1627 1988 öfter
1651 1931 1894 1991 leichtsinnigen,
1914 1928 2040 1988 zumeist

151 1943 241 2003 licher
276 1943 587 2003 Mannigfaltigkeit,
616 1939 726 1999 reicher
756 1939 957 1999 geworden).
1001 1936 1072 1996 Wir

1115 1977 1178 2037 sehr
1203 1974 1487 2034 liebenswürdigen
1516 1975 1628 2035 jungen
1663 1972 1814 2032 Offizier,
1835 1969 1893 2029 wie
1918 1969 1946 2029 er
1972 1969 2020 2029 ihn
2064 1969 2230 2029 würdiger
2255 1968 2421 2028 Fanatiker
2446 1965 2494 2025 der
2520 1964 2837 2024 Klavierpädagogik,
2852 1963 2901 2023 der
2926 1963 2989 2023 sehr

150 1986 234 2046 seine
267 1986 480 2046 Bewunderer
513 1984 568 2044 aus
606 1984 731 2044 größter
764 1981 866 2041 Nähe,
890 1981 992 2041 waren
1029 1978 1080 2038 die

2071 2011 2191 2071 begabte
2221 2011 2282 2071 Van
2312 2011 2422 2071 Jung,
2447 2011 2500 2071 hat
2519 2007 2687 2067 Schnitzler
2712 2006 2784 2066 stark
2809 2005 3001 2065 beeinflußt,

1112 2017 1151 2077 um
1191 2018 1234 2078 sich
1264 2017 1328 2077 sah,
1343 2017 1396 2077 hat
1417 2017 1445 2077 er
1471 2016 1519 2076 oft
1539 2014 1731 2074 geschildert.
1756 2012 1800 2072 Es
1830 2011 1863 2071 ist
1889 2011 1962 2071 nicht
1987 2011 2030 2071 die

146 2030 272 2090 letzten,
305 2029 360 2089 das
403 2029 430 2089 zu
478 2026 664 2086 verkennen.
706 2025 752 2085 Es
795 2023 897 2083 waren
935 2023 1074 2083 sicherlich

2066 2053 2113 2113 als
2147 2053 2180 2113 er
2210 2053 2257 2113 den
2296 2053 2387 2113 „Weg
2416 2051 2469 2111 ins
2503 2050 2612 2110 Freie"
2642 2049 2747 2109 schrieb
2781 2047 2790 2107 —
2844 2050 2910 2110 auch
2944 2047 2991 2107 die

1114 2060 1232 2120 einzige
1255 2059 1307 2119 von
1339 2059 1431 2119 seinen
1466 2056 1638 2116 Gestalten,
1661 2056 1704 2116 die
1731 2056 1757 2116 in
1788 2056 1872 2116 einer
1899 2053 2026 2113 anderen

149 2074 249 2134 ewige
283 2071 469 2131 Probleme,
504 2071 580 2131 aber
609 2068 657 2128 die
691 2068 763 2128 Art,
797 2068 858 2128 wie
883 2068 916 2128 er
960 2068 998 2128 sie
1032 2065 1079 2125 sich

2071 2095 2171 2155 Reden
2205 2095 2276 2155 über
2306 2095 2478 2155 Befreiung
2507 2095 2560 2155 der
2584 2093 2713 2153 Juden,
2738 2089 2795 2149 wie
2819 2092 2857 2152 sie
2886 2092 2929 2152 sich
2963 2090 2986 2150 in

154 2117 254 2177 stellte,
283 2116 345 2176 war
379 2116 469 2176 durch
503 2116 583 2176 seine
618 2114 693 2174 Zeit
723 2110 865 2170 bedingt.
899 2110 1071 2170 Schnitzler
1105 2106 1185 2166 Zeit
1210 2103 1424 2163 ausgestorben
1458 2100 1539 2160 sind.
1568 2098 1611 2158 Er
1640 2098 1749 2158 kannte
1779 2098 1845 2158 noch
1874 2096 1921 2156 den
1960 2095 2031 2155 Fla¬

2070 2140 2162 2200 diesem
2215 2139 2333 2199 Roman
2375 2140 2498 2200 finden,
2524 2138 2611 2198 gehen
2653 2137 2710 2197 auf
2741 2137 2983 2197 Anschauungen

1114 2146 1206 2206 neur,
1233 2144 1281 2204 den
1317 2144 1458 2204 Causeur
1493 2143 1550 2203 und
1586 2143 1806 2203 Raisonneur,
1829 2140 1881 2200 den
1917 2140 2027 2200 jungen

153 2162 198 2222 kam
244 2157 298 2217 von
326 2157 375 2217 dem
417 2157 543 2217 Grauen
576 2156 625 2216 des
653 2154 752 2214 Todes
780 2154 861 2214 nicht
880 2154 929 2214 los
958 2153 971 2213 —
1021 2152 1079 2212 und

2073 2182 2133 2242 Van
2168 2181 2282 2241 Jungs
2312 2181 2431 2241 zurück.

1121 2187 1216 2247 Mann
1248 2187 1303 2247 aus
1330 2187 1416 2247 guter
1439 2185 1594 2245 Familie,
1612 2184 1662 2244 der
1690 2184 1785 2244 nichts
1812 2182 1839 2242 zu
1877 2181 1921 2241 tun
1954 2181 2035 2241 hatte

150 2204 183 2264 es
211 2201 294 2261 blieb
332 2202 383 2262 ihm
435 2199 611 2259 sinnloses,
644 2197 728 2257 durch
770 2196 849 2256 keine
882 2195 1087 2255 Erwägung,

1112 2231 1156 2291 als
1192 2229 1289 2289 seinen
1326 2229 1499 2289 Passionen
1549 2228 1575 2288 zu
1616 2226 1722 2286 leben,
1763 2226 1811 2286 den
1865 2226 2030 2286 gealterten

2130 2236 2194 2296 Alle
2222 2236 2297 2296 diese
2330 2235 2480 2295 Menschen
2513 2234 2540 2294 in
2573 2232 2621 2292 der
2648 2232 2826 2292 Umgebung
2859 2232 2977 2292 Schnitz

153 2244 325 2304 Tröstung,
352 2242 610 2302 Ueberwindung
647 2242 678 2302 zu
715 2238 896 2298 bannendes
933 2238 1064 2298 Grauen

154 2288 230 2348 Sein
268 2287 507 2347 Lebensdrang,
531 2286 583 2346 der
617 2284 759 2344 inmitten
799 2283 879 2343 einer
913 2282 936 2342 in
970 2279 1070 2339 seinen
1109 2271 1385 2331 Lebenskünftler,
1410 2270 1453 2330 die
1482 2268 1749 2328 leidenschaftliche
1778 2266 1858 2326 Frau
1892 2265 1949 2325 und
1983 2265 2035 2325 vor

2069 2281 2129 2341 lers
2162 2280 2231 2340 sind
2269 2277 2484 2337 abgestorben,
2522 2277 2788 2337 ausgewandert,
2831 2276 2989 2336 zugrunde

1115 2316 1189 2376 allem
1231 2316 1314 2376 jenes
1343 2313 1533 2373 sogenannte
1557 2313 1627 2373 süße
1660 2310 1785 2370 Mädel,
1805 2310 1860 2370 das
1889 2309 1916 2369 es
1949 2307 2023 2367 wirk

2068 2322 2241 2382 gegangen.
2273 2320 2340 2380 Mit
2358 2320 2437 2380 einem
2478 2319 2745 2379 monomanischen
2777 2316 2991 2376 Fanatismus

151 2331 394 2391 Jugendfahren
429 2328 457 2388 so
481 2328 725 2388 lebenslustigen
759 2326 859 2386 Stadt
878 2326 969 2386 gegen
1003 2325 1079 2385 diese

1114 2360 1164 2420 lich
1191 2358 1309 2418 einmal
1328 2356 1450 2416 gegeben
1482 2355 1572 2415 haben
1605 2355 1659 2415 soll
1687 2355 1731 2415 Er
1755 2354 1804 2414 hat
1827 2352 1890 2412 auch
1918 2352 2036 2412 trotzig¬

2070 2364 2220 2424 beschwor
2247 2364 2273 2424 er
2300 2364 2326 2424 in
2358 2363 2472 2423 immer
2499 2361 2592 2421 neuen
2624 2361 2769 2421 Werken,
2792 2361 2836 2421 die
2863 2361 2991 2421 dennoch

150 2375 252 2435 Angst
281 2372 476 2432 revoltierte,
500 2370 621 2430 deutete
649 2370 709 2430 auf
733 2370 789 2430 das
822 2370 914 2430 große
948 2367 1068 2427 Raus.h

1115 2399 1301 2459 gehaltvolle
1325 2399 1479 2459 Menschen
1507 2396 1699 2456 geschildert,
1718 2396 1774 2456 wie
1798 2393 1848 2453 den
1877 2393 2035 2453 Professor

2071 2408 2142 2468 kaum
2186 2406 2315 2466 merklich
2339 2405 2449 2465 blasser
2474 2405 2593 2465 waren,
2612 2402 2675 2462 ihre
2704 2402 2799 2462 Welt.
2824 2401 2909 2461 Sehr
2934 2401 2996 2461 ein¬

156 2417 260 2477 mittel
285 2417 389 2477 Liebe.
433 2414 499 2474 Den
533 2411 704 2471 Liebenden
743 2411 857 2471 scheint
891 2411 938 2471 die
968 2411 1082 2471 Zonne

1115 2441 1296 2501 Bernhardi
1324 2439 1378 2499 und
1401 2440 1432 2500 er
1455 2439 1509 2499 hat
1533 2440 1555 2500 in
1587 2439 1636 2499 der
1660 2440 1814 2500 Tragödie
1842 2435 1891 2495 des
1914 2435 2027 2495 jungen

2073 2450 2116 2510 sam
2164 2450 2269 2510 wurde
2304 2449 2332 2509 es
2366 2448 2394 2508 in
2428 2447 2529 2507 seiner
2568 2447 2721 2507 Familie.
2765 2445 2831 2505 Der
2870 2444 2994 2504 Dichter

156 2461 241 2521 noch,
266 2459 313 2519 den
342 2459 437 2519 Toten
472 2456 548 2516 nicht
572 2456 677 2516 mehr:
701 2457 768 2517 „Ich
797 2454 873 2514 weiß
903 2453 998 2513 nichts
1027 2453 1084 2513 auf

1119 2486 1291 2546 Medardus
1333 2483 1412 2543 seine
1455 2483 1552 2543 ganze
1595 2480 1669 2540 Zeit
1717 2480 1763 2540 ein
1810 2480 2038 2540 Jahrhundert

2073 2492 2147 2552 lebte
2171 2492 2283 2552 allein,
2303 2493 2363 2553 sein
2396 2489 2480 2549 Sohn
2513 2489 2584 2549 war
2612 2487 2678 2547 nach
2711 2488 2818 2548 Berlin
2852 2489 3001 2549 gezogen,

150 2504 276 2564 Erden,
299 2504 350 2564 das
379 2501 518 2561 gewisser
546 2499 663 2559 wäre!“
700 2498 798 2558 Ueber
826 2498 905 2558 diese
929 2495 1072 2555 Erkennt

1127 2528 1224 2588 früher
1253 2526 1308 2586 wie
1341 2527 1365 2587 im
1407 2525 1547 2585 Spiegel
1570 2524 1799 2584 aufgefangen.
1833 2522 1916 2582 Aber
1945 2521 1977 2581 er
2005 2520 2042 2580 ist

2076 2535 2152 2595 seine
2181 2534 2304 2594 Tochter
2333 2534 2414 2594 hatte
2438 2532 2519 2592 einen
2548 2531 2753 2591 italienischen
2786 2531 2919 2591 Offizier
2949 2531 2996 2591 ge¬

150 2548 206 2608 nis
234 2546 285 2606 kam
328 2546 374 2606 der
398 2546 477 2606 Arzt
501 2543 668 2603 Schnitzler
697 2540 748 2600 nie
771 2540 907 2600 hinaus,
926 2540 1079 2600 übrigens

1119 2570 1228 2630 immer
1255 2570 1365 2630 wieder
1392 2570 1445 2630 von
1476 2567 1529 2627 den
1560 2567 1692 2627 Helden,
1715 2566 1758 2626 die
1785 2564 1815 2624 er
1842 2564 1900 2624 mit
1922 2564 2036 2624 einiger

2071 2578 2206 2638 heiratet
2239 2576 2297 2636 und
2339 2576 2406 2636 war
2439 2576 2511 2636 bald
2548 2573 2665 2633 darauf
2702 2573 2729 2633 in
2770 2573 2906 2633 Venedig
2947 2575 2997 2635 ge¬

153 2589 200 2649 ein
233 2588 503 2648 ausgezeichneter
533 2588 621 2648 Arzt,
645 2586 695 2646 der
724 2583 780 2643 von
813 2584 911 2644 seinen
949 2582 1065 2642 Berufs

1119 2612 1235 2672 Ironie
1254 2611 1451 2671 ausstattete,
1465 2609 1493 2669 zu
1521 2608 1567 2668 der
1592 2608 1788 2668 Gesellschaft
1807 2605 2045 2665 zurückgekehrt,

2071 2620 2213 2680 storben;
2238 2620 2346 2680 seither
2381 2620 2435 2680 hat
2465 2618 2508 2678 sich
2539 2617 2710 2677 Schnitzler
2740 2614 2789 2674 nie
2819 2614 2937 2674 wieder
2967 2614 2991 2674 so

156 2633 295 2693 genosson
328 2632 393 2692 auch
426 2629 472 2689 als
506 2629 617 2689 solcher
641 2626 781 2686 geschätzt
805 2626 930 2686 wurde;
954 2624 986 2684 er
1010 2623 1084 2683 übte

1119 2654 1166 2714 die
1194 2656 1240 2716 ihm
1287 2655 1450 2715 besonders
1488 2653 1566 2713 nahe
1595 2653 1679 2713 kam,
1703 2652 1735 2712 zu
1773 2650 1823 2710 den
1861 2650 2033 2710 Literaten,

2075 2662 2154 2722 recht
2178 2662 2295 2722 erholt.
2328 2662 2388 2722 Die
2417 2661 2519 2721 Zeiten
2557 2659 2655 2719 waren
2693 2656 2818 2716 vorbei,
2843 2656 2866 2716 in
2904 2656 2992 2716 denen

159 2678 235 2738 seine
274 2675 388 2735 Praxis
422 2674 502 2734 schon
546 2672 603 2732 seit
632 2671 847 2731 Jahrzehnten
886 2669 966 2729 nicht
996 2665 1081 2725 mehr

1119 2700 1165 2760 die
1194 2698 1245 2758 ihr
1273 2697 1370 2757 Leben
1408 2695 1432 2755 in
1474 2695 1609 2755 Phrasen
1646 2692 1865 2752 umfälschten,
1894 2694 1921 2754 zu
1959 2691 2038 2751 reso¬

2068 2704 2117 2764 ihn
2152 2704 2201 2764 die
2226 2704 2370 2764 Heimat,
2395 2704 2449 2764 das
2484 2702 2632 2762 offizielle
2672 2701 2875 2761 Oesterreich,
2905 2703 2983 2763 ange

155 2720 234 2780 aus,
261 2719 362 2779 verlor
393 2717 463 2777 aber
494 2716 547 2776 nie
578 2715 627 2775 den
662 2714 820 2774 traurigen
861 2714 917 2774 und
953 2713 1076 2773 gütigen

1115 2740 1232 2800 luteren
1269 2740 1414 2800 Frauen,
1437 2738 1482 2798 die
1523 2737 1613 2797 ihnen
1659 2737 1836 2797 gegenüber
1877 2734 1954 2794 recht
1990 2734 2040 2794 be¬

2076 2749 2192 2809 seindet
2216 2748 2314 2808 hatte.
2347 2746 2422 2806 Man
2455 2746 2558 2806 wußte
2586 2743 2703 2803 längst,
2727 2743 2787 2803 wer
2816 2743 2844 2803 er
2872 2743 2937 2803 war

160 2762 239 2822 Blick
267 2761 318 2821 des
342 2761 472 2821 Arztes.
505 2759 621 2819 Leben,
640 2757 728 2817 Liebe
761 2756 816 2816 und
849 2755 909 2815 Tod
942 2755 956 2815 —
1003 2755 1077 2815 alles

1119 2785 1227 2845 hielten
1264 2783 1322 2843 und
1359 2784 1386 2844 zu
1422 2782 1476 2842 den
1527 2779 1676 2839 Musikern
1726 2779 1784 2839 und
1830 2776 2020 2836 Musikanten

2075 2791 2147 2851 aber
2175 2791 2206 2851 es
2243 2791 2352 2851 konnte
2393 2788 2470 2848 nicht
2507 2787 2715 2847 ausbleiben,
2743 2788 2797 2848 daß
2838 2785 2870 2845 er
2916 2785 2997 2845 einer

158 2808 211 2868 das
244 2806 415 2866 zusammen
448 2803 556 2863 wurde
588 2801 638 2861 dem
679 2800 928 2860 österreichischen
964 2798 1082 2858 Dichter

1122 2826 1281 2886 Schnitzler
1310 2823 1389 2883 wäre
1418 2822 1497 2882 nicht
1522 2821 1662 2881 Wiener,
1686 2820 1770 2880 wenn
1804 2820 1854 2880 die
1883 2820 1981 2880 Musik
2010 2817 2033 2877 in

2083 2833 2222 2893 jüngeren
2269 2832 2460 2892 Generation
2507 2829 2600 2889 sogar
2642 2829 2782 2889 daheim,
2820 2826 2996 2886 geschweige

158 2848 256 2908 Spiel
284 2847 339 2907 und
372 2847 521 2907 Theater.
559 2844 628 2904 Ihn
666 2842 725 2902 wie
754 2841 1009 2901 Hofmannsthal
1038 2840 1070 2900 er

1122 2870 1210 2930 seiner
1248 2868 1332 2928 Welt
1361 2865 1482 2925 gesehlt
1511 2865 1609 2925 hätte.
1652 2862 1768 2922 Denken
1811 2862 1871 2922 wir
1904 2859 1937 2919 an
1979 2862 2030 2922 den

2073 2877 2143 2937 denn
2179 2876 2206 2936 im
2251 2874 2401 2934 Ausland
2433 2872 2565 2932 fremder
2597 2871 2721 2931 wurde.
2744 2869 2757 2929 —
2806 2869 2873 2929 Uns
2909 2868 3001 2928 nicht:

156 2893 235 2953 saßte
265 2892 314 2952 der
339 2891 476 2951 Zweisel
502 2887 535 2947 an
566 2887 614 2947 der
645 2886 861 2946 Wirklichkeit,
882 2883 926 2943 die
951 2884 1083 2944 Gewiß¬

1121 2912 1251 2972 Musiker
1281 2910 1439 2970 Weiring,
1468 2904 1733 2964 Orchesterspieler
1762 2904 1846 2964 eines
1884 2904 2047 2964 Vorstadt¬

2073 2919 2140 2979 Wir
2165 2919 2279 2979 spürten
2309 2919 2376 2979 noch
2400 2919 2443 2979 bis
2473 2916 2573 2976 zuletzt
2598 2914 2640 2974 die
2665 2913 2751 2973 Nähe
2771 2913 2828 2973 und
2853 2913 2996 2973 Schwere

159 2937 235 2997 heit,
278 2934 330 2994 daß
365 2935 417 2995 der
451 2931 575 2991 Mensch
614 2931 700 2991 jeden
739 2928 926 2988 Augenblick
965 2928 1021 2988 wie
1051 2928 1079 2988 in

1119 2955 1250 3015 theaters
1287 2952 1346 3012 und
1379 2951 1479 3011 Vater
1507 2949 1557 3009 des
1594 2950 1767 3010 geopferten
1808 2946 1972 3006 Mädchens
2009 2947 2036 3007 in

2076 2963 2152 3023 alles
2181 2961 2291 3021 dessen,
2311 2959 2368 3019 das
2397 2958 2449 3018 der
2474 2958 2593 3018 Dichter
2617 2958 2646 3018 zu
2680 2955 2766 3015 sagen
2800 2955 2852 3015 auf
2877 2955 2924 3015 sich
2953 2955 3001 3015 ge¬

158 2978 241 3038 einem
290 2976 550 3036 traumgelenkten
590 2974 665 3034 Sein
705 2973 753 3033 die
785 2970 886 3030 Beute
918 2970 1001 3030 einer
1037 2971 1063 3031 zu

1121 3000 1171 3060 der
1203 2995 1394 3055 „Liebelei",
1422 2993 1485 3053 eine
1522 2992 1658 3052 Gestalt,
1686 2991 1736 3051 die
1768 2991 1836 3051 noch
1873 2991 1932 3051 aus
1973 2988 2023 3048 dem

2076 3005 2217 3065 nommen
2249 3003 2345 3063 hatte.
2373 3001 2441 3061 Wir
2464 3003 2592 3063 merkten
2620 3001 2697 3061 ganz
2725 2998 2889 3058 besonders
2917 2996 3008 3056 deut¬

161 3021 282 3081 fälligen
311 3020 526 3080 Begegnung,
550 3016 709 3076 zufälligen
747 3015 873 3075 Regung
906 3013 962 3073 sein
995 3012 1093 3072 kann.

1122 3040 1267 3100 Zeitalter
1327 3035 1500 3095 Schuberts
1564 3032 1856 3092 herüberzureichen
1920 3030 2043 3090 scheint.

2076 3048 2142 3108 lich,
2162 3047 2248 3107 welch
2278 3044 2320 3104 ein
2355 3044 2513 3104 Künstler,
2532 3043 2657 3103 welcher
2686 3041 2801 3101 Deuter
2830 3039 2878 3099 der
2908 3041 2998 3101 Seele

160 3062 440 3122 Literarhistoriker
473 3059 594 3119 werden
632 3059 692 3119 mit
721 3058 837 3118 leichter
875 3056 972 3116 Mühe
1005 3056 1084 3116 viele

1119 3082 1237 3142 Denken
1270 3080 1324 3140 wir
1347 3080 1379 3140 an
1411 3077 1507 3137 seinen
1539 3074 1740 3134 Wergenthin
1772 3074 1794 3134 in
1827 3074 1876 3134 dem
1918 3074 2036 3134 Roman

2071 3090 2147 3150 oder
2181 3089 2248 3149 doch
2282 3087 2382 3147 seiner
2416 3086 2651 3146 Seelenbezirke
2690 3084 2751 3144 mit
2790 3083 2842 3143 ihm
2901 3083 2991 3143 dahin

159 3105 275 3165 Stellen
308 3105 494 3165 namentlich
537 3104 564 3164 in
602 3102 653 3162 den
686 3101 830 3161 früheren
863 3099 984 3159 Werken
1031 3098 1082 3158 der

1120 3127 1205 3187 „Der
1230 3125 1297 3185 Weg
1326 3123 1373 3183 ins
1398 3120 1527 3180 Freie“,
1542 3119 1594 3179 den
1623 3119 1733 3179 jungen
1767 3119 1915 3179 Musiker,
1930 3116 1987 3176 wie
2012 3116 2040 3176 er

2071 3135 2164 3195 ging.
2192 3131 2257 3191 Vor
2281 3131 2356 3191 allem
2398 3129 2486 3189 aber:
2510 3128 2566 3188 wir
2595 3126 2749 3186 verehrten
2782 3125 2829 3185 den
2862 3125 3006 3185 gütigen,

161 3149 264 3209 beiden
299 3149 421 3209 sinden,
441 3146 489 3206 die
520 3146 642 3206 Zufall,
662 3146 769 3206 Spiel,
794 3143 931 3203 Zweifel
956 3143 980 3203 in
1020 3143 1083 3203 eine

1115 3167 1167 3227 ihn
1201 3165 1229 3225 so
1259 3166 1368 3226 häufig
1398 3164 1522 3224 antraf,
1546 3161 1685 3221 zwischen
1724 3158 2040 3218 Komponistenberuf

2076 3176 2282 3236 vornehmen,
2311 3173 2385 3233 aller
2419 3173 2667 3233 Geschäftigkeit,
2691 3170 2771 3230 allem
2818 3170 2898 3230 Lärm
2945 3170 2996 3230 des

161 3191 334 3251 Beziehung
368 3191 523 3251 bringen,
547 3191 594 3251 die
622 3188 707 3248 jener
736 3188 909 3248 Leugnung
943 3187 994 3247 des
1032 3188 1088 3248 Ich

1121 3209 1182 3269 und
1213 3205 1602 3265 Kapellmeisterwünschen
1638 3203 1849 3263 schwankend.
1880 3203 1959 3263 Auch
1995 3201 2039 3261 wo

2077 3220 2170 3280 Tages
2202 3218 2363 3278 entrückten
2396 3218 2573 3278 Menschen,
2594 3215 2641 3275 der
2668 3215 2762 3275 dieser
2788 3213 2908 3273 Dichter
2929 3212 3002 3272 zeit¬

159 3238 346 3298 entsprechen
380 3234 466 3294 mag,
490 3234 547 3294 wie
572 3232 610 3292 sie
639 3232 793 3292 ungefähr
822 3230 1009 3290 gleichzeitig
1043 3228 1091 3288 bei

1122 3253 1150 3313 er
1180 3251 1260 3311 nicht
1285 3250 1395 3310 gerade
1424 3248 1481 3308 von
1515 3246 1616 3306 Musik
1645 3245 1707 3305 und
1741 3245 1889 3305 Musikern
1928 3245 2043 3305 spricht,

2078 3262 2183 3322 lebens
2208 3262 2343 3322 gewesen
2373 3258 2417 3318 ist.

158 3281 209 3341 dem
270 3278 517 3338 österreichischen
573 3274 718 3334 Physiker
760 3273 825 3333 und
868 3272 1077 3332 Philosophen

2645 3277 2760 3337 Paul
2781 3274 2942 3334 Stefan

1125 3295 1220 3355 klingt
1246 3295 1346 3355 Musik
1372 3294 1397 3354 in
1433 3291 1534 3351 seinen
1569 3289 1690 3349 Worten
1727 3289 1786 3349 und
1817 3288 1948 3348 Versen.

161 3322 255 3382 Ernst
292 3322 374 3382 Mach
420 3319 670 3379 hervorkommt.
711 3316 970 3376 Hofmannsthal
1012 3316 1084 3376 fand

1179 3355 1223 3415 Er
1243 3355 1331 3415 selbst
1352 3353 1415 3413 war
1440 3353 1478 3413 ein
1509 3350 1794 3410 leidenschaftlicher
1819 3349 2049 3409 Musikfreund,

161 3366 323 3426 schließlich
353 3367 401 3427 für
431 3364 484 3424 alle
514 3364 592 3424 diese
623 3361 730 3421 Rätsel
760 3361 809 3421 der
839 3358 1069 3418 Erscheinungs

150 3415 240 3475 welt
263 3412 341 3472 seine
365 3412 488 3472 Lösung
517 3410 573 3470 und
602 3408 770 3468 Bindung.
799 3406 974 3466 Schnitzler
997 3404 1093 3464 nicht,
1122 3404 1206 3464 seine
1240 3403 1319 3463 Frau
1359 3402 1420 3462 war
1455 3400 1635 3460 Sängerin,
1669 3398 1719 3458 der
1754 3397 1861 3457 Sohn,
1895 3397 1945 3457 der
1980 3398 2047 3458 jetzt
