3392 4320
359 91 549 151 Arrur
602 95 984 155 Schnrgrer.

432 151 487 211 Die
519 150 653 210 schlichte
690 151 891 211 Totenfeier.

315 198 386 258 Der
416 201 540 261 Dichter
575 198 680 258 Anton
719 201 892 261 Schnitzler
926 204 984 264 hat
1013 200 1089 260 letzt¬

236 243 329 303 willig
369 240 576 300 angeordnet,
616 240 669 300 daß
709 240 768 300 sein
808 240 995 300 Begräbnis
1030 242 1093 302 still

236 282 291 342 und
315 282 343 342 in
372 281 493 341 großter
517 279 713 339 Einfachheit
737 279 788 339 vor
812 281 858 341 sich
882 282 975 342 gehen
1004 284 1087 344 solle;

231 323 343 383 gestern
381 323 430 383 ist,
458 321 522 381 was
559 321 594 381 an
636 321 804 381 Schnitzler
837 321 973 381 sterblich
1010 321 1095 381 war,

234 364 283 424 der
311 361 392 421 Erde
420 363 587 423 übergeben
624 363 769 423 worden,
797 363 855 423 und
887 363 910 423 in
947 363 996 423 der
1028 362 1091 422 Tat

232 406 284 466 hat
311 404 364 464 sich
396 404 443 464 die
475 404 570 464 Feier
607 404 692 464 ohne
735 406 819 466 jeden
856 404 967 464 Prunk
1010 402 1088 462 voll¬

235 449 342 509 zogen.
363 447 529 507 Ungemein
564 448 637 508 groß
667 448 740 508 aber
765 448 833 508 war
858 448 902 508 die
932 445 1014 505 Zahl
1034 445 1088 505 der

236 489 455 549 Trauergäste,
489 491 535 551 die
564 491 742 551 gekommen
780 490 911 550 waren,
944 488 981 548 um
1029 487 1084 547 von

231 533 280 593 dem
331 532 412 592 toten
449 533 576 593 Dichter
613 533 767 593 wortlos,
804 533 862 593 wie
908 530 939 590 er
972 530 1003 590 es
1040 529 1089 589 ge¬

230 575 368 635 wünscht
412 574 512 634 hatte,
556 575 628 635 aber
676 576 777 636 darum
839 576 920 636 nicht
964 575 1088 635 minder

235 619 371 679 herzlich,
392 617 533 677 Abschied
566 617 591 677 zu
623 617 780 677 nehmen.

328 663 362 723 Um
418 661 488 721 ½12
524 661 589 721 Uhr
620 661 750 721 mittags
781 661 892 721 wurde
922 658 972 718 der
998 660 1088 720 Sarg

236 704 295 764 mit
320 705 369 765 der
400 703 538 763 irdischen
573 703 667 763 Hülle
697 703 746 763 des
776 703 998 763 Verblichenen
1034 702 1092 762 aus

231 748 278 808 dem
330 748 588 808 Sterbezimmer
621 746 649 806 in
692 747 795 807 seinem
847 745 922 805 Heim
974 742 1001 802 in
1040 745 1091 805 der

238 792 544 852 Sternwartestraße
573 792 630 852 71,
674 789 712 849 an
765 789 855 849 einem
918 786 1085 846 starken

235 834 364 894 Spalier
408 834 465 894 von
513 833 743 893 Trauergästen
791 831 920 891 vorbei,
954 828 982 888 in
1031 827 1083 887 das

240 879 437 939 Leichenauto
477 877 635 937 gehoben.
670 875 714 935 Um
774 872 828 932 den
873 872 961 932 Sarg
1002 870 1090 930 lagen

238 923 336 983 einige
361 921 499 981 Kränze,
519 921 543 981 so
573 921 612 981 ein
647 918 755 978 Kranz
780 913 829 973 des
859 915 1090 975 Burgtheaters

237 966 291 1026 mit
317 967 367 1027 der
398 966 589 1026 Widmung:
614 965 705 1025 „Das
736 960 947 1020 Burgtheater
978 959 1073 1019 seinem

240 1042 350 1102 großen
383 1040 503 1100 Dichter
536 1040 609 1100 1895
642 1040 688 1100 bis
715 1036 826 1096 1931.“
853 1036 900 1096 In
932 1038 984 1098 der
1011 1039 1090 1099 Villa

236 1085 339 1145 hatten
384 1082 432 1142 sich
478 1082 684 1142 eingefunden
734 1080 782 1140 die
813 1082 940 1142 Dichter
965 1082 1102 1142 Werfel,

243 1121 516 1181 Beer=Hofmann,
542 1124 680 1184 Salten,
705 1124 772 1184 Dr.
791 1124 878 1184 Karl
903 1124 1104 1184 Schönherr,

250 1169 342 1229 ferner
380 1166 498 1226 Hofrat
530 1168 617 1228 Hugo
660 1167 810 1227 Thimig,
836 1166 955 1226 Hofrat
987 1166 1106 1226 Albert

241 1210 337 1270 Heine
367 1210 424 1270 vom
472 1210 709 1270 Burgtheater,
733 1207 854 1267 Hofrat
884 1210 950 1270 Dr.
975 1207 1100 1267 Thenen

243 1253 293 1313 von
327 1253 378 1313 der
406 1252 658 1312 Aerztekammer
687 1252 748 1312 und
776 1252 893 1312 andre.
912 1252 972 1312 Die
1001 1249 1103 1309 Fahrt

236 1301 293 1361 zum
336 1296 619 1356 Zentralfriedhof
649 1295 753 1355 wurde
788 1294 868 1354 dann
903 1294 1108 1354 angetreten.

336 1338 402 1398 Der
427 1339 575 1399 Kondukt
601 1339 744 1399 passierte
773 1339 797 1399 :n
831 1339 1085 1399 verlangsamtem

259 1384 372 1444 Tempo
420 1382 476 1442 das
524 1381 860 1441 Burgtheater
913 1379 975 1439 und
1027 1381 1110 1441 setzte

257 1428 364 1488 sodann
402 1425 479 1485 seine
510 1423 613 1483 Fahrt
640 1424 717 1484 über
749 1423 800 1483 den
837 1422 1002 1482 Rennweg
1034 1422 1116 1482 fort.

249 1470 333 1530 Beim
392 1470 534 1530 Eingang
593 1469 646 1529 des
689 1465 1000 1525 Zentralfriedhofes

258 1513 405 1573 warteten
440 1512 494 1572 der
525 1510 702 1570 Präsident
732 1511 785 1571 der
820 1509 1111 1569 Kultusgemeinde

262 1557 419 1617 Professor
452 1556 521 1616 Dr.
544 1554 619 1614 Pick
646 1554 711 1614 mit
739 1553 792 1613 den
830 1552 1101 1612 Vizeprasidenten

259 1601 322 1661 Dr.
359 1599 518 1659 Ornstein
577 1598 640 1658 und
694 1595 763 1655 Dr.
805 1595 1001 1655 Löwenherz
1050 1593 1102 1653 den

256 1638 418 1698 Kondukt.
447 1640 493 1700 Im
546 1637 673 1697 Vorhof
709 1635 760 1695 des
801 1634 987 1694 Friedhofes
1028 1634 1108 1694 hatte

256 1684 305 1744 sich
344 1681 387 1741 die
421 1682 719 1742 Trauergemeinde
753 1679 985 1739 eingefunden,
1013 1679 1107 1739 unter

260 1725 372 1785 andern
406 1724 734 1784 Generalintendant
763 1721 813 1781 der
848 1721 1108 1781 Bundestheater

256 1769 514 1829 Schneiderhan,
550 1769 611 1829 vom
685 1763 1091 1823 Unterrichtsministerium

265 1813 514 1873 Ministerialrat
555 1811 622 1871 Dr.
651 1809 787 1869 Wisoks=
816 1809 872 1869 mit
901 1810 980 1870 Sekt
998 1808 1116 1868 onscat

750 1852 1108 1912 Landesamtsdirektor

257 1854 322 1914 Dr.
388 1852 671 1912 Thomasberger,

264 1900 327 1960 Dr.
349 1900 443 1960 Hartl
470 1899 528 1959 mit
555 1897 607 1957 dem
655 1895 919 1955 amtsführenden
956 1893 1114 1953 Stadtrat

264 1942 422 2002 Professor
454 1939 528 1999 Dr.
555 1942 719 2002 Tandler,
751 1942 809 2002 vom
862 1936 1110 1996 Journalisten¬

884 1981 1077 2041 Koneordia

434 1983 768 2043 Schriftstellerverein

261 1987 326 2047 und

265 2028 430 2088 Präsident
486 2026 647 2086 Lipschütz
703 2027 769 2087 mit
825 2024 1102 2084 Vizepräsidenten

260 2073 325 2133 Dr.
351 2070 567 2130 Reichmann,
598 2069 653 2129 vom
705 2067 926 2127 Burgtheater
962 2067 992 2127 in
1028 2061 1113 2121 Ver¬

259 2115 383 2175 tretung
432 2113 486 2173 des
541 2114 713 2174 Direktors
779 2109 951 2169 Wildgans
1001 2106 1114 2166 Ober¬

264 2160 409 2220 regisseur
453 2157 576 2217 Hofrat
620 2157 776 2217 Reimers
831 2153 895 2213 mit
938 2152 1105 2212 Regisseur

259 2202 414 2262 Herterich
459 2201 525 2261 und
570 2199 742 2259 zahlreiche
787 2198 1009 2258 Schauspieler
1060 2196 1109 2256 des

260 2246 494 2306 Burgtheaters
521 2245 579 2305 und
606 2243 723 2303 andrer
751 2240 904 2300 Theater.

349 2297 437 2357 Dann
474 2296 609 2356 bewegte
634 2295 681 2355 sich
711 2296 763 2356 der
788 2294 853 2354 Zug
877 2294 906 2354 zu
942 2291 989 2351 dem
1032 2290 1113 2350 nahe

259 2342 419 2402 gelegenen
464 2339 674 2399 Ehrengrab,
720 2337 780 2397 das
825 2335 874 2395 die
914 2334 1113 2394 israelitische

264 2384 546 2444 Kultusgemeinde
594 2381 732 2441 gestiftet
781 2379 881 2439 hatte.
925 2378 993 2438 Auf
1042 2377 1095 2437 dem

264 2427 351 2487 Wege
383 2426 559 2486 zelebrierte
590 2426 641 2486 der
673 2425 746 2485 erste
777 2422 989 2482 Stadtkantor
1021 2420 1108 2480 Groß

263 2470 302 2530 die
353 2468 631 2528 Trauergesänge.
677 2466 747 2526 Der
798 2465 889 2525 Sarg
945 2464 1010 2524 mit
1061 2460 1111 2520 der

264 2512 402 2572 irdischen
439 2512 536 2572 Hülle
568 2509 681 2569 wurde
718 2506 743 2566 in
785 2506 841 2566 das
883 2506 986 2566 offene
1017 2506 1104 2566 Grab

262 2557 386 2617 gesenkt
414 2556 468 2616 und
502 2557 550 2617 die
588 2554 686 2614 ersten
719 2551 915 2611 Erdschollen
959 2551 1051 2611 fielen
1084 2549 1110 2609 in

263 2602 309 2662 die
339 2602 444 2662 Tiefe.

366 2658 423 2718 Die
451 2663 659 2723 Trauerfeier
692 2664 744 2724 der
771 2661 1011 2721 „Concordia".

334 2706 404 2766 Das
437 2712 605 2772 Präsidium
670 2715 723 2775 des
757 2712 1006 2772 Journalisten=
1055 2712 1114 2772 und

250 2757 625 2817 Schriftstellervereines
668 2757 896 2817 „Concordia"
944 2755 1118 2815 vereinigte

254 2802 296 2862 sich
346 2801 459 2861 gestern
514 2802 540 2862 zu
595 2802 687 2862 einer
709 2799 952 2859 Trauersitzung
980 2799 1033 2859 für
1056 2802 1115 2862 sein

250 2843 634 2903 Ehrenmitglied
705 2843 807 2903 Artur
856 2844 1121 2904 Schnitzler.

257 2888 310 2948 Bei
328 2888 422 2948 diesem
464 2888 563 2948 Amlaß
593 2888 675 2948 sagte
699 2888 870 2948 Präsident
888 2888 1117 2948 Lipschütz:

339 2933 550 2993 „Schnitzlers
571 2933 682 2993 Große
709 2933 814 2993 wurde
841 2933 899 2993 nur
926 2933 1010 2993 durch
1042 2930 1115 2990 seine

256 2978 503 3038 Bescheidenheit
547 2975 742 3035 überboten.
780 2978 828 3038 Er
872 2978 925 3038 hat
969 2978 1017 3038 sich
1066 2976 1109 3036 ein

256 3023 552 3083 Leichenbegängnis
604 3021 707 3081 letzter
736 3020 844 3080 Klasse
890 3017 1027 3077 bstellt,
1073 3017 1118 3077 die

257 3066 332 3126 Welt
376 3064 435 3124 hat
474 3064 528 3124 ihm
594 3064 637 3124 ein
670 3064 980 3124 Leichenbegängnis
1029 3064 1121 3124 erster

255 3110 352 3170 Klasse
380 3109 526 3169 bereitet.
565 3109 646 3169 Sein
679 3109 890 3169 universeller
919 3106 1005 3166 Geist
1049 3108 1124 3168 um¬

254 3152 331 3212 faßte
360 3156 415 3216 alle
438 3154 599 3214 Epochen,
622 3154 727 3214 schritt
750 3154 833 3214 durch
861 3152 922 3212 alle
945 3151 1122 3211 Himmels¬

262 3201 371 3261 striche.
387 3201 426 3261 Er
447 3199 517 3259 war
537 3197 642 3257 daheim
683 3197 708 3257 in
734 3199 783 3259 der
804 3196 1029 3256 wunderlichen
1060 3193 1119 3253 Ge¬

250 3245 462 3305 lehrtenstube
505 3242 563 3302 des
611 3241 807 3301 Paracelsus
882 3241 940 3301 und
993 3240 1020 3300 in
1073 3238 1126 3298 der

250 3288 516 3348 Artistenschenke
538 3288 586 3348 der
608 3282 793 3342 Jakobiner
837 3282 863 3342 in
913 3282 966 3342 den
999 3282 1129 3342 Prunk¬

250 3333 386 3393 räumen
442 3332 497 3392 von
533 3330 750 3390 Schönbrunn
787 3327 841 3387 und
877 3327 903 3387 in
939 3329 988 3389 den
1030 3324 1130 3384 Dach¬

255 3377 386 3437 stübchen
418 3375 534 3435 kleiner
556 3373 687 3433 Wiener
709 3372 925 3432 Midinettes.
942 3372 1041 3432 Jedes
1068 3371 1126 3431 Er¬

250 3423 347 3483 eignis
381 3420 511 3480 drängte
539 3420 582 3480 ihn
616 3419 670 3479 zur
698 3417 905 3477 Gestaltung.
927 3417 971 3477 Er
993 3414 1123 3474 schürfte

254 3466 278 3526 in
314 3464 364 3524 den
400 3463 636 3523 verborgensten
672 3461 782 3521 Tiefen
818 3460 868 3520 der
894 3458 1009 3518 Seele,
1050 3458 1120 3518 auch

253 3509 299 3569 die
325 3508 512 3568 geheimsten
549 3506 725 3566 Regungen
762 3503 891 3563 wurden
928 3503 980 3563 ihm
1027 3503 1130 3563 offen¬

255 3553 327 3613 bar,
364 3552 425 3612 und
472 3550 539 3610 was
566 3551 596 3611 er
617 3550 773 3610 gefunden
804 3548 902 3608 hatte,
939 3545 1073 3605 schenkte
1094 3545 1125 3605 er

254 3596 337 3656 uns,
378 3596 475 3656 heiter
506 3593 663 3653 lächelnd,
703 3593 731 3653 in
782 3590 869 3650 einem
934 3590 1126 3650 glanzenden

258 3638 382 3698 Aperçu
430 3635 501 3695 oder
545 3637 612 3697 mit
651 3635 770 3695 ernster
799 3635 909 3695 Miene
952 3632 980 3692 in
1029 3632 1129 3692 philo¬

263 3680 428 3740 sophischer
455 3679 688 3739 Betrachtung.
730 3676 818 3736 Aber
845 3676 885 3736 die
912 3676 1135 3736 Angelpunkte

271 3724 361 3784 seines
392 3722 558 3782 Schaffens
594 3721 700 3781 waren
736 3721 781 3781 die
807 3721 938 3781 Erotik,
979 3718 1024 3778 die
1075 3718 1130 3778 das

267 3770 357 3830 Leben
393 3769 417 3829 in
448 3769 493 3829 die
519 3766 604 3826 Welt
624 3766 710 3826 ruft,
731 3765 791 3825 und
821 3763 871 3823 der
897 3763 977 3823 Tod,
998 3763 1047 3823 der
1073 3760 1128 3820 das

262 3816 359 3876 Leben
396 3813 540 3873 beendet.
587 3811 783 3871 Schnitzler,
830 3805 886 3865 der
938 3805 1129 3865 zauberische

271 3859 541 3919 Sprachkünstler,
586 3855 623 3915 ist
651 3854 732 3914 ganz
754 3852 818 3912 still
841 3847 1025 3907 geworden,
1069 3849 1127 3909 sein

268 3903 389 3963 Mund,
404 3900 454 3960 der
475 3900 535 3960 uns
561 3899 627 3959 noch
658 3897 753 3957 vieles
779 3895 865 3955 hätte
886 3894 971 3954 sagen
997 3891 1138 3951 konnen,

268 3948 300 4008 ist
322 3945 522 4005 verstummt.
539 3945 603 4005 Der
625 3942 722 4002 große
744 3940 830 4000 Geist
847 3939 884 3999 ist
901 3936 1068 3996 erloschen,
1085 3935 1133 3995 die

263 3993 365 4053 Fackel
388 3992 425 4052 ist
448 3990 692 4050 ausgebrannt.
731 3985 790 4045 Ein
823 3984 910 4044 Licht
933 3981 1073 4041 weniger
1101 3978 1127 4038 in

271 4035 360 4095 diesen
395 4035 501 4095 Zeiten
530 4033 580 4093 der
603 4034 805 4094 Finsternis,
840 4029 935 4089 durch
975 4026 1025 4086 die
1071 4023 1127 4083 wir

271 4079 412 4139 ängstlich
446 4079 592 4139 tappen."

2123 936 2369 996 ERVE

1743 963 2011 1023 OBS

1836 1021 1856 1081 I.
1869 1013 1991 1073 österr.
2000 1006 2151 1066 behördl.
2164 989 2466 1049 konzessioniertes

1793 1057 2030 1117 Unternehmen
2060 1046 2109 1106 für
2131 1030 2513 1090 Zeitungs-Ausschnitte

1846 1111 1994 1171 WIEN,
2021 1111 2072 1171 I.,
2098 1095 2381 1155 WOLLZEILE
2434 1084 2472 1144 11

1945 1161 2167 1221 TELEPHON
2200 1143 2380 1203 R-23-0-43

1769 1315 1982 1375 Ausschnitt
2006 1306 2075 1366 aus
2091 1305 2098 1365 z
2122 1301 2251 1361 Wiener
2275 1281 2466 1341 Extrablaft

2161 1429 2335 1489 24.06

1782 1542 1885 1602 vom:

1794 1622 1857 1682 Das
1890 1622 2198 1682 Leichenbegängnis
2231 1619 2346 1679 Arthur
2379 1616 2558 1676 Schnitzlers

1826 1673 1883 1733 Die
1913 1673 2270 1733 Trauerfeierlichkeiten
2328 1669 2487 1729 begannen
2546 1668 2661 1728 bereits

1790 1718 1915 1778 Freitag
1944 1717 1967 1777 in
1996 1716 2046 1776 den
2075 1714 2406 1774 Vormittagsstunden
2440 1711 2495 1771 mit
2514 1709 2565 1769 dem
2603 1706 2663 1766 Be¬

1788 1766 1845 1826 such
1879 1763 2062 1823 zahlreicher
2091 1760 2336 1820 Leidtragender
2360 1754 2384 1814 im
2432 1756 2668 1816 Trauerhause,

1783 1805 1829 1865 wo
1862 1805 1913 1865 die
1946 1804 2044 1864 Leiche
2077 1805 2265 1865 Schnitzlers
2317 1799 2349 1859 im
2415 1799 2658 1859 Schlafzimmer

1787 1850 1875 1910 neben
1913 1849 2010 1909 seinem
2053 1846 2127 1906 Bett
2150 1845 2342 1905 aufgebahrt
2366 1840 2449 1900 war.
2468 1843 2509 1903 Zu
2543 1842 2649 1902 Füßen

1788 1896 1835 1956 des
1869 1894 1993 1954 Sarges
2027 1893 2075 1953 lag
2105 1891 2147 1951 ein
2182 1890 2286 1950 Kranz
2335 1888 2382 1948 des
2417 1885 2666 1945 Burgtheaters.

1794 1943 1889 2003 Gegen
1920 1939 1990 1999 halb
2015 1937 2045 1997 12
2076 1937 2136 1997 Uhr
2162 1936 2267 1996 wurde
2293 1933 2342 1993 der
2363 1933 2448 1993 Sarg
2479 1930 2650 1990 geschlossen

1783 1986 1843 2046 und
1876 1983 1937 2043 auf
1965 1982 2021 2042 das
2054 1981 2255 2041 Leichenauto
2288 1975 2442 2035 gehoben.
2489 1975 2559 2035 Nun
2597 1973 2662 2033 for¬

1784 2029 1886 2089 mierte
1920 2027 1967 2087 sich
1995 2025 2046 2085 der
2076 2022 2282 2082 Trauerzug,
2301 2019 2395 2079 voran
2433 2018 2489 2078 das
2522 2017 2658 2077 Leichen¬

1782 2073 1856 2133 auto
1909 2069 1974 2129 und
2025 2067 2240 2127 anschließend
2293 2063 2343 2123 die
2372 2061 2474 2121 Autos
2512 2061 2573 2121 mit
2601 2060 2652 2120 den

1783 2115 2028 2175 Trauergästen.
2068 2113 2132 2173 Der
2162 2110 2225 2170 Zug
2255 2107 2333 2167 nahm
2378 2106 2476 2166 seinen
2506 2103 2574 2163 Weg
2604 2103 2638 2163 am

1784 2160 1996 2220 Burgtheater
2026 2154 2134 2214 vorbei
2164 2155 2213 2215 zum
2263 2148 2568 2208 Zentralfriedhofe.
2594 2145 2657 2205 Auf

1780 2205 1828 2265 dem
1877 2200 2170 2260 Zentralfriedhofe
2205 2196 2305 2256 hatten
2345 2192 2392 2252 sich
2427 2192 2658 2252 eingefunden;

1782 2246 1810 2306 in
1843 2243 2034 2303 Vertretung
2067 2240 2113 2300 des
2147 2237 2440 2297 Bundesministers
2474 2234 2520 2294 für
2549 2231 2660 2291 Unter¬

1784 2291 1855 2351 richt
1887 2288 2139 2348 Ministerialrat
2165 2285 2227 2345 Dr.
2248 2282 2459 2342 Wieser=Koch
2491 2281 2552 2341 und
2584 2278 2655 2338 Sek¬

2078 3240 2171 3300 Artur
2198 3239 2360 3299 Schnitzler

1770 3315 1915 3375 tionsrat
1983 3307 2260 3367 Thomasberger,
2329 3308 2642 3368 Generalintendant

1777 3357 2029 3417 Schneiderhan,
2049 3356 2101 3416 für
2126 3353 2178 3413 den
2207 3351 2546 3411 Bundespressedienst
2570 3351 2646 3411 Hof¬

1766 3402 1820 3462 rat
1847 3401 2065 3461 Engelmann,
2106 3397 2160 3457 für
2206 3395 2256 3455 den
2293 3396 2460 3456 erkrankten
2497 3396 2637 3456 Bürger¬

1781 3446 1894 3506 meister
1922 3443 2079 3503 Stadtrat
2101 3440 2241 3500 Tandler
2269 3439 2328 3499 und
2356 3441 2648 3501 Magistratsdirek¬

1776 3491 1823 3551 tor
1856 3491 1963 3551 Hartl,
1987 3488 2104 3548 Hofrat
2128 3484 2273 3544 Reimers
2311 3482 2334 3542 in
2372 3482 2560 3542 Vertretung
2593 3482 2644 3542 des

1772 3533 1930 3593 Direktors
1968 3532 2155 3592 Wildgans,
2197 3527 2341 3587 Direktor
2375 3527 2641 3587 Kommerzialrat

1772 3578 1876 3638 Anton
1909 3577 2082 3637 Geiringer
2123 3570 2150 3630 in
2187 3569 2374 3629 Vertretung
2402 3569 2452 3629 des
2484 3569 2639 3629 Direktors

1776 3618 1836 3678 Dr.
1860 3618 1944 3678 Beer
1996 3617 2089 3677 sowie
2141 3612 2309 3672 zahlreiche
2342 3614 2562 3674 Schauspieler
2595 3611 2641 3671 der

1778 3662 1904 3722 Wiener
1937 3661 2068 3721 Bühnen
2106 3661 2166 3721 und
2199 3656 2395 3716 prominente
2429 3656 2644 3716 Schriftsteller

1778 3707 1836 3767 und
1868 3705 2032 3765 Künstler.
2073 3703 2150 3763 Nach
2183 3699 2232 3759 den
2269 3700 2401 3760 üblichen
2437 3700 2637 3760 Zeremonien

1777 3751 1906 3811 erfolgte
1932 3751 1978 3811 die
2011 3748 2186 3808 Beisetzung
2218 3745 2244 3805 in
2281 3745 2363 3805 einem
2411 3742 2607 3802 Ehrengrab.
