3344 4352
170 291 312 351 12.

366 291 844 351 Schnitzler
912 288 939 348 s
1008 291 1236 351 Death

598 1384 1322 1444 DOBSERVER

694 1422 712 1482 l.
726 1427 846 1487 österr.
860 1435 1013 1495 behördl.
1022 1450 1327 1510 konzessioniertes

639 1467 875 1527 Unternehmen
908 1477 952 1537 für
980 1490 1362 1550 Zeitungs-Ausschnitte

691 1524 837 1584 WIEN,
864 1536 917 1596 I.,
944 1547 1225 1607 WOLLZEILE
1272 1557 1318 1617 11

789 1586 1003 1646 TELEPHON
1041 1599 1218 1659 R-23-0-43

580 1722 805 1782 Ausschnitt
830 1739 1154 1799 Arbeiterzeitung,
1173 1741 1230 1801 Wle

875 1949 915 2009 1.
936 1941 1065 2001 NOV.
1086 1925 1195 1985 137

568 1941 680 2001 vom:

667 2094 704 2154 Es
733 2094 794 2154 war
822 2094 888 2154 eine
912 2092 963 2152 des
992 2091 1127 2151 Dichters
1156 2086 1212 2146 und
1241 2085 1287 2145 des
1316 2084 1466 2144 Menschen

611 2144 760 2204 würdige,
784 2143 966 2203 ergreifende
995 2137 1205 2197 Trauerfeier,
1229 2136 1271 2196 die
1304 2133 1346 2193 die
1375 2133 1472 2193 Ravag

615 2192 651 2252 am
697 2192 838 2252 Sonntag
875 2190 910 2250 um
956 2186 997 2246 die
1034 2185 1270 2245 Mittagsstunde
1303 2180 1348 2240 für
1385 2180 1475 2240 Artur

618 2240 844 2300 Schnitzler
889 2234 1121 2294 veranstaltete.
1162 2230 1227 2290 Den
1268 2228 1474 2288 musikalischen

617 2288 747 2348 Rahmen
785 2285 892 2345 bildete
925 2284 971 2344 der
1000 2281 1196 2341 gemütstiefe
1229 2279 1299 2339 erste
1332 2276 1406 2336 Satz
1430 2276 1481 2336 der

619 2335 941 2395 II=Moll=Symphonie
970 2332 1023 2392 von
1057 2330 1158 2390 Franz
1187 2327 1394 2387 Schubert
1423 2323 1480 2383 und

621 2385 666 2445 das
744 2382 958 2442 erschütternde
1018 2377 1172 2437 Adagietto
1250 2372 1309 2432 aus
1364 2371 1478 2431 Gustav

619 2431 811 2491 Mahlers
850 2429 980 2489 Fünfter
1009 2425 1221 2485 Symphonie,
1265 2420 1317 2480 vom
1361 2419 1481 2479 Wiener

621 2479 946 2539 Symphonieorchester
998 2476 1087 2536 unter
1120 2470 1320 2530 Kabastas
1353 2467 1478 2527 Leitung

624 2530 762 2590 erhebend
796 2526 1005 2586 vorgetragen.
1034 2523 1124 2583 Ernst
1139 2518 1315 2578 Lothars
1349 2515 1487 2575 Trauer¬

621 2578 686 2638 rede
710 2576 775 2636 ging
803 2574 873 2634 weit
897 2573 967 2633 über
995 2571 1042 2631 das
1075 2569 1149 2629 sonst
1173 2568 1280 2628 übliche
1309 2565 1491 2625 Konventio¬

625 2626 697 2686 nelle
729 2624 861 2684 hinaus;
893 2621 924 2681 es
956 2619 1020 2679 war
1056 2619 1097 2679 ein
1133 2616 1283 2676 mutiges,
1306 2614 1397 2674 freies
1429 2612 1487 2672 Be¬

620 2673 756 2733 kenntnis
790 2673 817 2733 zu
851 2670 930 2730 einem
973 2668 1081 2728 großen
1114 2664 1251 2724 Manne,
1270 2664 1359 2724 dessen
1393 2658 1491 2718 dichte¬

625 2722 729 2782 rischer
755 2720 866 2780 Kunst,
886 2718 952 2778 weil
977 2718 1012 2778 sie
1038 2715 1173 2775 erotische
1199 2712 1300 2772 Dinge
1325 2710 1376 2770 bei
1396 2709 1476 2769 ihrem

626 2770 734 2830 Namen
772 2769 805 2829 zu
843 2766 960 2826 nennen
998 2765 1110 2825 wagte,
1140 2762 1202 2822 man
1245 2759 1303 2819 nur
1333 2756 1482 2816 allzugern

1311 2806 1495 2866 Schnitzlers

629 2818 788 2878 unlautere
860 2813 975 2873 Motive
1047 2810 1233 2870 unterschob.

629 2867 773 2927 Dichtung
811 2864 872 2924 war
910 2863 951 2923 ein
989 2860 1152 2920 Dreiklang
1190 2858 1240 2918 von
1283 2855 1358 2915 Tod,
1405 2852 1493 2912 Liebe

633 2916 685 2976 und
739 2913 848 2973 Spiel,
887 2912 934 2972 ihr
983 2908 1218 2968 entscheidender
1266 2901 1343 2961 Sinn
1401 2900 1491 2960 tiefste

633 2962 800 3022 Wahrheit.
825 2960 877 3020 Nie
911 2958 958 3018 hat
988 2956 1035 3016 der
1065 2956 1184 3016 Dichter
1214 2953 1390 3013 literarische
1425 2947 1496 3007 Ver¬

631 3010 804 3070 beugungen
844 3007 897 3067 vor
928 3005 977 3065 dem
1030 3003 1207 3063 Augenblick
1256 2998 1385 3058 gemacht
1438 2995 1495 3055 und

631 3060 723 3120 lange
771 3057 822 3117 vor
869 3055 920 3115 der
967 3052 1247 3112 wissenschaftlichen
1303 3046 1504 3106 Individual¬

632 3108 809 3168 psychologie
861 3103 935 3163 diese
987 3100 1141 3160 dichterisch
1197 3097 1398 3157 empfunden.
1445 3091 1496 3151 Als

635 3156 748 3216 Mensch
785 3152 853 3212 aber
885 3149 949 3209 war
981 3149 1140 3209 Schnitzler
1177 3145 1212 3205 ein
1249 3144 1413 3204 Einklang.
1441 3140 1504 3200 Un¬

639 3204 792 3264 antastbar
824 3202 891 3262 ging
924 3199 955 3259 er
987 3196 1081 3256 seinen
1118 3195 1203 3255 Weg,
1231 3192 1335 3252 erfüllt
1367 3190 1416 3250 von
1453 3189 1497 3249 der

639 3252 720 3312 Güte
748 3250 798 3310 des
830 3248 908 3308 edlen
945 3246 1117 3306 Menschen,
1146 3243 1195 3303 der
1228 3243 1305 3303 nicht
1333 3240 1510 3300 schönfärbt,

644 3300 710 3360 aber
744 3299 810 3359 auch
849 3296 920 3356 nicht
954 3294 1079 3354 höhnisch
1113 3291 1265 3351 schwärzt.
1313 3288 1389 3348 Eine
1423 3285 1494 3345 schön

639 3349 828 3409 gesprochene
865 3345 1065 3405 Aufführung
1120 3340 1169 3400 des
1225 3338 1387 3398 einaktigen
1429 3332 1505 3392 Vor¬

646 3399 730 3459 spiels
768 3392 987 3452 „Paracelsus“
1039 3389 1123 3449 durch
1175 3387 1249 3447 erste
1297 3386 1404 3446 Kräfte
1456 3383 1502 3443 des

637 3446 858 3506 Burgtheaters
896 3441 980 3501 schloß
1019 3438 1066 3498 die
1099 3437 1263 3497 erhebende
1297 3435 1400 3495 Feier.

1473 285 1599 345 box
1671 286 1867 346 44/1

2349 124 2494 184 oderr
2511 120 2607 180 dele
2665 112 2778 172 res

2285 165 2518 225 Unternehmen
2548 159 2596 219 für
2620 151 3000 211 Zeitungs-Ausschnitte

2345 221 2489 281 WIEN,
2515 219 2559 279 I.,
2591 214 2868 274 WOLLZEILE
2913 205 2956 265 11

2440 271 2651 331 TELEPHON
2687 261 2858 321 R-23-0-43

2203 393 2241 453 E.
2256 389 2342 449 trait
2367 386 2400 446 du
2439 379 2612 439 Journal:

2210 497 2226 557 A
2250 494 2382 554 tresea:

2676 564 2695 624 2
2737 548 2991 608 NOV.1931

2235 596 2350 656 late:

2425 697 2613 757 Luzerner
2650 697 2943 757 Stadttheater.

2220 756 2456 816 /Arthur
2487 753 3103 813 Schnitzler=Gedenkfeier

2219 809 2532 869 „Liebelei“,
2560 806 2754 866 Schauspiel
2787 803 2803 863 —
2868 804 2922 864 10.
2955 804 3165 864 November.

2258 865 2298 925 Im
2350 858 2546 918 Vorsprung
2582 858 2638 918 vor
2675 858 2757 918 allen
2793 855 2978 915 Schweizer
3010 855 3148 915 Bühnen

2211 903 2344 963 wurde,
2364 903 2421 963 dem
2469 900 2526 960 vor
2560 900 2632 960 drei
2656 900 2790 960 Wochen
2824 900 2853 960 in
2892 900 2982 960 Wien
3021 899 3159 959 verstor¬

2217 948 2315 1008 benen
2362 947 2496 1007 Arthur
2543 944 2724 1004 Schnitzler
2766 942 2802 1002 am
2869 945 3008 1005 hiesigen
3056 939 3169 999 Thea¬

2212 989 2266 1049 ter
2320 986 2368 1046 ein
2433 986 2667 1046 Gedenkabend
2727 983 2923 1043 gewidmet,
2962 984 2991 1044 zu
3055 983 3153 1043 dessen

2216 1031 2411 1091 Einleitung
2452 1028 2507 1088 der
2538 1028 2562 1088 in
2623 1028 2744 1088 Luzern
2785 1027 2840 1087 von
2876 1028 2991 1088 früher
3022 1028 3077 1088 her
3112 1024 3167 1084 be¬

2217 1074 2294 1134 reits
2341 1073 2505 1133 bekannte
2542 1070 2603 1130 und
2635 1071 2871 1131 hochgeschätzte
2918 1070 3052 1130 Aesthet
3094 1067 3155 1127 und

2213 1117 2434 1177 Dramatiker
2467 1115 2634 1175 Professor
2667 1115 2732 1175 Dr.
2759 1112 2877 1172 Carl
2916 1114 3158 1174 Friedrich

2213 1159 2473 1219 Wiegand,
2496 1156 2625 1216 Zürich,
2648 1154 2702 1214 das
2730 1153 2805 1213 Bild
2838 1153 2892 1213 des
2920 1153 3066 1213 Dichters
3094 1153 3169 1213 ent¬

2214 1201 2316 1261 warf.
2339 1201 2534 1261 Schnitzlers
2567 1198 2827 1258 Zugehörigkeit
2860 1199 2887 1259 zu
2925 1198 2979 1258 den
3018 1197 3169 1257 intellek¬

2218 1243 2336 1303 tuellen
2402 1243 2558 1303 jüdischen
2602 1243 2731 1303 Kreisen
2797 1240 2915 1300 Wiens
2959 1240 3164 1300 beeinflußte

2219 1288 2303 1348 seine
2345 1285 2556 1345 Einstellung
2594 1286 2624 1346 zu
2662 1285 2719 1345 den
2767 1282 3052 1342 Daseinsfragen.
3100 1282 3152 1342 Im

2213 1330 2339 1390 ewigen
2376 1330 2566 1390 Zwiespalt
2598 1327 2740 1387 zwischen
2798 1327 3061 1387 Lebenshunger
3099 1324 3161 1384 und

2217 1374 2465 1434 Todesahnung
2507 1371 2573 1431 war
2605 1368 2656 1428 ihm
2703 1368 2765 1428 das
2797 1368 3169 1428 Berauschungsmittel

2217 1414 2269 1474 die
2296 1414 2391 1474 Liebe
2418 1414 2449 1474 in
2481 1416 2570 1476 ihren
2603 1413 2845 1473 tausendfachen
2899 1413 3173 1473 Spiegelungen,

2218 1458 2281 1518 wie
2313 1458 2350 1518 sie
2383 1458 2435 1518 die
2467 1458 2674 1518 genußfrohe
2733 1455 2860 1515 Kultur
2897 1455 2950 1515 der
2982 1455 3173 1515 vorkriegs¬

2225 1501 2381 1561 zeitlichen
2423 1500 2630 1560 Kaiserstadt
2662 1500 2698 1560 an
2741 1500 2797 1560 der
2850 1497 2974 1557 Donau
3016 1497 3162 1557 aufwies

2220 1544 2291 1604 Mit
2320 1544 2513 1604 Schnitzler,
2542 1542 2635 1602 dessen
2675 1542 2796 1602 spätere
2830 1543 3063 1603 Lebensjahre
3080 1539 3168 1599 durch

2223 1589 2412 1649 familiäres
2477 1587 2682 1647 Mißgeschick
2720 1583 2909 1643 verdüstert
2942 1583 3098 1643 wurden,
3131 1580 3174 1640 ist

2219 1631 2282 1691 mit
2309 1631 2366 1691 dem
2409 1628 2652 1688 meisterhaften
2689 1628 2852 1688 Erzählen
2890 1625 2947 1685 und
2980 1625 3169 1685 wirkungs¬

2226 1675 2328 1735 sichern
2366 1673 2651 1733 Bühnendichter,
2673 1670 2764 1730 dessen
2802 1670 2947 1730 Geltung
2980 1670 3060 1730 weit
3088 1667 3168 1727 über

2220 1715 2272 1775 das
2315 1715 2452 1775 deutsche
2511 1715 2754 1775 Sprachgebiet
2787 1715 3045 1775 hinausdrang,
3078 1712 3167 1772 einer

2219 1759 2273 1819 der
2311 1759 2413 1819 letzten
2457 1759 2586 1819 Zeugen
2625 1756 2683 1816 der
2712 1756 2976 1816 österreichischen
3014 1756 3171 1816 Vergan¬

2224 1804 2359 1864 genheit
2387 1803 2451 1863 und
2485 1801 2538 1861 der
2566 1801 2690 1861 stärkste
2718 1798 3005 1858 Heimatkünstler
3049 1798 3174 1858 Wiens

2219 1847 2517 1907 dahingegangen,
2555 1843 2616 1903 von
2653 1843 2704 1903 dem
2756 1843 2822 1903 noch
2859 1843 2906 1903 ein
2942 1843 3060 1903 reicher
3092 1843 3174 1903 dich¬

2224 1891 2370 1951 terischer
2403 1888 2544 1948 Nachlaß
2588 1886 2641 1946 zur
2674 1885 2983 1945 Veröffentlichung
3027 1885 3167 1945 kommen

2220 1933 2323 1993 wird.
2370 1933 2445 1993 Auf
2474 1930 2560 1990 diese
2601 1930 2733 1990 stofflich
2775 1931 2970 1991 gesättigte,
2994 1930 3167 1990 rhetorisch

2224 1976 2403 2036 glänzende
2441 1974 2505 2034 und
2548 1972 2605 2032 von
2648 1971 2844 2031 Verehrung
2877 1971 2934 2031 für
2967 1971 3025 2031 den
3068 1971 3179 2031 Abge¬

2224 2019 2395 2079 schiedenen
2435 2019 2623 2079 durchglüte
2651 2016 2734 2076 freje
2762 2016 3045 2076 Gedachtnisrede
3073 2015 3172 2075 folgte

2222 2062 2277 2122 die
2326 2062 2553 2122 Aufführung
2609 2062 2712 2122 von/
2727 2061 2927 2121 Schnitzlers
2976 2058 3175 2118 Schauspiel

2226 2106 2415 2166 „Liebelei“

2276 2147 2462 2207 „Liebelei"
2496 2144 2543 2204 ist
2578 2144 2633 2204 der
2675 2146 2821 2206 Anfang
2862 2144 2959 2204 jenes
2993 2144 3171 2204 magischen

2225 2192 2378 2252 Kreises,
2400 2191 2458 2251 der
2485 2189 2579 2249 mehr
2612 2189 2686 2249 oder
2718 2189 2866 2249 weniger
2898 2187 2961 2247 alle
2994 2186 3179 2246 Schöpfun¬

2224 2241 2274 2301 gen
2309 2234 2507 2294 Schnitzlers
2536 2234 2746 2294 umschließt:
2769 2231 2832 2291 Die
2866 2231 2979 2291 Liebe.
3020 2229 3099 2289 Für
3128 2230 3178 2290 die

2224 2279 2313 2339 einen
2346 2279 2382 2339 ist
2409 2276 2445 2336 sie
2473 2276 2578 2336 etwas
2610 2276 2727 2336 zeitlich
2748 2276 2954 2336 Bedingtes,
2965 2273 3023 2333 von
3045 2275 3166 2335 äußern

2231 2324 2350 2384 Dingen
2389 2321 2627 2381 Abhängiges,
2644 2319 2698 2379 für
2726 2318 2774 2378 die
2802 2318 2926 2378 andern
2959 2318 3116 2378 bedeutet
3144 2316 3176 2376 sie

2229 2363 2310 2423 Eins
2343 2362 2401 2422 und
2435 2363 2548 2423 Alles.
2586 2359 2781 2419 Schnitzlers
2814 2360 2981 2420 Menschen
3015 2359 3171 2419 genießen

2224 2407 2283 2467 aus
2316 2407 2419 2467 vollen
2452 2407 2587 2467 Zügen,
2610 2407 2685 2467 aber
2707 2406 2745 2466 sie
2772 2404 2891 2464 zittern
2925 2404 2951 2464 im
2989 2404 3168 2464 Innersten

2224 2450 2285 2510 vor
2316 2449 2372 2509 dem
2419 2449 2614 2509 ungewissen
2651 2449 2758 2509 Ende.
2784 2446 3087 2506 Lavendelgeruch,
3113 2445 3174 2505 wie

2224 2492 2285 2552 aus
2322 2494 2394 2554 lang
2420 2491 2615 2551 verschlossen
2642 2491 2816 2551 gewesenen
2858 2491 3079 2551 Gemächern,
3090 2488 3177 2548 weht

2226 2538 2317 2598 durch
2350 2535 2409 2595 das
2442 2535 2652 2595 Schauspiel.
2675 2535 2787 2595 Diesen
2831 2532 2933 2592 Hauch
2972 2532 3068 2592 leiser
3102 2532 3177 2592 Me¬

2230 2580 2390 2640 lancholie
2441 2577 2524 2637 weiß
2575 2577 2736 2637 Direktor
2792 2574 3170 2634 Falkenhausen

2230 2622 2316 2682 durch
2354 2622 2440 2682 seine
2474 2622 2723 2682 Inszenierung
2761 2619 2994 2679 allenthalben
3038 2619 3178 2679 spürbar

2231 2669 2258 2729 zu
2292 2665 2436 2725 machen.
2459 2664 2563 2724 Unter
2592 2664 2685 2724 dessen
2720 2664 2858 2724 Leitung
2892 2661 2996 2721 bietet
3019 2661 3080 2721 das
3114 2661 3179 2721 noch

2230 2712 2311 2772 ganz
2338 2709 2441 2769 junge
2474 2707 2636 2767 Fräulein
2675 2706 2804 2766 Traute
2838 2705 3076 2765 Reimann
3125 2702 3179 2762 als

2241 2750 2456 2810 „Christine",
2484 2750 2561 2810 ohne
2595 2750 2788 2810 Theaterei,
2817 2747 2933 2807 einfach
2967 2744 3033 2804 und
3061 2744 3182 2804 schlicht

2235 2797 2255 2857 in
2293 2795 2451 2855 Tonfall,
2472 2792 2603 2852 Mienen
2641 2790 2704 2850 und
2741 2791 2978 2851 Bewegungen
3015 2789 3073 2849 und
3105 2786 3173 2846 doch

2230 2837 2375 2897 bildhaft
2403 2837 2468 2897 und
2501 2838 2582 2898 tief,
2604 2835 2653 2895 die
2681 2834 2892 2894 bedeutsame
2941 2831 3055 2891 Probe
3088 2831 3179 2891 eines

2231 2882 2355 2942 schönen
2389 2881 2553 2941 Talents.
2593 2881 2643 2941 Im
2689 2879 2863 2939 Gegensatz
2892 2879 2920 2939 zu
2955 2874 3163 2934 „Christine“

2230 2926 2281 2986 dem
2328 2924 2514 2984 rührenden
2545 2922 2654 2982 Opfer
2680 2922 2773 2982 einer
2800 2921 2965 2981 Liebelei,
2986 2918 3084 2978 wirkt
3111 2915 3187 2975 vor¬

2230 2968 2367 3028 trefflich
2401 2967 2560 3027 Fräulein
2605 2965 2792 3025 Gretelotte
2821 2963 3002 3023 Braxis
3047 2960 3096 3020 als
3130 2959 3179 3019 die

2236 3013 2348 3073 lustige
2383 3010 2489 3070 „Mizi
2518 3009 2716 3069 Schlager",
2739 3007 2789 3067 die
2824 3006 2948 3066 sorglos
3005 3004 3190 3064 auskostet,

2231 3053 2301 3113 was
2334 3053 2387 3113 der
2431 3052 2630 3112 Augenblick
2657 3052 2824 3112 gewährt.
2867 3049 3028 3109 Fräulein
3072 3046 3179 3106 Lei¬

2232 3100 2404 3160 ninger
2440 3094 2589 3154 schildert
2619 3095 2664 3155 die
2694 3096 2901 3156 spitzüngige
2930 3092 3184 3152 Hinterhältig¬

2231 3138 2294 3198 keit
2316 3141 2368 3201 der
2401 3138 2507 3198 „Frau
2539 3136 2687 3196 Binder“
2720 3138 2793 3198 aufs
2820 3135 3069 3195 glaubhafteste

2276 3181 2339 3241 Die
2382 3183 2498 3243 beiden
2551 3180 2857 3240 liebenswürdigen
2917 3181 3191 3241 Müßiggänger,

2231 3229 2373 3289 kurzweg
2410 3225 2463 3285 als
2500 3225 2616 3285 Junge
2648 3225 2747 3285 Leute
2785 3222 2837 3282 vom
2891 3220 3017 3280 Dichter
3049 3220 3185 3280 bezeich¬

2237 3270 2307 3330 net:
2335 3268 2480 3328 „Fritz",
2508 3270 2566 3330 von
2605 3268 2691 3328 Hrn.
2718 3267 2896 3327 Dehler
2929 3264 3091 3324 vielleicht
3124 3263 3188 3323 mit

2235 3313 2317 3373 einem
2365 3312 2458 3372 Gran
2494 3312 2525 3372 zu
2562 3310 2629 3370 viel
2661 3310 2822 3370 haltloser
2874 3309 3196 3369 Empfindsamkeit.

2235 3357 2332 3417 jedoch
2369 3353 2581 3413 sympathisch
2623 3354 2834 3414 verkörpert,
2866 3351 2928 3411 und
2970 3350 3026 3410 der
3068 3350 3181 3410 ehrlich

2231 3400 2273 3460 um
2315 3398 2420 3458 seinen
2452 3398 2583 3458 Freund
2616 3398 2763 3458 besorgte
2795 3393 2984 3453 „Theodor“
3016 3395 3068 3455 des
3100 3392 3189 3452 Hrn.

2231 3442 2431 3502 Giersch,
2462 3440 2713 3500 komplettieren
2753 3439 2808 3499 die
2844 3437 3075 3497 Liebespaare
3115 3437 3185 3497 ent¬

2237 3485 2395 3545 sprechend
2432 3485 2490 3545 der
2523 3483 2808 3543 Verschiedenheit
2840 3482 2934 3542 ihrer
2967 3479 3194 3539 Charaktere,

2230 3527 2318 3587 Eine
2348 3526 2514 3586 vielleicht
2554 3526 2656 3586 etwas
2691 3526 2720 3586 zu
2755 3524 2955 3584 larmoyant
2995 3523 3171 3583 gehaltene

2232 3571 2334 3631 jedoch
2362 3571 2426 3631 gut
2454 3570 2616 3630 geschaute
2644 3570 2752 3630 Figur
2785 3568 2822 3628 ist
2845 3566 3034 3626 Christines
3067 3565 3174 3625 Vater

2236 3613 2288 3673 der
2341 3613 2489 3673 Musiker
2543 3613 2765 3673 „Weiring“,
2804 3610 2856 3670 des
2915 3610 3004 3670 Hrn.
3042 3608 3190 3668 Carl¬

2231 3657 2390 3717 mayr.
2411 3658 2519 3718 Durch
2551 3655 2736 3715 Prägnanz
2762 3655 2818 3715 des
2850 3652 2999 3712 Dialogs
3035 3653 3097 3713 und
3128 3652 3184 3712 der

2241 3700 2357 3760 Mimik
2384 3700 2473 3760 sticht
2501 3699 2563 3759 Hr.
2585 3699 2860 3759 Holznagel
2888 3697 3014 3757 heraus
3047 3695 3099 3755 als
3131 3694 3189 3754 der

2238 3745 2322 3805 Fritz
2348 3741 2402 3801 zur
2433 3741 2653 3801 Rechenschaft
2679 3741 2834 3801 ziehende
2865 3738 3040 3798 betrogene
3071 3738 3170 3798 Gatte

2235 3786 2293 3846 Die
2320 3786 2612 3846 stimmungsechte
2644 3781 3074 3841 „Liebelei“=Aufführung
3112 3782 3180 3842 trug

2230 3828 2289 3888 dem
2343 3828 2520 3888 Ensemble
2556 3828 2639 3888 samt
2664 3825 2871 3885 Spielleiter
2901 3825 2954 3885 den
2989 3825 3181 3885 verdienten

2236 3870 2368 3930 Beifall
2389 3870 2447 3930 des
2477 3873 2594 3933 nahezu
2629 3870 2889 3930 ausverkauften
2924 3869 3046 3929 Hauses
3081 3867 3150 3927 ein.

2280 3915 2454 3975 Schnitzler
2486 3912 2558 3972 war
2584 3912 2614 3972 in
2646 3912 2754 3972 letzter
2786 3912 2857 3972 Zeit
2889 3912 3089 3972 verbittert,
3110 3909 3172 3969 wei

2234 3960 2283 4020 die
2313 3956 2465 4016 Theater
2495 3955 2579 4015 neue
2634 3953 2737 4013 Leute
2772 3956 2988 4016 bevorzugten
3033 3953 3092 4013 und
3132 3953 3181 4013 ihn

2236 4002 2550 4062 vernachlässigten.
2573 3998 2673 4058 Diese
2701 3996 2844 4056 sinkende
2884 3998 2999 4058 Kurve
3028 3996 3105 4056 läßt
3139 3995 3182 4055 sich

2237 4044 2304 4104 auch
2367 4043 2405 4103 an
2472 4043 2592 4103 unserm
2664 4040 2913 4100 Stadttheater
2971 4040 3167 4100 nachweisen

2241 4088 2430 4148 Schnitzler,
2447 4087 2501 4147 der
2528 4085 2641 4145 früher
2669 4085 2729 4145 fast
2751 4085 2778 4145 in
2805 4085 2897 4145 jeder
2924 4082 3092 4142 Spielzeit
3114 4082 3173 4142 auf

2234 4132 2374 4192 geführt
2405 4129 2535 4189 wurde,
2561 4129 2616 4189 kam
2667 4126 2737 4186 hier
2773 4126 2833 4186 mit
2889 4124 2943 4184 dem
2994 4123 3170 4183 Schauspie

3020 4169 3144 4229 uletzte

2289 4177 2347 4237 as
2377 4177 2436 4237 mal
2489 4176 2577 4236 and
2625 4174 2659 4234 in
2695 4172 2800 4232 Aahzs
