3392 4320
191 284 306 344 12.
366 291 850 351 Schnitzler
919 297 957 357 s
1016 297 1248 357 Death

1009 924 1220 984 VER

488 936 847 996 OBSE

586 998 608 1058 I.
622 993 737 1053 österr.
751 987 897 1047 behördl.
911 980 1213 1040 konzessioniertes

537 1039 774 1099 Unternehmen
802 1028 852 1088 für
875 1016 1268 1076 Zeitungs-Ausschnitte

597 1095 742 1155 WIEN,
770 1092 816 1152 I.,
843 1083 1130 1143 WOLLZEILE
1170 1075 1216 1135 11

694 1143 909 1203 TELEPHON
947 1131 1121 1191 R-23-0-43

557 1345 667 1405 Neue
698 1320 829 1380 Paslel

883 1413 1125 1473 18.NO.

439 1572 667 1632 Schnitzler
712 1575 1033 1635 Gedenkfeier.

630 1622 661 1682 1.
685 1628 994 1688 Kammerspielabend
1026 1633 1073 1693 des
1106 1637 1335 1697 Stadttheaters
1367 1634 1398 1694 im

621 1666 737 1726 Blauen
770 1667 849 1727 Saal
877 1670 923 1730 der
957 1673 1171 1733 Mustermesse:
1199 1673 1395 1733 „Anatol"

625 1703 663 1763 ein
697 1706 822 1766 Brevier
852 1709 895 1769 der
925 1709 1006 1769 Liebe
1036 1710 1083 1770 von
1118 1714 1214 1774 Artur
1243 1715 1412 1775 Schnitzler.

625 1740 673 1800 17.
697 1745 861 1805 November
890 1748 972 1808 1931.

443 1782 540 1842 it
568 1790 611 1850 ein
644 1790 714 1850 paar
747 1791 876 1851 Strichen
910 1795 964 1855 hat
991 1796 1100 1856 einmal
1127 1799 1229 1859 Alfred
1263 1797 1338 1857 Kerr
1371 1797 1408 1857 die

431 1823 503 1883 Welt
531 1827 627 1887 Artur
655 1828 829 1888 Schnitzlers
857 1831 1026 1891 gezeichnet,
1049 1834 1136 1894 besser
1164 1835 1209 1895 als
1242 1834 1269 1894 es
1301 1835 1406 1895 Bände

435 1865 492 1925 und
519 1866 602 1926 lange
629 1866 727 1926 Worte
754 1869 780 1929 zu
807 1870 855 1930 tun
882 1872 1055 1932 vermögen,
1073 1876 1143 1936 ganz
1166 1876 1219 1936 aus
1250 1876 1294 1936 dem
1334 1875 1414 1935 indi¬

435 1907 771 1967 viduell-kunstlerischen
812 1909 952 1969 Eindruck
985 1912 1088 1972 beraus
1130 1913 1184 1973 und
1225 1913 1247 1973 im
1298 1914 1411 1974 Gefühl

434 1942 475 2002 des
513 1945 654 2005 einmalig
696 1948 752 2008 und
786 1949 959 2009 einzigartig
997 1951 1170 2011 bestimmten
1213 1954 1404 2014 Lebensstiles

436 1979 521 2039 dieses
553 1987 707 2047 Dichters,
735 1987 780 2047 der
813 1989 916 2049 gestern
958 1988 1021 2048 noch
1058 1990 1112 2050 aus
1145 1993 1407 2053 geheimnisvoller

434 2019 513 2079 Nähe
542 2023 569 2083 zu
602 2025 653 2085 uns
686 2025 774 2085 sprach
802 2025 858 2085 und
886 2027 969 2087 heute
993 2028 1067 2088 schon
1100 2031 1142 2091 bei
1165 2031 1211 2091 den
1245 2031 1333 2091 Toten
1366 2031 1412 2091 ist.

474 2061 609 2121 Blühend
638 2064 688 2124 und
717 2064 814 2124 seltsam
857 2067 1047 2127 erschütternd
1076 2068 1150 2128 durch
1183 2069 1224 2129 die
1253 2070 1406 2130 Kontraste

436 2101 483 2161 von
512 2105 627 2165 Ironie
657 2103 709 2163 und
744 2105 863 2165 Tragik,
883 2106 983 2166 Schein
1018 2109 1070 2169 und
1099 2109 1190 2169 Sein,
1215 2110 1411 2170 Melancholie

303 2922 1007 2982 Schnihler=Bedenhfeier
1047 2905 1082 2965 in
1143 2894 1463 2954 Hamburg.

384 3014 451 3074 Aus
482 3004 707 3064 Hamburg
760 2993 835 3053 wird
866 2989 925 3049 uns
956 2980 1166 3040 geschrieben:
1212 2971 1294 3031 Eine
1317 2967 1459 3027 würdige

277 3062 386 3122 Foier,
409 3060 458 3120 dem
498 3049 658 3109 Andenken
693 3044 791 3104 Artur
814 3037 1002 3097 Schnitzbers
1031 3027 1174 3087 geweiht,
1197 3020 1302 3080 wurde
1330 3016 1385 3076 von
1413 3013 1462 3073 der

276 3109 443 3169 Direktion
476 3104 524 3164 des
557 3099 686 3159 hiesigen
719 3085 1113 3145 Thaliatheaters
1146 3070 1366 3130 veranstaltet.
1388 3061 1469 3121 Ein¬

281 3160 412 3220 geleitet
434 3154 538 3214 wurde
565 3150 613 3210 die
640 3144 728 3204 Feier
755 3137 839 3197 durch
866 3133 934 3193 eine
961 3130 1013 3190 von
1045 3126 1134 3186 Hans
1161 3119 1382 3179 Wengraf
1404 3108 1472 3168 ver¬

285 3209 367 3269 faßte
398 3204 454 3264 und
486 3195 713 3255 eindrucksvoll
755 3183 987 3243 vorgetragene
1014 3170 1297 3230 Gedächtnisvede.
1339 3158 1478 3218 Hierauf

279 3256 408 3316 wurden
443 3251 516 3311 fünf
545 3239 845 3299 „Anatol“=Szenen
880 3227 1083 3287 aufgeführt.
1106 3219 1191 3279 Hans
1226 3210 1395 3270 Wengraf,
1418 3207 1468 3267 der

291 3307 335 3367 für
370 3301 415 3361 die
450 3296 642 3356 Vorstellung
676 3285 858 3345 sorgfältige
893 3274 1097 3334 Regiearbeit
1126 3264 1261 3324 geleistet
1290 3258 1392 3318 hatte,
1415 3253 1471 3313 gab

291 3354 356 3414 auch
384 3346 475 3406 selbst
498 3345 546 3405 den
579 3337 714 3397 Anatol.
753 3329 801 3389 Er
823 3326 931 3386 spielte
975 3321 1045 3381 ihn,
1067 3318 1127 3378 wie
1171 3312 1213 3372 ein
1252 3306 1474 3366 maßgebender

294 3397 489 3457 Hamburger
516 3390 648 3450 Kritiker
670 3381 813 3441 schreibt:
829 3372 1035 3432 „leichtsinnig
1062 3365 1120 3425 und
1147 3362 1215 3422 leise
1237 3353 1480 3413 melancholisch,

296 3447 419 3507 elegant
447 3443 506 3503 und
534 3435 685 3495 skeptisch,
701 3428 863 3488 spielerisch
896 3421 955 3481 und
983 3418 1042 3478 mit
1065 3414 1118 3474 den
1151 3409 1275 3469 Allüren
1308 3401 1394 3461 eines
1422 3397 1480 3457 bei¬

301 3498 380 3558 nahe
405 3493 503 3553 echten
540 3486 717 3546 Herzens".
743 3477 871 3537 Starber
902 3469 1024 3529 Beifall
1050 3464 1159 3524 lohnte
1191 3459 1239 3519 die
1271 3449 1479 3509 vortreffliche

306 3545 528 3605 Aufführung.

1145 3650 1262 3710 1031

679 3668 806 3728 SES
833 3689 1000 3749 EE

1483 282 1610 342 box
1684 280 1876 340 44/1

1461 548 1515 608 und
1547 548 1619 608 Witz
1643 551 1701 611 lebt
1724 553 1797 613 diese
1824 556 1906 616 Welt
1929 557 2001 617 schon
2038 557 2060 617 im
2102 560 2228 620 Anatol,
2252 560 2337 620 diesen
2374 559 2437 619 ent¬

1463 586 1601 646 zückenden
1638 587 1708 647 sechs
1740 591 1878 651 Szenen,
1901 592 1945 652 die
1977 594 2026 654 den
2062 595 2178 655 Dichter
2209 597 2280 657 einst
2308 598 2445 658 berühmt

1461 625 1602 685 machten.
1625 628 1682 688 Auf
1709 631 1748 691 die
1775 631 1855 691 Welt
1878 633 2032 693 Schuberts
2060 634 2148 694 folgte
2175 634 2219 694 die
2241 636 2321 696 Welt
2344 637 2436 697 Artur

1463 664 1647 724 Schnitzlers

1790 670 1894 730 Beides
1928 670 1974 730 ist,
2004 670 2058 730 wie
2088 672 2150 732 eine
2184 676 2276 736 etwas
2311 676 2444 736 vorgrei¬

1461 703 1538 763 fende
1566 705 1648 765 Hand
1677 706 1731 766 auf
1755 707 1800 767 den
1837 711 2047 771 Theaterzettel
2071 712 2190 772 schrieb,
2213 715 2438 775 „verklungenes

1470 739 1560 799 Wien“
1596 741 1605 801 —
1655 744 1700 804 für
1728 746 1773 806 den
1810 747 1895 807 aber,
1919 748 1964 808 der
1992 748 2100 808 Musik,
2123 751 2223 811 Poesie
2251 752 2304 812 und
2337 752 2436 812 Phan¬

1462 779 1528 839 tasie
1555 781 1581 841 in
1612 781 1657 841 sich
1688 784 1780 844 trägt,
1803 785 1865 845 lebt
1887 785 1975 845 dieses
2002 786 2081 846 Wien
2117 789 2139 849 in
2170 788 2218 848 der
2245 791 2435 851 Erinnerung

1462 819 1517 879 und
1548 819 1569 879 in
1604 820 1650 880 der
1681 825 1844 885 Sehnsucht
1870 825 1986 885 weiter,
2008 828 2041 888 ist
2063 828 2118 888 also
2149 830 2226 890 nicht
2252 831 2419 891 verklungen

1463 857 1544 917 wenn
1578 861 1643 921 auch
1672 864 1856 924 vergangen!

1499 907 1559 967 Den
1597 909 1798 969 Mittelpunkt
1831 912 1920 972 dieser
1953 911 2023 971 sechs
2061 915 2271 975 Anatolszenen
2313 918 2435 978 („Frage

1462 947 1494 1007 an
1542 945 1597 1005 das
1649 949 1823 1009 Schicksal“,
1865 951 2089 1011 „Denksteine",
2133 954 2427 1014 „Abschiedssouper“

1469 984 1637 1044 „Episode",
1666 988 1834 1048 „Agonie",
1868 989 2199 1049 „Hochzeitsmorgen")
2234 992 2325 1052 bilden
2369 992 2440 1052 zwei

1469 1022 1550 1082 junge
1580 1025 1747 1085 Menschen,
1774 1028 1816 1088 der
1846 1027 1897 1087 von
1932 1028 2142 1088 wienerischer,
2164 1030 2207 1090 ein
2241 1031 2331 1091 wenig
2366 1032 2421 1092 deka

1462 1061 1556 1121 denter
1587 1064 1776 1124 Schwermut
1802 1067 1974 1127 umflossene
2005 1067 2121 1127 Anatol
2147 1070 2202 1130 und
2234 1070 2285 1130 sein
2320 1072 2448 1132 frischer,

1467 1102 1680 1162 anspornender
1704 1105 1853 1165 Begleiter
1881 1105 1967 1165 Max.
1982 1108 2022 1168 An
2054 1106 2136 1166 ihnen
2164 1109 2241 1169 zieht
2264 1109 2309 1169 das
2337 1109 2446 1169 Schick¬

1469 1139 1508 1199 sal
1531 1140 1588 1200 und
1619 1140 1659 1200 die
1686 1141 1751 1201 füße
1778 1145 2025 1205 Verschiedenheit
2052 1145 2101 1205 von
2132 1148 2202 1208 sechs
2229 1148 2344 1208 Frauen
2379 1147 2445 1207 vor¬

1463 1175 1520 1235 bei,
1543 1177 1595 1237 von
1636 1180 1679 1240 der
1711 1181 1825 1241 lieben,
1852 1182 2125 1242 volksmädelhaften
2161 1184 2280 1244 Gestalt
2311 1186 2355 1246 bis
2391 1185 2434 1245 zur

1465 1216 1693 1276 raubtierhaften
1733 1220 1984 1280 Halbweltdame;
2015 1221 2085 1281 über
2117 1222 2187 1282 allem
2240 1224 2306 1284 aber
2337 1224 2442 1284 strahlt

1462 1252 1510 1312 das
1542 1255 1625 1315 milde
1652 1256 1730 1316 Auge
1757 1258 1836 1318 eines
1868 1261 2083 1321 verstehenden,
2105 1263 2259 1323 lächelnden
2295 1264 2444 1324 Dichters,

1462 1294 1484 1354 in
1511 1294 1594 1354 dessen
1626 1294 1710 1354 Hand
1738 1295 1808 1355 alles
1835 1295 1861 1355 zu
1893 1297 1968 1357 einem
2009 1301 2253 1361 schimmernden,
2271 1303 2444 1363 beschwing¬

1457 1334 1519 1394 ten,
1537 1333 1745 1393 nachdenkliche
1772 1336 1958 1396 Schwermut
1980 1339 2219 1399 zurücklassenden
2251 1341 2339 1401 Spiel
2362 1343 2445 1403 wird.

1460 1372 1605 1432 Hermann
1646 1373 1835 1433 Walling
1866 1375 1932 1435 traf
1959 1377 2038 1437 wohl
2069 1375 2099 1435 am
2144 1377 2249 1437 ehesten
2289 1380 2333 1440 den
2373 1381 2430 1441 Ton

1464 1408 1545 1468 dieses
1573 1410 1722 1470 Milieus.
1741 1412 1777 1472 Er
1800 1415 1954 1475 streichelte
1977 1416 2068 1476 seinen
2100 1416 2213 1476 Anatol
2232 1417 2286 1477 mit
2309 1419 2436 1479 dezenter

1473 1450 1722 1510 Zurückhaltung,
1763 1452 1885 1512 obwohl
1931 1455 2008 1515 seine
2058 1455 2257 1515 Melancholie
2308 1458 2439 1518 zuweilen

1468 1487 1554 1547 etwas
1600 1491 1831 1551 ursprünglicher
1873 1491 1954 1551 hätte
1991 1491 2040 1551 sein
2087 1494 2204 1554 dürfen.
2259 1497 2318 1557 Dem
2373 1497 2445 1557 Max

1464 1526 1581 1586 hauchte
1618 1528 1826 1588 Karl=Robert
1859 1531 2031 1591 Schäfer
2064 1533 2177 1593 frisches
2218 1534 2427 1594 Temperamen

1458 1564 1522 1624 ein;
1540 1567 1600 1627 nur
1622 1567 1716 1627 dürfte
1738 1567 1768 1627 er
1790 1569 1879 1629 etwas
1906 1571 2163 1631 ausgesprochener
2190 1575 2348 1635 wienerisch
2375 1575 2443 1635 sein.

1462 1604 1549 1664 Recht
1577 1606 1651 1666 nett,
1674 1606 1753 1666 wenn
1788 1606 1850 1666 man
1886 1609 1934 1669 von
1965 1610 2044 1670 ihren
2080 1610 2260 1670 sprachlichen
2296 1613 2437 1673 Mangeln

1464 1640 1577 1700 absieht,
1605 1644 1669 1704 war
1701 1644 1806 1704 Yvette
1838 1646 2007 1706 Turner
2040 1646 2085 1706 als
2118 1649 2213 1709 Cora,
2241 1652 2442 1712 überzeugend

1467 1682 1544 1742 Alma
1576 1682 1708 1742 Wallé
1741 1683 1786 1743 als
1814 1684 1942 1744 Emilie,
1961 1688 2339 1748 temperamentsprühend,
2363 1691 2440 1751 wenn

1467 1718 1499 1778 sie
1519 1721 1583 1781 auch
1607 1721 1640 1781 ab
1663 1722 1719 1782 und
1748 1722 1770 1782 zu
1799 1724 1887 1784 etwas
1916 1725 2013 1785 stärker
2037 1727 2116 1787 hätte
2140 1730 2191 1790 sein
2220 1730 2336 1790 dürfen.
2355 1731 2443 1791 Fritzi

1470 1760 1605 1820 Baner
1642 1758 1692 1818 als
1728 1763 1833 1823 Anni;
1870 1764 2024 1824 raffiniert
2056 1766 2156 1826 Irene
2193 1766 2356 1826 Herder
2392 1766 2437 1826 als

1469 1799 1593 1859 Bianca,
1615 1802 1765 1862 anmutig,
1792 1801 1871 1861 wenn
1907 1803 1969 1863 auch
2005 1804 2080 1864 nicht
2107 1805 2164 1865 sehr
2195 1805 2266 1865 stark
2297 1805 2319 1865 im
2364 1807 2447 1867 Aus¬

1461 1837 1536 1897 druck
1569 1837 1653 1897 Erika
1691 1838 1845 1898 Felger
1888 1839 1930 1899 als
1968 1840 2033 1900 Else
2071 1842 2127 1902 und
2165 1844 2249 1904 Erne
2282 1845 2441 1905 Beutel

1470 1876 1564 1936 wurde
1596 1876 1641 1936 der
1669 1879 1769 1939 Ilona
1801 1877 1827 1937 im
1873 1880 2014 1940 köstlichen
2051 1882 2359 1942 „Hochzeitsmorgen“
2396 1884 2449 1944 mit

1472 1914 1560 1974 Verve
1587 1918 1710 1978 gerecht.
1732 1918 1798 1978 Das
1825 1918 1974 1978 Publikum
2019 1921 2115 1981 dankte
2147 1921 2203 1981 mit
2230 1922 2331 1982 starkem
2376 1923 2446 1983 Bei¬

1473 1952 1526 2012 fall
1550 1954 1604 2014 für
1636 1956 1682 2016 die
1714 1957 1806 2017 unter
1838 1957 1970 2017 Herbert
2002 1957 2118 2017 Beckers
2150 1960 2251 2020 Regie
2282 1963 2430 2023 angenehm

1463 1993 1696 2053 dahinfließende
1729 1996 1920 2056 Aufführung
1953 1997 2008 2057 und
2042 1999 2163 2059 bewies,
2192 1999 2238 2059 daß
2275 2001 2322 2061 das
2360 2002 2448 2062 allge¬

1467 2031 1531 2091 mein
1566 2034 1767 2094 Menschliche,
1788 2035 1836 2095 der
1861 2037 2009 2097 geistvolle
2039 2037 2147 2097 Dialog
2177 2038 2235 2098 und
2266 2039 2304 2099 die
2330 2040 2443 2100 psycho-
2473 2050 2541 2110 zitte

1462 2073 1574 2133 logische
1608 2075 1725 2135 Finesse
1758 2073 1847 2133 dieser
1880 2076 2110 2136 Schilderungen
2153 2077 2200 2137 der
2234 2079 2440 2139 Beziehungen

1462 2109 1503 2169 der
1526 2111 1718 2171 Geschlechter
1742 2112 1843 2172 zeitlos
1880 2113 1921 2173 ein
1949 2114 2081 2174 werden.

2297 2122 2340 2182 F.
2359 2121 2408 2181 H.

1789 2306 1979 2366 Russehal
2028 2307 2074 2367 aus

1887 2394 2392 2454 Berliner-Börsenzeitung

2104 2503 2177 2563 Nr.
2281 2503 2457 2563 539

2105 2601 2193 2661 18.
2224 2608 2360 2668 Nov.
2372 2617 2499 2677 1931

1738 2694 2233 2754 SchnitzlerTotenfeier
2287 2694 2347 2754 des
2394 2694 2545 2754 Wiener
2592 2697 2713 2757 Burg¬

1677 2733 1858 2793 theaters.
1902 2731 1997 2791 Unser
2031 2733 2149 2793 Wiener
2179 2732 2460 2792 DrP=Mitarbeiter
2489 2730 2608 2790 schreibt
2637 2732 2713 2792 uns:

1673 2771 1715 2831 Im
1759 2772 1868 2832 Verein
1902 2769 1954 2829 mit
1979 2770 2027 2830 dem
2070 2771 2515 2831 Verbapö/Deutscher
2544 2769 2716 2829 Schrifi¬

1677 2808 1825 2868 steller
1854 2808 1934 2868 hatte
1958 2808 2015 2868 das
2040 2808 2340 2868 Burgthegter
2369 2809 2426 2869 eine
2456 2808 2555 2868 eigene
2589 2809 2717 2869 würdige

1679 2844 1764 2904 Feier
1790 2844 1840 2904 für
1866 2843 1916 2903 den
1947 2846 2184 2906 öserreichischen
2220 2845 2336 2905 Ychter
2362 2846 2574 2906 veranstaltet,
2596 2846 2635 2906 die
2666 2846 2721 2906 mit

1679 2884 1839 2944 Schuberts
1876 2884 2291 2944 unvollendetSnnie
2327 2885 2463 2945 eröffnet
2494 2885 2610 2945 wurde.
2661 2884 2716 2944 Die

1679 2924 1826 2984 Melodien
1856 2922 1946 2982 dieser
1975 2923 2071 2983 Musik
2090 2922 2242 2982 schwecen
2277 2924 2333 2984 noch
2362 2924 2444 2984 durch
2468 2924 2520 2984 das
2545 2922 2649 2982 Haus,
2669 2919 2711 2979 als

1678 2963 1783 3023 Raoul
1808 2961 1938 3021 Aslan
1974 2962 2029 3022 das
2060 2960 2150 3020 Wort
2171 2965 2301 3025 rgriff,
2321 2963 2361 3023 um
2407 2963 2462 3023 mit
2487 2960 2607 3020 ruhiger
2638 2959 2713 3019 Ein¬

1677 3001 1879 3061 dringlichkeit
1919 2999 1967 3059 dieé
2008 3001 2204 3061 Gedenkysde
2249 3001 2283 3061 zu
2333 2999 2485 3059 verlesen,
2520 2999 2569 3059 die
2614 2999 2717 3059 Oskar

1674 3038 1857 3098 Maurus
1902 3038 2139 3098 Fonkana/
2159 3040 2322 3100 Schnitzler
2372 3038 2501 3098 geweiht
2546 3037 2615 3097 hat.
2660 3035 2723 3095 Mit

1675 3076 1830 3136 pvetischem
1877 3076 2018 3136 Klarblick
2047 3077 2173 3137 zeichnet
2198 3079 2338 3139 Fontana
2372 3077 2427 3137 das
2461 3075 2559 3135 Wesen
2593 3073 2724 3133 Schnitz¬

1678 3115 1750 3175 lers,
1778 3114 1901 3174 unseres
1938 3114 2051 3174 Lebens
2083 3116 2343 3176 Puppenspieler,
2366 3115 2393 3175 er
2426 3115 2562 3175 schildert
2590 3112 2635 3172 ihn
2672 3110 2712 3170 als

1678 3154 1914 3214 österreichischen
1951 3154 2124 3214 Menschen,
2152 3154 2201 3214 der
2238 3154 2370 3214 zwischen
2407 3151 2511 3211 Schein
2548 3151 2607 3211 und
2640 3151 2712 3211 Sein

1681 3192 1808 3252 pendelt,
1835 3191 1884 3251 von
1924 3192 2007 3252 tiefer
2044 3193 2242 3253 Melancholie
2274 3190 2379 3250 erfüllt
2407 3190 2442 3250 ist
2473 3190 2530 3250 und
2562 3190 2619 3250 doch
2655 3187 2703 3247 vom

1685 3231 1782 3291 Wissen
1813 3230 1843 3290 um
1879 3230 1928 3290 den
1955 3231 2034 3291 Sinn
2061 3229 2105 3289 des
2132 3230 2263 3290 Lebens,
2277 3232 2321 3292 der
2344 3230 2427 3290 Liebe
2454 3229 2506 3289 und
2534 3229 2714 3289 Verzeihung

1678 3269 1773 3329 heißt.
1819 3270 1923 3330 Wien,
1951 3265 1991 3325 die
2028 3267 2123 3327 Stadt
2151 3267 2200 3327 des
2233 3269 2405 3329 Traumes,
2432 3265 2469 3325 ist
2496 3264 2600 3324 ebenso
2633 3266 2714 3326 innig

1683 3307 1739 3367 mit
1758 3307 1933 3367 Schnitzlers
1961 3306 2044 3366 Werk
2066 3303 2216 3363 verhaftet
2239 3305 2287 3365 wie
2309 3306 2361 3366 das
2388 3306 2467 3366 Wien
2499 3305 2543 3365 der
2570 3303 2723 3363 Operette,

1678 3347 1726 3407 das
1753 3345 1784 3405 er
1811 3346 1868 3406 mit
1890 3345 1961 3405 Zorn
1997 3345 2049 3405 und
2076 3345 2173 3405 Spott
2196 3343 2341 3403 übergoß.
2364 3345 2434 3405 Aber
2461 3344 2536 3404 seine
2563 3342 2708 3402 Gestalten

1678 3386 1730 3446 aus
1762 3384 1810 3444 dem
1851 3384 1938 3444 Volke
1966 3382 2023 3442 sind
2050 3382 2111 3442 hell
2134 3382 2186 3442 und
2218 3383 2377 3443 glänzend.
2399 3382 2558 3442 Schnitzler
2585 3379 2646 3439 war
2674 3376 2713 3436 ein

1679 3425 1808 3485 Mensch,
1826 3423 1879 3483 der
1906 3421 2007 3481 unsere
2039 3421 2119 3481 Welt
2141 3420 2198 3480 mit
2221 3420 2327 3480 wachen
2359 3420 2460 3480 Augen
2492 3420 2558 3480 sah,
2581 3418 2620 3478 ihr
2652 3417 2718 3477 aber

1681 3459 1755 3519 nicht
1787 3461 1866 3521 mehr
1897 3458 2074 3518 angehörte.
2118 3458 2255 3518 Deshalb
2291 3458 2334 3518 lag
2370 3458 2555 3518 Einsamkeit
2587 3456 2622 3516 um
2671 3455 2714 3515 ihn

1683 3500 1732 3560 und
1769 3500 1809 3560 ein
1846 3498 2124 3558 Abschiednehmen.
2152 3496 2215 3556 Mit
2247 3496 2338 3556 seiner
2370 3496 2457 3556 Tiefe
2485 3495 2571 3555 aber,
2594 3494 2634 3554 die
2671 3491 2716 3551 sich

1675 3536 1830 3596 besonders
1866 3536 1914 3596 bei
1946 3536 1994 3596 der
2026 3536 2194 3596 Zeichnung
2235 3536 2283 3596 der
2314 3533 2585 3593 Frauengestalten
2621 3533 2718 3593 offen¬

1678 3577 1761 3637 bart,
1784 3577 1876 3637 rührt
1898 3574 1928 3634 er
1956 3572 1990 3632 an
2026 3575 2162 3635 Ewiges.
2207 3573 2264 3633 Die
2295 3572 2378 3632 Feier
2410 3572 2510 3632 wurde
2538 3571 2621 3631 durch
2652 3568 2713 3628 eine

1676 3615 1915 3675 ausgezeichnete
1947 3611 2141 3671 Aufführung
2172 3612 2221 3672 des
2253 3611 2411 3671 Einakters
2447 3611 2540 3671 „Die
2567 3608 2713 3668 letzten

1677 3654 1871 3714 Masken“
1904 3652 2089 3712 beschlossen,
2113 3650 2139 3710 in
2181 3650 2231 3710 dem
2277 3648 2322 3708 sich
2358 3650 2535 3710 Schnitzlers
2567 3647 2717 3707 Eigenart

1673 3690 1792 3750 deutlich
1819 3688 1973 3748 kundgibt.
2014 3688 2076 3748 Der
2103 3686 2323 3746 Todgeweihte,
2341 3685 2390 3745 der
2417 3685 2461 3745 als
2492 3684 2567 3744 letzte
2594 3684 2717 3744 Genug¬

1680 3729 1770 3789 tuung
1802 3728 2001 3788 herbeisehnt,
2024 3727 2119 3787 seinem
2161 3726 2360 3786 Widersacher
2388 3723 2428 3783 die
2460 3724 2641 3784 Niedrigkeit
2664 3720 2709 3780 des

1681 3765 1788 3825 Lebens
1823 3766 2044 3826 vorzuhalten,
2074 3763 2255 3823 verstummt
2290 3763 2315 3823 im
2372 3761 2536 3821 Angesichte
2571 3758 2622 3818 der
2657 3756 2717 3816 Ge¬

1677 3805 1889 3865 wöhnlichkeit,
1913 3805 1980 3865 denn
2012 3802 2057 3862 der
2085 3802 2230 3862 Wissende
2257 3801 2307 3861 hat
2335 3801 2388 3861 mit
2412 3800 2457 3860 dem
2502 3799 2593 3859 Leben
2625 3797 2715 3857 dieser

1678 3842 1750 3902 Erde
1790 3843 1884 3903 nichts
1923 3841 2004 3901 mehr
2039 3841 2172 3901 gemein.
2225 3841 2284 3901 Die
2324 3838 2504 3898 Darsteller,
2535 3837 2586 3897 vor
2621 3836 2698 3896 allem

1680 3879 1819 3939 Onno,
1843 3878 1960 3938 Marr
1988 3877 2044 3937 und
2072 3879 2338 3939 Hartmann,
2362 3876 2465 3936 trugen
2493 3876 2563 3936 dazu
2591 3874 2651 3934 bei,
2671 3873 2712 3933 die

1683 3917 1773 3977 Hörer
1810 3918 1864 3978 zum
1915 3917 2092 3977 Miterleben
2134 3916 2160 3976 zu
2203 3915 2343 3975 bringen.
2389 3914 2457 3974 Das
2494 3913 2567 3973 dicht
2599 3912 2708 3972 gefüllt

1682 3957 1762 4017 Haus
1792 3957 1925 4017 huldigte
1950 3957 1973 4017 in
2003 3957 2160 4017 feierlichem
2204 3954 2371 4014 Schweigen
2400 3954 2447 4014 dem
2486 3952 2562 4012 toten
2592 3951 2725 4011 Dichter.
