3344 4352
1493 297 1616 357 box
1696 301 1889 361 44/1

205 309 333 369 12.

919 309 974 369 s
1043 307 1269 367 Death

385 309 813 369 Schnitzle

173 1697 217 1757 as
248 1700 359 1760 machte
385 1700 410 1760 ja
440 1700 520 1760 nicht
541 1700 652 1760 zuletzt
673 1700 723 1760 den
754 1700 880 1760 Dichter
905 1699 930 1759 in

988 1701 1040 1761 dem
1084 1703 1175 1763 Wege
1200 1703 1378 1763 gegangen.
1398 1703 1489 1763 Diese
1514 1703 1759 1763 schnitzlerischen
1793 1700 2005 1760 Variationen

222 1739 311 1799 Aber
339 1739 385 1799 nie
409 1739 484 1799 darf
503 1739 568 1799 man
601 1740 774 1800 vergessen,
793 1739 844 1799 daß
872 1740 937 1800 hier

992 1741 1019 1801 in
1052 1741 1182 1801 d=Moll
1211 1739 1285 1799 über
1313 1739 1369 1799 das
1402 1739 1518 1799 Thema
1551 1741 1649 1801 Leben
1687 1740 1742 1800 und
1775 1740 1845 1800 Tod
1873 1739 2003 1799 wurden

191 1780 323 1840 ynthese
353 1777 404 1837 das
440 1777 532 1837 Werk
562 1780 671 1840 schafft
696 1779 758 1839 und
794 1777 845 1837 daß
881 1779 938 1839 mit

994 1780 1053 1840 mit
1083 1780 1136 1840 der
1166 1781 1298 1841 gleichen
1338 1779 1505 1839 Zartheit,
1530 1780 1603 1840 aber
1638 1780 1706 1840 auch
1741 1780 1800 1840 mit
1830 1780 1883 1840 der
1913 1781 2005 1841 gleich

184 1813 213 1873 sid
255 1816 493 1876 mißbrauchten
529 1816 666 1876 Begriff
702 1818 752 1878 der
794 1819 945 1879 „Psycho¬

992 1819 1090 1879 hohen
1120 1820 1325 1880 Musikalität
1350 1819 1492 1879 gespielt,
1512 1819 1571 1879 wie
1596 1819 1644 1879 der
1674 1819 1845 1879 Schubert.
1880 1819 1929 1879 Da
1959 1817 2007 1877 be¬

183 1858 286 1918 Unfug
316 1858 468 1918 getrieben
503 1858 620 1918 werden
651 1858 753 1918 sollte.
788 1857 882 1917 Denn
912 1856 936 1916 so

990 1862 1073 1922 griff
1097 1858 1162 1918 man
1195 1858 1275 1918 ohne
1299 1858 1467 1918 weiteres,
1486 1858 1541 1918 daß
1570 1858 1598 1918 es
1631 1858 1696 1918 hier
1725 1858 1804 1918 nicht
1828 1858 1865 1918 um
1913 1858 2005 1918 etwas

195 1897 309 1957 messen
344 1897 377 1957 an
411 1897 722 1957 Schicksalskämpfen
757 1897 809 1957 des
843 1893 939 1953 Men¬

988 1900 1078 1960 geht,
1098 1897 1161 1957 was
1195 1897 1367 1957 Schnitzler
1397 1897 1545 1957 geradezu
1580 1897 1700 1957 gehaßt
1725 1900 1791 1960 hat,
1816 1899 1873 1959 also
1903 1898 2013 1958 nicht

203 1933 375 1993 Ehrennot
400 1933 488 1993 eines
516 1935 633 1995 kleinen
666 1936 843 1996 Leutnants
877 1936 932 1996 von

992 1936 1028 1996 um
1071 1935 1122 1995 den
1155 1936 1340 1996 Einfall
1364 1936 1415 1996 des
1443 1937 1610 1997 geschickten
1643 1938 1824 1998 Literaten,
1843 1938 1889 1998 der
1918 1938 2001 1998 einen

188 1971 245 2031 sag,
265 1974 336 2034 geht
361 1974 389 2034 es
419 1971 480 2031 doch
510 1973 548 2033 um
587 1974 663 2034 echte
688 1975 826 2035 Tragik.
861 1975 932 2035 Daß

991 1974 1194 2034 Sterbenden
1236 1974 1262 2034 in
1299 1974 1348 2034 die
1381 1974 1462 2034 Lage
1494 1976 1634 2036 versetzt,
1662 1976 1698 2036 am
1748 1977 1906 2037 Lebenden
1943 1976 2001 2036 sein

221 2013 265 2073 die
295 2013 378 2073 Ehre
413 2013 481 2073 auch
516 2013 585 2073 ihre
615 2013 786 2073 besondere
816 2012 938 2072 Tragi¬

990 2013 1093 2073 letztes
1128 2013 1270 2073 Gefühl,
1295 2019 1521 2079 Rachegefühl,
1546 2017 1575 2077 zu
1615 2016 1688 2076 üben
1728 2016 1786 2076 und
1826 2016 1914 2076 dabei
1944 2018 2007 2078 eine

215 2051 345 2111 tragen,
364 2052 415 2112 hat
439 2052 559 2112 Arthur
588 2052 755 2112 Schnitzler
783 2052 848 2112 nach
881 2052 927 2112 den

997 2055 1113 2115 Pointe
1137 2057 1165 2117 zu
1194 2055 1376 2115 gewinnen.

197 2094 225 2154 in
264 2091 311 2151 den
351 2094 567 2154 Aphorismen
615 2091 937 2151 schopenhauerischer

1076 2106 1180 2166 Wenig
1216 2109 1357 2169 bekannt
1388 2112 1554 2172 geworden
1595 2113 1634 2173 ist
1665 2115 1710 2175 ein
1751 2118 2007 2178 philosophischer

190 2130 200 2190 t
225 2132 308 2192 nicht
334 2133 387 2193 für
417 2133 466 2193 den
506 2133 639 2193 engeren
674 2133 748 2193 Fall
778 2133 837 2193 und
872 2133 940 2193 eine

992 2150 1082 2210 Essay
1112 2150 1322 2210 Schnitzlers:
1346 2151 1427 2211 „Der
1456 2150 1543 2210 Geist
1567 2153 1590 2213 im
1634 2153 1739 2213 Wort,
1763 2153 1820 2213 und
1850 2153 1897 2213 der
1921 2152 2012 2212 Geist

200 2170 339 2230 wollen.
369 2171 445 2231 Das
475 2171 541 2231 eben
571 2171 672 2231 bleibt
691 2171 715 2231 ja
744 2171 860 2231 immer
884 2171 937 2231 das

992 2191 1020 2251 in
1054 2189 1106 2249 der
1136 2189 1226 2249 Tat.“
1270 2187 1317 2247 In
1356 2192 1433 2252 zwei
1457 2194 1691 2254 Diagrammen
1730 2194 1912 2254 (Schnitzler
1941 2193 2008 2253 war

191 2210 215 2270 je
236 2210 286 2270 der
307 2212 482 2272 Einzelfall
503 2210 523 2270 in
554 2210 608 2270 das
634 2210 800 2270 menschlich
826 2209 936 2269 Ganze

988 2228 1057 2288 auch
1091 2228 1427 2288 Spinoza=Schüler!)
1456 2231 1511 2291 hat
1535 2231 1586 2291 er,
1610 2231 1638 2291 in
1676 2235 1703 2295 je
1732 2234 1815 2294 zwei
1839 2234 2003 2294 Dreiecken

251 2249 295 2309 Im
340 2250 502 2310 Angesicht
528 2249 576 2309 des
611 2249 700 2309 durch
730 2249 779 2309 den
814 2248 936 2308 Ehren¬

994 2270 1053 2330 mit
1078 2270 1171 2330 ideell
1196 2270 1530 2330 unüberschreitbarer
1560 2273 1673 2333 Basis,
1693 2276 1830 2336 gezeigt,
1851 2273 1914 2333 was
1949 2274 1993 2334 ihm

172 2285 205 2345 n
234 2288 455 2348 Selbstmords
489 2288 575 2348 eines
609 2290 724 2350 jungen
764 2288 946 2348 Menschen,

988 2307 1038 2367 bei
1062 2310 1141 2370 Tat=
1170 2309 1230 2369 und
1259 2312 1506 2372 Wortmenschen
1540 2312 1586 2372 als
1615 2312 1745 2372 positive
1774 2315 1834 2375 und
1863 2314 2007 2374 negative

244 2327 360 2387 Fasern
412 2327 463 2387 der
511 2327 665 2387 gesunden
712 2327 824 2387 Natur
872 2327 923 2387 dem

994 2348 1097 2408 Typen
1127 2347 1250 2407 gelten.
1286 2349 1339 2409 Da
1364 2350 1443 2410 steht
1463 2350 1512 2410 ihm
1557 2350 1606 2410 der
1636 2353 1759 2413 Literat
1784 2353 1922 2413 zunächst
1947 2353 1996 2413 dem

183 2365 271 2425 haftet
296 2365 345 2425 ist,
365 2365 453 2425 fallen
488 2365 542 2425 alle
567 2366 680 2426 Hüllen
715 2366 793 2426 aller
818 2363 936 2423 Gesetze

994 2389 1124 2449 Teufel,
1143 2389 1241 2449 genau
1269 2389 1297 2449 in
1325 2389 1376 2449 der
1400 2390 1628 2450 Entfernung,
1647 2392 1703 2452 wie
1727 2392 1782 2452 auf
1806 2392 1857 2452 der
1881 2391 2011 2451 Gegen¬

188 2404 250 2464 ns.
285 2405 453 2465 Leutnant
478 2406 589 2466 Gustl,
604 2407 757 2467 gekränkt
782 2404 868 2464 durch
898 2404 941 2464 die

992 2428 1065 2488 seite
1095 2429 1149 2489 der
1183 2431 1310 2491 Dichter
1346 2430 1375 2490 zu
1410 2428 1492 2488 Gott
1532 2432 1625 2492 steht.
1669 2429 1733 2489 Die
1763 2431 1914 2491 Stellung
1954 2430 2003 2490 des

183 2446 290 2506 Aumpe
314 2446 529 2506 Beleidigung
562 2446 646 2506 eines
674 2445 932 2505 Bäckermeisters

987 2468 1216 2528 Journalisten
1251 2468 1274 2528 im
1318 2470 1500 2530 Diagramm
1548 2470 1634 2530 „Der
1659 2471 1750 2531 Geist
1774 2471 1826 2531 des
1856 2471 1984 2531 Wortes

186 2485 447 2545 hertgarderobe,
467 2485 623 2545 durcheilt
649 2486 673 2546 im
718 2485 933 2545 Seelenfluge

992 2508 1047 2568 und
1076 2508 1132 2568 auf
1156 2509 1207 2569 der
1235 2509 1399 2569 negativen
1432 2509 1633 2569 Dreieckseite
1662 2511 1694 2571 ist
1718 2512 1783 2572 nach
1812 2510 2003 2570 Schnitzlers

181 2518 204 2578 si
232 2522 293 2582 von
335 2524 391 2584 der
428 2525 718 2585 Lebensbejahung
760 2524 811 2584 bis
863 2525 918 2585 zum

992 2547 1120 2607 Worten
1154 2547 1182 2607 zu
1216 2548 1378 2608 bemessen.
1408 2547 1479 2607 Das
1509 2550 1689 2610 eigentliche
1714 2550 1910 2610 „satanische"
1939 2549 2010 2609 Ele¬

175 2560 240 2620 Auf
262 2563 311 2623 sich
339 2566 442 2626 selbst.
480 2565 583 2625 Wenn
616 2564 648 2624 er
676 2562 768 2622 hört,
791 2562 845 2622 daß
878 2562 931 2622 sein

990 2589 1095 2649 ment,
1114 2589 1166 2649 das
1200 2586 1228 2646 er
1253 2588 1319 2648 nach
1349 2589 1449 2649 seiner
1478 2590 1664 2650 Auffassung
1693 2592 1721 2652 in
1751 2592 1879 2652 puncto
1908 2592 1989 2652 „Tat

182 2601 281 2661 sötzlich
323 2601 378 2661 von
429 2601 514 2661 einem
566 2601 792 2661 Schlaganfall
828 2602 938 2662 gefällt

990 2628 1166 2688 gemeinsam
1211 2628 1270 2688 mit
1290 2628 1339 2688 dem
1379 2628 1535 2688 Politiker
1565 2629 1703 2689 darstellt
1733 2631 1845 2691 (wobei
1866 2631 2007 2691 satanisch

184 2644 261 2704 sichzt
282 2643 333 2703 das
364 2643 602 2703 Lebensgefühl
623 2643 648 2703 in
680 2643 726 2703 ihm
768 2642 835 2702 auf.
872 2642 933 2702 Die

988 2664 1066 2724 etwa
1114 2665 1263 2725 bedeutet
1305 2668 1604 2728 mephistophelische
1651 2670 1907 2730 Ueberwertung
1955 2670 2010 2730 zu¬

184 2682 297 2742 MNatur
318 2682 442 2742 schreit,
458 2683 608 2743 beglückt,
630 2682 676 2742 ihr
702 2682 795 2742 Recht
816 2682 935 2742 hinaus

985 2706 1162 2766 ungunsten
1200 2706 1250 2766 des
1288 2709 1498 2769 Faustischen)
1536 2706 1615 2766 wird
1662 2711 1844 2771 gewandelt
1873 2709 1900 2769 in
1943 2709 1989 2769 dem

178 2721 206 2781 je
226 2721 273 2781 ihr
298 2721 413 2781 wieder
437 2721 567 2781 gehören
601 2721 687 2781 darf.
716 2721 807 2781 Aber
831 2721 931 2781 keinen

992 2746 1106 2806 Typus
1146 2745 1197 2805 des
1231 2747 1365 2807 „großen
1404 2747 1677 2807 Journalisten",
1701 2747 1754 2807 der
1788 2750 1917 2810 „häufig
1951 2749 2003 2809 den

178 2759 217 2819 ird
247 2757 345 2817 dieser
370 2759 508 2819 Jugend
538 2759 621 2819 klar,
646 2761 700 2821 daß
735 2759 783 2819 ihr
814 2756 936 2816 Ehren¬

992 2785 1106 2845 Typus
1135 2786 1307 2846 Historiker
1337 2786 1595 2846 (Kontinualist),
1615 2789 1792 2849 manchmal
1816 2789 1864 2849 den
1893 2789 2003 2849 Typus

195 2798 271 2858 aufs
295 2798 429 2858 schärfste
454 2800 607 2860 getroffen
637 2797 689 2857 ist.
719 2798 814 2858 Denn
844 2798 929 2858 wenn

992 2825 1121 2885 Dichter
1146 2825 1434 2885 repraesentiert“.
1473 2826 1559 2886 Aber
1589 2828 1641 2888 für
1671 2828 1723 2888 den
1757 2828 1935 2888 Literaten,
1959 2828 2007 2888 der

190 2837 352 2897 bleibende
382 2837 475 2897 Griff
500 2837 583 2897 eines
613 2840 774 2900 ehrsamen
809 2836 936 2896 Bäcker¬

992 2862 1061 2922 nie,
1085 2863 1145 2923 wie
1173 2861 1229 2921 der
1262 2864 1401 2924 Dichter,
1434 2867 1597 2927 Gestalter
1639 2867 1699 2927 und
1732 2867 1913 2927 Bewahrer
1947 2867 2002 2927 aus

201 2879 285 2939 einem
327 2879 634 2939 Dragonerpallasch
667 2879 727 2939 nur
761 2879 844 2939 durch
877 2876 928 2936 den

987 2903 1126 2963 innerer
1170 2903 1433 2963 Notwendigkeit
1472 2903 1524 2963 ist,
1563 2906 1664 2966 kennt
1703 2909 1876 2969 Schnitzler
1924 2906 2010 2966 keine

190 2918 299 2978 werden
336 2918 445 2978 konnte
477 2916 486 2976 —
541 2918 595 2978 hat
619 2918 700 2978 dann
737 2917 787 2977 der
819 2916 937 2976 Ueber¬

994 2944 1132 3004 Gnade:
1156 2944 1247 3004 „Dem
1291 2944 1448 3004 Literaten
1482 2945 1520 3005 ist
1544 2945 1591 3005 die
1621 2944 1711 3004 Welt
1740 2947 1822 3007 nicht
1846 2947 1860 3007 a
1894 2947 2008 3007 priori

183 2953 269 3013 fühne
298 2956 485 3016 vollzogen?
528 2956 681 3016 Sündigt
707 2956 739 3016 er
769 2956 826 3016 nun
860 2956 941 3016 nicht

997 2983 1159 3043 Material
1198 2983 1252 3043 für
1292 2983 1350 3043 sein
1390 2983 1502 3043 Werk.
1552 2982 1600 3042 Er
1650 2985 1689 3045 ist
1723 2986 1880 3046 vielmehr
1930 2986 2007 3046 auf

193 2998 302 3058 geheim
341 3000 432 3060 gegen
461 2998 547 3058 jenen
582 2997 807 3057 Ehrenkodex,
822 2996 874 3056 den
903 2994 936 3054 er

990 3022 1147 3082 Stoffe
1177 3022 1265 3082 aus.“
1315 3025 1389 3085 (Die
1419 3025 1448 3085 er
1478 3025 1645 3085 zugunsten
1680 3025 1778 3085 seiner
1808 3025 2000 3085 Produktion

185 3037 204 3097 r
238 3036 295 3096 mit
324 3037 376 3097 dem
425 3037 530 3097 Säbel
559 3037 587 3097 im
636 3037 836 3097 Zweikampf
865 3033 937 3093 ver¬

990 3061 1162 3121 ausnützen
1197 3062 1334 3122 könnte.)
1369 3064 1491 3124 „Seine
1516 3064 1693 3124 Erlebnisse
1718 3066 1782 3126 sind
1807 3067 1855 3127 ihm
1895 3064 2007 3124 Mittel

218 3073 415 3133 Wesentliche
450 3076 544 3136 dieser
579 3075 830 3135 Tragikomödie
865 3073 938 3133 aber

990 3102 1044 3162 zum
1084 3100 1211 3160 Zweck.“
1256 3100 1546 3160 Charakteristisch:
1567 3103 1610 3163 die
1636 3104 1783 3164 Neigung
1813 3105 1862 3165 zur
1887 3104 1995 3164 Selbst

171 3115 215 3175 m
255 3115 431 3175 Zufälligen
466 3115 515 3175 der
540 3115 629 3175 Kaste
659 3115 683 3175 in
713 3113 766 3173 das
796 3112 938 3172 Mensch¬

988 3141 1210 3201 bespiegelung
1239 3141 1306 3201 auch
1331 3141 1355 3201 im
1394 3141 1509 3201 starken
1539 3141 1712 3201 Erlebnis.

183 3149 298 3209 hliche.
332 3153 403 3213 Daß
433 3153 494 3213 dies
524 3153 581 3213 mit
606 3153 653 3213 dem
692 3150 931 3210 überschatteten

193 3190 259 3250 lers
289 3192 489 3252 hervortrat,
504 3195 537 3255 ist
562 3194 604 3254 ein
633 3192 805 3252 Verdienst
825 3191 935 3251 Stein¬

1062 3210 1209 3270 Hieraus
1245 3209 1279 3269 ist
1311 3208 1356 3268 die
1397 3210 1626 3270 erschütternde
1662 3213 1911 3273 Tragikomödie
1952 3212 2007 3272 der

185 3231 222 3291 ich
260 3234 473 3294 anfänglichen
506 3231 725 3291 Hemmungen
763 3233 823 3293 und
856 3231 934 3291 ohne

992 3249 1092 3309 letzten
1131 3249 1294 3309 Masken,
1319 3249 1366 3309 die
1400 3249 1423 3309 in
1462 3249 1515 3309 der
1554 3252 1775 3312 Todesstunde
1809 3252 1923 3312 fallen,
1948 3251 2010 3311 erst

195 3271 469 3331 Dramatisierung
498 3273 549 3333 das
578 3273 675 3333 kleine
699 3270 880 3330 Kunstwerk
904 3270 927 3330 in

991 3288 1059 3348 voll
1078 3290 1109 3350 zu
1141 3291 1296 3351 verstehen
1329 3288 1383 3348 und
1411 3289 1442 3349 zu
1475 3291 1657 3351 würdigen.
1694 3291 1757 3351 Bei
1780 3291 1835 3351 der
1858 3291 2008 3351 wunder¬

186 3314 226 3374 ser
253 3312 391 3372 Sprache
418 3313 479 3373 und
511 3315 572 3375 Art
599 3315 840 3375 ausgezeichnet
867 3312 939 3372 ver¬

992 3328 1089 3388 vollen
1122 3327 1328 3387 Aufführung
1361 3328 1384 3388 im
1427 3329 1693 3389 Schauspielhaus
1721 3329 1758 3389 ist
1782 3331 1833 3391 das
1861 3332 1931 3392 auch
1960 3330 2006 3390 ge¬

994 3368 1127 3428 schehen.
1166 3365 1208 3425 Es
1238 3368 1328 3428 siegte
1352 3368 1576 3428 zwingend
1606 3368 1658 3428 das
1687 3371 1767 3431 letzte
1797 3371 1925 3431 Mitleid
1950 3370 1997 3430 des

990 3407 1097 3467 armen
1135 3407 1382 3467 Journalisten,
1406 3405 1457 3465 der
1486 3407 1533 3467 sich
1566 3407 1593 3467 in
1631 3409 1682 3469 der
1716 3410 1935 3470 Todesstunde
1964 3411 1996 3471 an

992 3446 1043 3506 dem
1090 3447 1117 3507 zu
1151 3446 1290 3506 Unrecht
1314 3446 1491 3506 beneideten
1525 3448 1744 3508 erbärmlichen
1777 3449 1935 3509 Literaten
1973 3449 2001 3509 zu

228 3449 327 3509 folgte
370 3449 411 3509 ein
454 3449 648 3509 vollendetes
691 3446 944 3506 Kammerspiel.

992 3485 1099 3545 rächen
1141 3485 1300 3545 gedachte.
1338 3485 1403 3545 Die
1441 3487 1669 3547 erschütternde
1712 3488 1908 3548 Erkenntnis
1950 3487 2001 3547 des

190 3489 261 3549 ung
310 3488 363 3548 des
417 3489 560 3549 genialen
614 3488 787 3548 Einakters
835 3487 941 3547 „Die

991 3523 1218 3583 Sterbenden,
1236 3523 1390 3583 geäußert
1418 3523 1445 3583 zu
1477 3523 1558 3583 einem
1604 3526 1872 3586 Todgeweihten:
1909 3527 1999 3587 „Was

197 3526 345 3586 sken",
379 3526 431 3586 bis
470 3528 522 3588 ins
561 3527 652 3587 letzte
686 3528 848 3588 vollzogen
892 3523 920 3583 im

989 3565 1090 3625 haben
1121 3565 1178 3625 wir
1205 3563 1261 3623 mit
1288 3562 1376 3622 denen
1412 3563 1438 3623 zu
1469 3563 1539 3623 tun,
1562 3564 1605 3624 die
1632 3565 1755 3625 morgen
1791 3566 1856 3626 noch
1883 3565 2006 3625 leben“,

184 3568 294 3628 htung.
309 3565 491 3625 Kiesau,
506 3566 551 3626 der
578 3565 789 3625 Spielleiter,
805 3565 834 3625 ist
855 3562 935 3622 jeder

987 3602 1159 3662 beleuchtet
1195 3601 1221 3661 in
1261 3599 1345 3659 einem
1394 3601 1686 3661 unnachahmlichen
1726 3604 1916 3664 Helldunkel
1947 3606 1995 3666 den

195 3604 362 3664 hrerischen
408 3607 621 3667 Gelegenheit
658 3604 712 3664 zur
749 3601 939 3661 Veräußer¬

199 3646 296 3706 starke
326 3648 458 3708 Akzente
487 3649 545 3709 mit
574 3649 677 3709 feinem
719 3645 845 3705 Gefühl
875 3643 932 3703 aus
956 3643 972 3703 1
996 3645 1087 3705 tiefen
1124 3645 1278 3705 Abgrund
1314 3643 1394 3703 nicht
1423 3644 1481 3704 nur
1516 3646 1648 3706 zwischen
1689 3646 1781 3706 Leben
1834 3647 1891 3707 und
1926 3647 2012 3707 Tod,

2067 1700 2191 1760 sondern
2232 1700 2368 1760 zwischen
2409 1700 2459 1760 den
2494 1700 2641 1760 posttiven
2683 1700 2739 1760 und
2773 1703 2938 1763 negativen
2979 1703 3075 1763 Stre¬

2062 1741 2180 1801 bungen
2218 1740 2264 1800 des
2295 1741 2419 1801 Geistes
2451 1739 2508 1799 und
2540 1739 2591 1799 der
2618 1740 2726 1800 Seele.

2144 1823 2215 1883 Wie
2246 1825 2300 1885 das
2337 1825 2512 1885 Rainer
2543 1823 2603 1883 und
2634 1822 2778 1882 Ponto
2816 1825 2839 1885 in
2876 1827 2979 1887 Spiel
3009 1825 3069 1885 und

2059 1865 2250 1925 Widerspiel
2280 1864 2437 1924 vermocht
2467 1864 2580 1924 haben,
2605 1864 2659 1924 das
2694 1866 2841 1926 bedeutet
2866 1865 2934 1925 eine
2969 1865 3072 1925 künst¬

2061 1903 2183 1963 lerische
2213 1906 2360 1966 Leistung
2401 1903 2454 1963 von
2494 1904 2626 1964 höchstem
2676 1905 2784 1965 Rang.
2819 1906 2901 1966 Kein
2942 1906 3078 1966 Zuviel,

2062 1941 2121 2001 kein
2157 1942 2337 2002 Zuwenig!
2373 1944 2443 2004 Und
2479 1941 2595 2001 immer
2625 1943 2720 2003 dieses
2756 1942 2826 2002 leise
2857 1944 3067 2004 Spielerische

2074 1982 2164 2042 („Wir
2194 1981 2309 2041 spielen
2346 1980 2481 2040 immer;
2512 1980 2572 2040 wer
2603 1980 2633 2040 es
2669 1981 2769 2041 weiß,
2789 1980 2824 2040 ist
2850 1983 2965 2043 klug“)
3001 1982 3071 2042 auch

2060 2021 2089 2081 in
2140 2019 2195 2079 den
2241 2019 2346 2079 letzten
2392 2019 2547 2079 Masken.
2598 2020 2719 2080 Wobei
2755 2019 2860 2079 Ponto
2901 2019 2955 2079 der
2996 2022 3071 2082 leise

2062 2058 2232 2118 Ahnende,
2263 2060 2393 2120 Rainer
2429 2059 2479 2119 der
2515 2060 2696 2120 ergreifend
2731 2060 2786 2120 ins
2832 2061 2947 2121 Wissen
3008 2061 3073 2121 Ge¬

2059 2097 2215 2157 langende
2250 2099 2299 2159 ist.
2338 2097 2397 2157 Ein
2432 2097 2529 2157 echtes
2564 2097 2819 2157 Kammerspiel!
2859 2100 2995 2160 „Media
3035 2100 3059 2160 in

2065 2134 2135 2194 vita
2163 2136 2191 2196 in
2224 2136 2336 2196 morte
2369 2136 2523 2196 sumus“,
2547 2133 2598 2193 das
2631 2136 2691 2196 alte
2720 2136 2841 2196 Thema
2874 2136 2925 2196 des
2954 2137 3079 2197 mittel¬

2056 2174 2237 2234 alterlichen
2271 2174 2419 2234 Mönches
2447 2174 2507 2234 und
2531 2174 2675 2234 Dichters
2703 2174 2819 2234 Notker
2843 2174 2870 2234 in
2899 2174 2987 2234 einer
3010 2174 3070 2234 un¬

2064 2216 2177 2276 erhört
2204 2216 2258 2276 von
2291 2217 2398 2277 letzter
2426 2216 2615 2276 Geistigkeit
2637 2216 2918 2276 durchdrungenen
2951 2216 3074 2276 Varia¬

2059 2252 2123 2312 tion

2139 2292 2288 2352 Schlicht,
2313 2292 2403 2352 leise,
2421 2291 2571 2351 tonsicher
2602 2291 2800 2351 sekundieren
2843 2291 2890 2351 die
2915 2291 3065 2351 David

2069 2333 2280 2393 (Pflegerin),
2301 2333 2612 2393 Kleinoschegg
2650 2333 2776 2393 (einfach
2803 2333 2981 2393 prachtvoll
3008 2332 3066 2392 und

2060 2371 2236 2431 prachtvoll
2261 2371 2397 2431 einfach,
2418 2370 2472 2430 der
2499 2370 2624 2430 Literat
2650 2371 2710 2431 mit
2736 2371 2836 2431 seiner
2867 2371 3078 2431 Beschränkt¬

2061 2408 2124 2468 heit
2150 2408 2208 2468 und
2238 2410 2262 2470 im
2307 2412 2552 2472 Eingeständnis
2583 2410 2680 2470 seiner
2710 2410 2985 2470 Lebensdürrheit
3010 2410 3069 2470 und

2066 2449 2213 2509 seelischen
2256 2449 2372 2509 Leere;
2399 2449 2589 2509 Ziegler
2627 2449 2690 2509 (der
2722 2452 2944 2512 sympathische
2971 2449 3081 2509 Arzt).

2063 2488 2236 2548 Einfügsam
2295 2490 2468 2550 Wolfgang
2515 2489 2688 2549 Engels
2741 2488 2770 2548 in
2822 2488 2874 2548 der
2927 2488 3065 2548 kleinsten

2063 2527 2215 2587 Episode.

2141 2565 2185 2625 In
2217 2567 2312 2627 tiefer
2345 2565 2580 2625 Ergriffenheit
2607 2566 2765 2626 verließen
2798 2568 2848 2628 die
2875 2570 3065 2630 zahlreichen

2064 2604 2279 2664 Teilhaftigen
2326 2605 2426 2665 dieses
2457 2604 2653 2664 Erlebnisses
2694 2604 2738 2664 die
2769 2607 2981 2667 Gedenkfeier
3021 2607 3076 2667 für

2060 2643 2148 2703 einen
2191 2644 2339 2704 Dichter,
2373 2643 2424 2703 der
2466 2643 2494 2703 in
2536 2645 2624 2705 einer
2662 2646 2806 2706 andern,
2835 2648 2979 2708 weniger
3012 2646 3067 2706 von

2061 2682 2293 2742 Ungeistigkeit
2328 2684 2481 2744 erfüllten
2521 2684 2600 2744 Zeit
2635 2685 2696 2745 erst
2731 2685 2855 2745 gerecht
2890 2688 3077 2748 gewürdigt

2060 2721 2190 2781 werden
2229 2721 2326 2781 wird.

2138 2756 2226 2816 Aber
2250 2759 2279 2819 es
2309 2759 2396 2819 wäre
2415 2759 2532 2819 schade,
2550 2759 2633 2819 wenn
2663 2759 2745 2819 diese
2763 2762 2980 2822 künstlerische
3004 2761 3074 2821 Lei¬

2059 2796 2147 2856 stung
2182 2798 2265 2858 nicht
2290 2798 2359 2858 noch
2394 2798 2482 2858 mehr
2512 2801 2852 2861 Empfangsbegabten
2892 2804 3074 2864 zugänglich

2061 2837 2198 2897 gemacht
2233 2837 2361 2897 würde.
2410 2837 2661 2897 Insbesondere
2696 2840 2774 2900 diese
2813 2840 3078 2900 „Abrechnung“,

2066 2876 2115 2936 die
2150 2876 2193 2936 ein
2233 2877 2400 2937 tragisches
2430 2879 2616 2939 Gegenstück
2646 2879 2685 2939 ist
2715 2879 2745 2939 zu
2789 2879 2843 2939 der
2873 2879 2927 2939 von
2957 2881 3074 2941 Gustav

2061 2915 2169 2975 Wied.
2204 2915 2302 2975 Denn
2337 2916 2401 2976 was
2436 2917 2500 2977 hier
2530 2917 2559 2977 zu
2594 2918 2712 2978 erleben
2747 2918 2796 2978 ist,
2821 2918 2973 2978 bedeutet
3003 2919 3076 2979 jene

2061 2951 2139 3011 echte
2175 2954 2366 3014 Katharsis,
2396 2953 2470 3013 jene
2505 2956 2622 3016 innere
2657 2956 2849 3016 Reinigung
2894 2959 2982 3019 durch
3017 2959 3071 3019 das

2064 2992 2279 3052 künstlerische
2326 2992 2506 3052 Erlebnis,
2538 2993 2589 3053 die
2630 2997 2712 3057 ewig
2760 2995 2816 3055 das
2862 2998 2970 3058 Wesen
3022 2997 3073 3057 der

2068 3031 2233 3091 Tragödie
2264 3034 2383 3094 bleiben
2415 3037 2519 3097 wird.
2550 3051 2670 3111 Julius
2693 3057 2889 3117 Ferdinand
2920 3056 3031 3116 Wollt
