3344 4320
988 290 1221 350 Artur
1288 294 1666 354 Schnitzler

534 363 598 423 Jäh
639 364 699 424 und
735 366 915 426 schmerzlich
951 367 1046 427 trifft
1077 370 1122 430 die
1157 374 1318 434 Nachricht
1349 374 1449 434 Land
1480 374 1530 434 der
1556 375 1651 435 Seele
1676 377 1736 437 aus
1762 379 1917 439 leuchtend
1948 380 1983 440 um
2029 382 2078 442 den
2109 383 2209 443 reinen

464 407 517 467 vom
562 409 649 469 Tode
674 407 776 467 Artur
805 408 1015 468 Schnitzlers.

1358 416 1468 476 Glanz
1519 416 1574 476 der
1605 419 1761 479 Artseele,
1807 422 1842 482 um
1899 425 2221 485 Gesellschaftskritik,

522 459 616 519 Statt
656 458 711 518 des
750 462 1100 522 Geburtstagssestes,
1134 465 1189 525 das
1235 468 1295 528 zum
1351 462 1395 522 um
1468 458 1518 518 der
1552 462 1802 522 Menschlichkeit
1852 467 1952 527 große
1986 468 2225 528 Gegenstände.

465 503 666 563 kommenden
703 500 778 560 Mai
804 504 854 564 dem
896 506 1158 566 siebzigjährigen
1199 510 1320 570 Dichter

1424 499 1513 559 Nicht
1564 500 1628 560 nur
1683 506 1792 566 hinter
1847 508 1902 568 der
1937 509 2141 569 Lustbarkeit
2171 511 2220 571 des

459 545 488 605 in
519 545 598 605 aller
623 545 727 605 Stille
752 548 949 608 vorbereitet
970 550 1089 610 werden
1124 552 1228 612 sollte,
1248 554 1321 614 muß

1364 545 1509 605 „Grünen
1553 546 1703 606 Kakadu“
1742 551 1864 611 grollte
1898 551 1946 611 die
1981 554 2082 614 große
2117 554 2223 614 Nevo¬

458 586 511 646 zur
540 587 729 647 Totenfeier
754 589 894 649 gerüstet
919 593 1063 653 werden,
1088 593 1175 653 einer
1200 595 1325 655 Toten¬

1360 586 1482 646 lution,
1506 587 1571 647 und
1605 588 1651 648 die
1690 591 1868 651 imposante
1907 595 2128 655 Komposition
2171 595 2217 655 des

1365 628 1507 688 Nomans
1543 630 1625 690 „Der
1656 630 1726 690 Weg
1763 633 1813 693 ins
1845 634 1982 694 Freie“,
1998 637 2049 697 die
2075 639 2099 699 in
2136 637 2222 697 ihrer

459 631 557 691 feier,
578 629 626 689 die
656 630 710 690 von
745 633 995 693 Bewunderung
1030 636 1094 696 und
1124 637 1315 697 Verehrung

1359 670 1649 730 Problemstellung
1713 674 1780 734 und
1839 674 1867 734 im
1941 677 2076 737 Gerank
2134 679 2221 739 ihrer

456 673 533 733 nicht
563 673 621 733 nur
650 673 679 733 in
714 675 810 735 hohem
855 678 966 738 Schein
1001 679 1160 739 leuchten,
1185 682 1316 742 sondern

1357 715 1519 775 organisch
1554 716 1765 776 gewachsenen
1804 720 1957 780 Episoden
2015 721 2091 781 weit
2145 721 2216 781 über

450 715 494 775 die
528 718 586 778 von
625 718 824 778 Herzenston
864 720 961 780 echter
995 721 1194 781 Totenklage
1229 723 1321 783 weit¬

1357 752 1426 812 eine
1476 754 1589 814 epische
1644 759 1862 819 Behandlung
1922 763 1976 823 der
2011 764 2218 824 Judenfrage

453 760 498 820 hin
538 759 638 819 hallen
683 760 743 820 und
778 764 1023 824 wiederklingen
1069 766 1168 826 wird.

1360 798 1603 858 hinausgreift,
1649 801 1734 861 zeigt
1766 804 1943 864 Schnitzler
1974 806 2025 866 als
2061 809 2217 869 Gestalter

524 801 637 861 Selten
675 803 726 863 hat
752 804 793 864 ein
825 807 1079 867 österreichischer
1111 810 1250 870 Dichter,
1272 807 1318 867 ein

1354 840 1470 900 ernster
1501 843 1637 903 sozialer
1668 843 1820 903 Fragen.

454 846 591 906 Dichter,
623 846 674 906 der
715 847 740 907 in
787 847 873 907 Wien
916 849 1069 909 wurzelte
1111 851 1172 911 und
1213 852 1310 912 dessen

459 888 567 948 Werke
593 891 706 951 Wiens
728 891 944 951 Atmosphäre
966 894 1125 954 atmeten,
1142 894 1167 954 so
1194 895 1250 955 tief
1276 892 1322 952 er¬

1422 891 1466 951 In
1507 891 1642 951 späteren
1682 894 1806 954 Jahren
1841 896 1897 956 hat
1920 897 1971 957 sich
2000 899 2050 959 der
2079 900 2226 960 Dichter,

455 930 589 990 griffen,
611 932 637 992 so
668 934 741 994 weit
763 935 898 995 gewirkt
919 936 976 996 wie
1002 937 1106 997 Artur
1133 939 1320 999 Schnitzler,

1359 933 1418 993 wie
1469 935 1700 995 abschließend,
1746 938 1811 998 mit
1842 942 2048 1002 „Casanovas
2104 944 2219 1004 Heim¬

462 972 558 1032 Seine
590 978 902 1038 Erzählungskunst
935 980 987 1040 hat
1020 981 1100 1041 nicht
1154 981 1219 1041 nur
1278 981 1325 1041 die

1356 978 1478 1038 fahrt",
1527 980 1595 1040 mit
1661 980 1713 1040 der
1767 983 1938 1043 Tragödie
2003 985 2060 1045 des
2115 987 2221 1047 Bade¬

449 1019 640 1079 literarische
667 1019 749 1079 Welt
771 1022 957 1082 aufhorchen
989 1025 1144 1085 gemacht,
1165 1025 1211 1085 die
1243 1023 1320 1083 reiz¬

1357 1021 1460 1081 arztes
1496 1020 1639 1080 Gräser,
1684 1022 1757 1082 der,
1808 1024 1871 1084 wie
1921 1026 2005 1086 einst
2035 1029 2089 1089 der
2124 1028 2217 1088 junge

459 1062 524 1122 voll
549 1064 730 1124 gelockerten
766 1064 892 1124 Szenen
928 1065 1028 1125 seiner
1059 1067 1245 1127 Dramatik,
1270 1067 1315 1127 die

1358 1061 1494 1121 Anatol,
1531 1066 1672 1126 zwischen
1724 1067 1803 1127 zwei
1845 1070 1975 1130 Frauen
2029 1073 2123 1133 steht,
2165 1074 2222 1134 mit

457 1103 482 1163 so
513 1106 559 1166 oft
586 1106 632 1166 die
663 1106 828 1166 anmutige
860 1109 1139 1169 Schwerlosigkeit
1171 1112 1315 1172 genialer

1353 1106 1476 1166 reifstem
1556 1109 1718 1169 Erkennen
1789 1109 1907 1169 wieder
1977 1112 2026 1172 dem
2111 1114 2223 1174 rätsel¬

454 1148 749 1208 Stegreifdichtung
781 1151 1004 1211 vortäuschen,
1025 1152 1118 1212 haben
1150 1154 1227 1214 nicht
1254 1153 1315 1213 nur

1358 1151 1455 1211 vollen
1502 1150 1687 1210 Stoffkreis
1745 1154 1966 1214 vergeistigter
2008 1157 2126 1217 Erotik
2168 1158 2219 1218 zu¬

449 1190 495 1250 die
522 1193 615 1253 ersten
647 1193 783 1253 Bühnen
820 1194 966 1254 erobert,
982 1196 1175 1256 Schnitzlers
1207 1198 1316 1258 Werke

1358 1195 1544 1255 gewendet:
1570 1194 1632 1254 Die
1659 1195 1757 1255 Liebe
1784 1195 1933 1255 erscheint
1960 1198 1986 1258 in
2023 1199 2214 1259 Schnitzlers

456 1235 535 1295 sind,
562 1234 626 1294 was
659 1234 733 1294 weit
760 1236 850 1296 mehr
878 1237 1042 1297 bedeutet,
1069 1239 1128 1299 tief
1155 1240 1208 1300 ins
1241 1240 1320 1300 Volk

1358 1237 1566 1297 Lebenswerk
1598 1238 1658 1298 wie
1690 1239 1760 1299 eine
1792 1243 2021 1303 unerbittliche
2058 1246 2225 1306 Gottheit,

456 1279 653 1339 gedrungen,
675 1280 763 1340 haben
795 1281 841 1341 die
862 1282 992 1342 geistige
1013 1282 1206 1342 Erweckung
1232 1284 1315 1344 einer

1359 1277 1405 1337 die
1436 1282 1487 1342 den
1519 1282 1683 1342 Menschen
1719 1283 1853 1343 schuldig
1885 1285 2008 1345 werden
2045 1286 2132 1346 läßt,
2153 1288 2209 1348 und

450 1321 647 1381 Generation
683 1324 850 1384 gefördert
882 1326 942 1386 und
973 1327 1038 1387 sind
1074 1327 1160 1387 einer
1191 1327 1312 1387 andern

1359 1324 1438 1384 über
1470 1324 1517 1384 ihn
1560 1325 1671 1385 Gerick
1725 1329 1815 1389 hält,
1842 1329 1884 1389 um
1937 1328 1984 1388 die
2017 1331 2212 1391 unmerkbar

447 1363 517 1423 noch
553 1366 669 1426 immer
705 1366 907 1426 unveraltet.
933 1369 1029 1429 Denn
1070 1369 1175 1429 hinter
1211 1371 1307 1431 diesen

1354 1369 1533 1429 riesenhaft
1555 1372 1692 1432 gewach,
1719 1372 1745 1432 e
1772 1372 1888 1432 Schuld
1910 1375 1972 1435 mit
1989 1376 2089 1436 Härte
2111 1375 2216 1435 einzu¬

452 1407 652 1467 Dichtungen
695 1409 779 1469 stand
822 1410 863 1470 ein
912 1413 1038 1473 Mann,
1071 1413 1212 1473 aufrecht
1250 1413 1307 1473 und

1357 1411 1506 1471 treiben.

449 1448 549 1508 kühn,
571 1451 592 1511 in
630 1452 741 1512 allem,
763 1453 826 1513 was
859 1453 890 1513 er
923 1455 948 1515 zu
986 1455 1077 1515 sagen
1109 1455 1215 1515 hatte.
1242 1455 1311 1515 Und

1425 1464 1475 1524 So
1504 1465 1600 1525 herb,
1640 1467 1673 1527 so
1702 1467 1820 1527 bitter,
1867 1468 1895 1528 so
1924 1468 1985 1528 tief
2014 1469 2121 1529 sittlich
2178 1469 2217 1529 ist

449 1494 504 1554 das
535 1495 600 1555 war
626 1495 692 1555 viel
723 1497 783 1557 und
814 1495 864 1555 nie
896 1497 977 1557 ohne
1003 1497 1103 1557 neues
1135 1500 1317 1560 Bedeuten.

1352 1508 1550 1568 Schnitzlers
1583 1511 1726 1571 erotische
1760 1512 1941 1572 Dichtung.

514 1545 619 1605 Artur
653 1548 848 1608 Schnitzlers
887 1550 1048 1610 Dichtung
1088 1551 1215 1611 erschloß
1261 1553 1310 1613 sich

1424 1549 1486 1609 Der
1512 1553 1642 1613 Roman
1679 1556 1851 1616 „Therese“
1888 1556 1956 1616 war
1988 1557 2039 1617 des
2072 1557 2217 1617 Dichters

449 1590 500 1650 vor
558 1592 620 1652 und
657 1592 718 1652 mit
750 1593 911 1653 „Anatol“
948 1594 1005 1654 zur
1037 1596 1208 1656 Blütezeit
1255 1594 1312 1654 des

1356 1595 1453 1655 letzte,
1469 1596 1583 1656 große,
1594 1597 1708 1657 epische
1729 1596 1941 1656 Schöpfung.
1952 1599 1999 1659 In
2025 1599 2071 1659 den
2103 1602 2211 1662 Essays

452 1634 732 1694 Naturalismus.
758 1634 838 1694 Aber
873 1634 919 1694 die
954 1637 1134 1697 doktrinäre
1165 1635 1310 1695 Schwere

1354 1634 1465 1694 „Geist
1487 1637 1519 1697 im
1562 1637 1658 1697 Wort
1685 1638 1749 1698 und
1776 1639 1872 1699 Geist
1894 1640 1920 1700 in
1958 1640 2011 1700 der
2038 1642 2144 1702 Tat",
2166 1643 2214 1703 hat

450 1673 501 1733 des
543 1674 600 1734 von
642 1677 735 1737 Arno
772 1678 870 1738 Holz,
896 1679 1036 1739 Johann
1078 1679 1208 1739 Schlaf,
1239 1680 1295 1740 vom

1349 1679 1542 1739 Schnitzler,
1563 1681 1619 1741 der
1646 1682 1860 1742 niemals
1896 1685 1947 1745 den
1983 1685 2131 1745 Mächten
2168 1688 2218 1748 der

454 1718 567 1778 jungen
607 1718 753 1778 Gerhart
788 1720 999 1780 Hauptmann
1039 1724 1304 1784 repräsentierten

1357 1718 1487 1778 Gewalt
1514 1723 1635 1783 diente,
1656 1724 1706 1784 das
1737 1726 1965 1786 Vermächtnis
1996 1728 2218 1788 hochgereifter

451 1763 727 1823 Naturalismus,
772 1765 821 1825 die
870 1765 930 1825 von
984 1769 1314 1829 sozialökonomischen

1347 1766 1640 1826 Weltanschauung
1693 1769 1755 1829 und
1808 1769 1928 1829 milder
1976 1770 2143 1830 Weisheit
2170 1773 2216 1833 ge¬

449 1805 583 1865 Theorie
616 1807 819 1867 beeinflußte
856 1811 1211 1871 Auseinandersetzung
1253 1811 1315 1871 mit

1354 1808 1474 1868 geben.

448 1849 751 1909 Vererbungslehre
811 1851 875 1911 und
941 1852 1194 1912 Darwinismus
1259 1853 1308 1913 lag

1417 1848 1513 1908 Artur
1546 1849 1749 1909 Schnitzlers
1783 1854 1862 1914 hohe
1917 1855 2061 1915 formale
2100 1859 2212 1919 Kunst,

452 1891 503 1951 dem
555 1894 684 1954 Wiener
715 1894 844 1954 Dichter
875 1894 962 1954 sern.
989 1896 1092 1956 Artur
1123 1897 1319 1957 Schnitzler,

1355 1892 1409 1952 der
1435 1894 1596 1954 gepflegte
1648 1896 1712 1956 und
1763 1899 1945 1959 geläuterte
1996 1899 2076 1959 Stil
2122 1903 2207 1963 eines

449 1935 500 1995 der
527 1936 625 1996 Sohn
662 1936 749 1996 eines
781 1936 941 1996 gelehrten
978 1938 1092 1998 Arztes
1123 1939 1185 1999 und
1222 1939 1315 1999 selbst

1351 1936 1532 1996 eigenartig
1572 1939 1852 1999 hochentwickelten
1882 1943 2216 2003 Impressionismus,

448 1978 709 2038 seelenkundiger
739 1979 837 2039 Arzt,
862 1981 994 2041 gewann
1034 1981 1088 2041 der
1118 1981 1314 2041 natura¬

1353 1979 1407 2039 der
1452 1979 1496 2039 die
1541 1984 1878 2044 Passivität

1939 1985 2039 2045 des

2094 1989 2206 2049 Ichs

455 2022 671 2082 listischen
713 2022 871 2082 Dichtung
930 2022 977 2082 ein
1041 2022 1140 2082 neues
1183 2022 1315 2082 Gebiet,

1347 2022 1417 2082 leise
1448 2022 1580 2082 ironisch
1621 2023 1687 2083 und
1723 2024 1825 2084 etwas
1866 2028 2104 2088 schwermütig,
2135 2031 2206 2091 aber

447 2062 503 2122 das
535 2063 627 2123 Reich
659 2064 715 2124 des
747 2065 829 2125 Eros
871 2066 933 2126 mit
965 2065 1005 2125 all
1037 2067 1135 2127 seinen
1172 2066 1311 2126 lockend¬

1352 2064 1411 2124 mit
1436 2067 1696 2127 weltanschaulich
1726 2070 1942 2130 bedeutsamer
1972 2073 2119 2133 Klarheit
2149 2075 2203 2135 und

445 2106 610 2166 lachenden
647 2106 823 2166 Gefilden,
870 2107 974 2167 seinen
1042 2109 1306 2169 labyrinthischen

1353 2108 1641 2168 Eindringlichkeit
1692 2113 1954 2173 nahezubringen
2026 2115 2212 2175 vermochte,

449 2151 606 2211 Gebirgen
652 2151 713 2211 und
750 2151 1014 2211 verschwiegenen
1061 2154 1320 2214 Einsamkeiten,

1350 2152 1498 2212 bedürfte
1520 2154 1711 2214 besonderer
1760 2157 1823 2217 und
1851 2158 2095 2218 ausführlicher
2122 2160 2212 2220 Wür¬

445 2193 479 2253 er
519 2195 651 2255 gewann
691 2192 745 2252 ihr
780 2193 833 2253 das
873 2195 960 2255 Land
1000 2194 1054 2254 der
1089 2196 1305 2256 menschlichen

1351 2196 1498 2256 digung.

449 2234 542 2294 Seele
579 2236 604 2296 in
647 2235 751 2295 seinen
798 2235 1127 2295 nebelverschleierten
1169 2237 1314 2297 Weiten.

1422 2243 1478 2303 Ein
1504 2246 1737 2306 endgültiges,
1753 2250 2016 2310 abgeschlossenes
2042 2253 2207 2313 poetisches

447 2276 518 2336 Vom
571 2280 705 2340 heiteren
752 2281 912 2341 „Anatol"
955 2278 1031 2338 über
1068 2278 1120 2338 den
1161 2280 1306 2340 blutigen

1348 2288 1536 2348 Testament
1562 2288 1616 2348 des
1646 2290 1794 2350 Dichters
1849 2293 1889 2353 ist
1934 2292 2003 2352 uns
2054 2297 2137 2357 nicht
2162 2299 2211 2359 ge¬

449 2318 549 2378 Ernst
576 2321 629 2381 der
672 2321 847 2381 „Liebelei“
907 2324 965 2384 zum
1018 2321 1305 2381 Antiduelldrama

1353 2331 1504 2391 worden;
1530 2333 1606 2393 denn
1642 2332 1692 2392 der
1728 2334 1794 2394 Tod
1825 2335 1880 2395 hat
1905 2336 2012 2396 Artur
2038 2339 2209 2399 Schnitzler

454 2365 671 2425 „Freiwild",
698 2364 750 2424 das
788 2364 820 2424 zu
863 2364 952 2424 Ende
990 2366 1042 2426 des
1080 2366 1302 2426 vergangenen

1354 2373 1409 2433 mit
1435 2374 1582 2434 raschem,
1597 2376 1724 2436 leichtem
1765 2375 1897 2435 Schritt
1918 2380 1973 2440 von
2010 2381 2060 2441 der
2086 2384 2212 2444 Arbeit,

447 2408 697 2468 Jahrhunberts
756 2407 818 2467 auf
870 2408 917 2468 die
955 2409 1205 2469 überständigen
1242 2407 1315 2467 feu¬

1350 2417 1409 2477 vom
1476 2419 1834 2479 Morgenspaziergang
1891 2423 2093 2483 weggeholt,
2139 2425 2194 2485 vom

447 2448 539 2508 dalen
586 2447 814 2507 Ehrbegriffen
877 2450 1057 2510 verfallene
1115 2451 1311 2511 bürgerliche

1358 2458 1443 2518 freien
1479 2458 1554 2518 Weg
1585 2460 1609 2520 im
1655 2461 1766 2521 weiten
1802 2462 1882 2522 Land
1933 2464 2039 2524 seines
2085 2467 2195 2527 reichen

447 2491 653 2551 Gesellschaft
682 2494 741 2554 wie
769 2494 954 2554 Kampfruf
982 2494 1112 2554 wirkte.

1351 2503 1518 2563 Wirkens,
1539 2503 1592 2563 dem
1637 2505 1696 2565 das
1726 2504 1819 2564 Leben
1854 2506 1878 2566 in
1918 2509 2016 2569 vollen
2047 2511 2199 2571 tönenden

514 2540 574 2600 Bis
641 2544 735 2604 dahin
813 2545 895 2605 hatte
968 2545 1039 2605 man
1112 2544 1167 2604 die
1234 2544 1311 2604 leise

1356 2546 1502 2606 Strömen
1538 2546 1695 2606 rauschte,
1715 2548 1933 2608 heimgeholt,
1954 2552 2009 2612 den
2040 2554 2197 2614 einsamen

444 2587 668 2647 Schwermut,
720 2587 765 2647 die
827 2588 908 2648 über
965 2587 1159 2647 Schnitzlers
1221 2587 1297 2647 Dich

1351 2588 1421 2648 Weg
1452 2590 1506 2650 ins
1532 2590 1742 2650 unbekannte
1768 2593 1872 2653 Land.

440 2629 563 2689 tungen
599 2629 747 2689 schwebt,
792 2630 856 2690 mit
886 2632 1188 2692 Sentimentalität
1238 2630 1316 2690 ver¬

445 2670 601 2730 wechselt,
632 2671 682 2731 die
718 2673 859 2733 graziöse
900 2672 1016 2732 Leichte
1057 2673 1157 2733 seiner
1193 2673 1309 2733 Poesie

445 2713 509 2773 mit
539 2714 717 2774 harmloser
753 2714 931 2774 Wienerei.
961 2715 1045 2775 Jetzt
1075 2716 1184 2776 wußte
1224 2716 1312 2776 man,

446 2755 501 2815 daß
542 2757 571 2817 es
607 2757 703 2817 diesem
755 2756 901 2816 Dichter,
927 2757 977 2817 der
1013 2760 1311 2820 Sentimentalität

1367 2770 1520 2830 Artur
1569 2778 1828 2838 Schnitzler
1868 2781 2155 2841 gestorben.

445 2799 492 2859 als
527 2799 594 2859 „ein
628 2800 724 2860 unter
758 2799 810 2859 dem
859 2801 955 2861 Preis
1008 2802 1215 2862 erhandeltes

449 2843 541 2903 fühl“
579 2843 672 2903 innig
714 2843 776 2903 und
812 2843 967 2903 grimmig
1010 2843 1201 2903 verachtete,

1397 2836 1528 2896 Gestern
1569 2843 1669 2903 abend
1705 2846 1745 2906 ist
1781 2846 1831 2906 der
1867 2849 2023 2909 bekannte
2059 2852 2190 2912 Wiener

440 2883 519 2943 weit
570 2886 664 2946 mehr
715 2888 814 2948 gina,
854 2888 908 2948 als
959 2885 998 2945 um
1069 2886 1202 2946 Anmut

1335 2881 1454 2941 Dichter
1507 2886 1579 2946 Dr.
1627 2888 1736 2948 Artur
1794 2893 2049 2953 Schnitzler

449 2928 802 2988 Liebenswürdigkeit,
846 2930 920 2990 jetzt
959 2927 1060 2987 ahnte
1103 2929 1199 2989 man,

1329 2924 1526 2984 storben.
1556 2930 1761 2990 Schnitzler,
1799 2932 1857 2992 der
1902 2933 1937 2993 im
1997 2940 2180 3000 siebzigsten

444 2972 540 3032 dieser
594 2972 760 3032 eleganten
798 2970 899 3030 Feder
953 2972 1006 3032 die
1061 2972 1199 3032 Schärfe

1331 2966 1527 3026 Lebensjahr
1563 2972 1669 3032 stand,
1710 2973 1821 3033 fühlte
1872 2975 1922 3035 sich
1978 2979 2033 3039 seit
2065 2981 2190 3041 einiger

444 3014 627 3074 Schwertes
686 3015 827 3075 eignete.
875 3014 943 3074 Die
997 3014 1196 3074 großartige

1330 3011 1395 3071 Zeit
1447 3011 1594 3071 leidend,
1640 3015 1726 3075 ohne
1778 3017 1854 3077 aber
1910 3020 2007 3080 krank
2038 3022 2068 3082 zu
2109 3023 2190 3083 sein.

1329 3049 1459 3109 Gestern
1493 3054 1670 3114 vormittag
1712 3058 1824 3118 machte
1876 3061 1913 3121 er
1965 3062 2034 3122 noch
2091 3064 2179 3124 einen

444 3058 657 3118 schlossenheit
689 3059 747 3119 des
780 3058 902 3118 kühnen
951 3058 1131 3118 „Reigens"
1175 3056 1211 3116 um

450 3101 577 3161 Erotik,
622 3101 710 3161 jener
744 3102 987 3162 Szenenreihe,
1021 3100 1065 3160 die
1105 3100 1309 3160 individual,
1332 3094 1581 3154 Spaziergang.
1604 3098 1648 3158 Um
1693 3099 1725 3159 19
1759 3100 1825 3160 Uhr
1854 3103 1931 3163 starb
1965 3103 1997 3163 er
2026 3104 2053 3164 in
2087 3108 2186 3168 seiner

1163 3142 1300 3202 sozialen
1327 3136 1501 3196 Wohnung
1554 3139 1628 3199 nach
1661 3142 1914 3202 mehrstündiger
1946 3150 2168 3210 Bewußtlosig

455 3145 691 3205 psycholojische
771 3145 911 3205 Analyse

735 3189 860 3249 erregte
937 3187 993 3247 den
1076 3187 1302 3247 geschlossenen
1328 3179 1384 3239 keit
1410 3180 1561 3240 offenbar
1587 3183 1713 3243 infolge
1745 3186 1833 3246 eines
1859 3189 2148 3249 Gehirnschlages.

444 3189 668 3249 nahebringt,

1387 3222 1469 3282 Eine
1542 3227 1755 3287 Würdigung
1833 3232 1889 3292 des

444 3229 504 3289 und
561 3230 753 3290 erbitterten
815 3229 1023 3289 Widerstand
1080 3229 1160 3289 aller
1217 3230 1288 3290 jene

1953 3237 2171 3297 dichterischen

1330 3262 1496 3322 Schaffens
1532 3268 1729 3328 Schnitzlers
1791 3272 1897 3332 finden
1943 3277 2053 3337 unsere
2090 3282 2180 3342 Leser

449 3272 552 3332 Kereise
586 3273 645 3333 und
679 3273 820 3333 Mächte,
843 3273 892 3333 die
920 3273 990 3333 ihre
1013 3271 1208 3331 ästhetischen
1247 3273 1307 3333 und

449 3318 819 3378 Kulturanschauungen
852 3317 907 3377 von
935 3315 1163 3375 reaktionärer
1185 3315 1310 3375 Politil
1332 3309 1354 3369 im
1398 3309 1528 3369 Innern
1567 3311 1621 3371 des
1649 3314 1800 3374 Blattes.

447 3360 615 3420 bezogen.

520 3412 589 3472 Und
630 3412 681 3472 der
722 3411 884 3471 „Reigen"
925 3411 1040 3471 wurde
1076 3411 1226 3471 verfolgt
1261 3410 1313 3470 bis

449 3456 502 3516 zum
552 3455 654 3515 April
682 3453 785 3513 1922,
828 3454 865 3514 da
921 3455 974 3515 die
1007 3454 1201 3514 Regierung

456 3497 814 3557 sozialdemokratischen
859 3497 1198 3557 Landeshauptmann
1247 3497 1311 3557 und

460 3539 718 3599 Bürgermeister
755 3538 817 3598 von
859 3538 947 3598 Wien
994 3539 1180 3599 allerdings
1232 3539 1315 3599 ohne

444 3581 555 3641 Erfolg
593 3584 695 3644 unter
727 3583 871 3643 Anklage
909 3584 1026 3644 stellte,
1053 3584 1128 3644 weil
1155 3583 1191 3643 er
1225 3581 1315 3641 einer

454 3626 740 3686 Verbotsweisung
803 3626 860 3686 des
919 3626 1174 3686 Ministeriums
1232 3626 1320 3686 nicht

441 3669 716 3729 nachgekommen
751 3668 842 3728 war.

517 3721 644 3781 Freilich
713 3721 808 3781 halte
859 3719 971 3779 Artur
1027 3721 1206 3781 Schnitzler

455 3763 588 3823 zwischen
643 3763 702 3823 von
752 3763 806 3823 der
851 3763 1151 3823 Monolognovelle
1196 3763 1300 3823 „Leut

455 3808 538 3868 nant
593 3805 730 3865 Gustl“,
780 3805 838 3865 an,
888 3805 916 3865 im
991 3807 1108 3867 jungen
1173 3805 1300 3865 Medar

444 3848 522 3908 dus,
564 3850 595 3910 im
658 3847 852 3907 „Professor
900 3847 1114 3907 Bernhardi“

448 3889 523 3949 weil
570 3891 603 3951 er
650 3891 721 3951 eine
773 3891 904 3951 dumme
952 3891 1012 3951 und
1046 3891 1186 3951 insame,
1234 3891 1318 3951 ganz

449 3933 581 3993 typische
613 3935 878 3995 Oesterreicherei
905 3933 958 3993 ins
990 3936 1079 3996 Herz
1101 3936 1186 3996 traf,
1213 3933 1318 3993 selbst¬

447 3978 647 4038 verständlich
684 3980 783 4040 lange
815 3978 889 4038 Zeit
942 3978 1089 4038 verboten
1153 3977 1220 4037 war

455 4022 568 4082 immer
599 4022 712 4082 wieder
742 4022 801 4082 und
827 4020 939 4080 immer
960 4021 1058 4081 klarer
1079 4020 1247 4080 bewiesen,
1262 4020 1311 4080 daß

454 4062 483 4122 eo
519 4064 569 4124 ihm
620 4065 701 4125 nicht
727 4065 822 4125 ollein
863 4065 903 4125 um
954 4066 999 4126 die
1035 4066 1313 4126 Durchdringung

1099 4098 1290 4158 ondervon
