3392 4320
217 229 338 289 12.
400 237 994 297 Schnitzler's
1056 240 1290 300 Death

1507 243 1634 303 box
1708 249 1900 309 42/7

481 846 1214 906 OBSERVER

570 903 593 963 I.
607 903 732 963 österr.
741 902 889 962 behördl.
903 903 1208 963 konzessioniertes

527 942 768 1002 Unternehmen
796 942 841 1002 für
869 942 1257 1002 Zeitungs-Ausschnitte

576 999 725 1059 WIEN,
754 1005 807 1065 I.,
829 1004 1115 1064 WOLLZEILE
1163 1003 1210 1063 11

674 1052 897 1112 TELEPHON
934 1053 1110 1113 R-23-0-43

475 1198 703 1258 Ausschnitt
728 1195 815 1255 aus:

787 1244 1033 1304 NANBORGLE
1062 1227 1356 1287 NACHRISSTIN

802 1369 846 1429 7
892 1375 995 1435 0KT
1048 1379 1151 1439 1931

718 1396 755 1456 v2

1626 1521 1720 1581 lichen
1752 1524 1851 1584 Nöte,
1864 1524 1914 1584 die
1933 1525 1983 1585 dem
2027 1527 2183 1587 Fremden
2209 1530 2284 1590 kaum
2323 1533 2504 1593 bemerkbar
2529 1531 2673 1591 werden,
2686 1533 2792 1593 zehren

714 1558 919 1618 Abschied
962 1560 1043 1620 von
1085 1563 1290 1623 Anakol.

1627 1563 1665 1623 am
1710 1566 1809 1626 Mark
1838 1568 1887 1628 der
1920 1568 2047 1628 Stadt:
2070 1572 2152 1632 Reif
2180 1574 2236 1634 fiel
2269 1575 2324 1635 auf
2352 1576 2401 1636 die
2430 1576 2529 1636 Blüte
2557 1577 2640 1637 ihres
2674 1577 2795 1637 ewigen

1627 1611 1831 1671 Frühlings.
1870 1613 1934 1673 Die
1962 1616 2117 1676 Jüngsten
2156 1614 2236 1674 einer
2264 1619 2506 1679 Vorkriegszeit
2529 1622 2641 1682 fangen
2674 1622 2733 1682 an,
2755 1620 2803 1680 alt

720 1619 804 1679 Dun
833 1622 909 1682 Lode
929 1622 1051 1682 Rrshur
1071 1625 1288 1685 Ehniiens.

1626 1654 1661 1714 zu
1693 1655 1836 1715 werden,
1857 1658 1919 1718 und
1950 1658 1985 1718 an
2022 1658 2119 1718 keinem
2166 1661 2223 1721 von
2254 1663 2372 1723 ihnen,
2388 1663 2439 1723 den
2475 1664 2500 1724 so
2532 1664 2593 1724 sehr
2625 1664 2804 1724 Empfind¬

824 1680 1003 1740 k

1630 1699 1751 1759 samen,
1767 1700 1830 1760 sind
1857 1701 1920 1761 jene
1947 1703 2052 1763 Jahre
2074 1706 2200 1766 spurlos
2228 1708 2544 1768 vorübergeglitten.
2582 1709 2792 1769 Erinnerung

587 1730 897 1790 „Erbarmungsloses
928 1734 1035 1794 Wort!
1076 1736 1136 1796 Und
1173 1739 1274 1799 spricht
1300 1739 1325 1799 es
1356 1741 1452 1801 wahr,

1621 1742 1658 1802 ist
1686 1745 1739 1805 das
1772 1745 1864 1805 Beste
1892 1745 1962 1805 oder
1989 1751 2146 1811 Einzige,
2169 1750 2233 1810 was
2266 1749 2314 1809 den
2353 1752 2418 1812 mit
2440 1752 2586 1812 Haltung
2614 1754 2792 1814 Alternden

592 1772 725 1832 scheint's
755 1774 819 1834 eine
849 1778 1007 1838 Wahrheit
1032 1779 1056 1839 so
1087 1782 1264 1842 vermessner
1299 1783 1367 1843 Art,

1621 1787 1782 1847 verblieb.
1826 1791 1890 1851 Die
1918 1792 2057 1852 anderen
2096 1795 2187 1855 aber,
2215 1795 2257 1855 die
2290 1796 2355 1856 nach
2393 1798 2441 1858 dem
2490 1800 2587 1860 Krieg
2620 1800 2673 1860 zur
2706 1799 2797 1859 Reife

592 1816 643 1876 daß
675 1816 746 1876 ihr's
778 1816 803 1876 in
829 1818 922 1878 dieser
948 1822 1081 1882 Stunde,
1103 1820 1118 1880 —
1165 1823 1195 1883 an
1232 1825 1272 1885 sich
1304 1828 1386 1888 selbst

1620 1831 1752 1891 kamen,
1773 1833 1874 1893 wissen
1906 1835 2006 1895 nichts
2038 1835 2091 1895 von
2123 1837 2175 1897 dem
2218 1840 2408 1900 seltsamen,
2425 1842 2551 1902 kranken
2589 1843 2721 1903 Zauber
2748 1844 2795 1904 der

587 1863 623 1923 zu
649 1861 793 1921 glauben,
815 1864 876 1924 noch
903 1864 938 1924 an
971 1867 1042 1927 Mut
1064 1867 1213 1927 gebrechen
1245 1870 1353 1930 sollte."

1620 1874 1699 1934 Zeit
1726 1878 1762 1938 um
1810 1877 1863 1937 die
1890 1882 2259 1942 Jahrhundertwende.
2302 1884 2370 1944 Sie
2402 1884 2497 1944 haben
2534 1887 2618 1947 ihren
2661 1886 2787 1946 eigenen

1622 1918 1712 1978 Typ,
1735 1922 1785 1982 der
1808 1922 1859 1982 dem
1899 1925 2137 1985 leichtsinnigen
2171 1927 2420 1987 Melancholiker
2443 1931 2545 1991 fremd
2569 1930 2630 1990 und
2659 1931 2726 1991 fern
2755 1930 2805 1990 ist,

633 1921 794 1981 Arthur
828 1929 1089 1989 Schnitzler:
1113 1932 1195 1992 „Der
1218 1935 1306 1995 Gang
1340 1936 1390 1996 zum
1430 1935 1585 1995 Weiher“.

1620 1964 1695 2024 auch
1734 1966 1819 2026 wenn
1858 1967 1900 2027 sie
1933 1968 2008 2028 ihn,
2036 1970 2062 2030 in
2106 1972 2220 2032 Wien,
2242 1974 2414 2034 bisweilen
2452 1975 2522 2035 noch
2560 1975 2614 2035 zum
2668 1975 2792 2035 Muster

484 1990 619 2050 Immer
655 1993 725 2053 noch
761 1995 802 2055 ist
832 1997 919 2057 Wien
961 1997 1008 2057 die
1044 2001 1149 2061 Stadt
1179 2000 1232 2060 des
1274 2005 1444 2065 Lächelns.
1486 2005 1573 2065 Ihre

1621 2008 1777 2068 nehmen.
1815 2011 1863 2071 Er
1891 2013 1976 2073 war,
1993 2014 2090 2074 dieser
2118 2015 2209 2075 Typ,
2226 2017 2273 2077 der
2301 2017 2409 2077 edelste
2436 2019 2679 2079 Repräsentant
2706 2019 2792 2079 einer

396 2034 577 2094 heimlichen
616 2037 698 2097 Nöte
726 2040 847 2100 werden
880 2042 929 2102 dem
974 2044 1134 2104 Fremden
1168 2047 1244 2107 kaum
1283 2049 1486 2109 bemerkbar,
1509 2049 1569 2109 und
1620 2054 1856 2114 abktingenden
1890 2055 2027 2115 Epoche.
2066 2057 2176 2117 Seine
2205 2061 2281 2121 Zeit
2304 2061 2386 2121 wird
2414 2063 2463 2123 oft
2491 2064 2562 2124 noch
2590 2063 2794 2123 wiederkom¬

390 2076 483 2136 ihres
517 2081 672 2141 Antlitzes
706 2084 794 2144 holde
828 2087 982 2147 Reinheit
1011 2090 1133 2150 bleibt,
1155 2091 1216 2151 wie
1244 2093 1321 2153 trotz
1344 2094 1421 2154 aller
1449 2094 1576 2154 Stürze

1620 2095 1709 2155 men,
1731 2099 1794 2159 und
1821 2100 1941 2160 immer
1968 2101 2073 2161 leben,
2090 2104 2289 2164 frühgereift
2316 2106 2379 2166 und
2411 2106 2479 2166 zart
2501 2108 2563 2168 und
2590 2110 2737 2170 traurig,
2759 2109 2785 2169 in

393 2124 461 2184 und
484 2126 653 2186 Umstürze
677 2127 756 2187 seine
785 2129 880 2189 sanfte
910 2132 994 2192 Glut
1012 2136 1159 2196 lebendig
1188 2136 1250 2196 und
1273 2139 1454 2199 entzückend
1483 2139 1578 2199 blieb.

1627 2141 1762 2201 fremder
1789 2145 1869 2205 Welt
1897 2146 2031 2206 einsame
2059 2146 2188 2206 Brüder
2215 2151 2377 2211 Anatols.
2415 2151 2501 2211 Aber
2528 2151 2641 2211 wieder
2669 2153 2792 2213 einmal

390 2166 443 2226 An
476 2168 524 2228 den
557 2173 804 2233 taubengrauen
837 2176 1009 2236 Abenden,
1032 2179 1079 2239 die
1107 2181 1193 2241 weich
1226 2181 1279 2241 vom
1323 2184 1452 2244 Wiener
1479 2184 1570 2244 Wald

1619 2187 1658 2247 ist
1687 2188 1754 2248 ihre
1789 2190 1862 2250 Zeit
1891 2190 2054 2250 gewesen.
2095 2191 2162 2251 Nie
2196 2194 2287 2254 auch,
2322 2196 2451 2256 solange
2486 2196 2514 2256 es
2554 2198 2599 2258 ein
2633 2199 2791 2259 deutsches

390 2213 633 2273 hereinsinken,
656 2219 694 2279 ist
716 2219 765 2279 die
794 2219 898 2279 Stadt
927 2222 998 2282 noch
1026 2224 1142 2284 immer
1170 2225 1225 2285 das
1259 2227 1396 2287 deutsche
1419 2228 1568 2288 Märchen

1612 2230 1870 2290 Kulturtheater
1914 2231 2005 2291 geben
2054 2235 2156 2295 wird,
2189 2238 2312 2298 werden
2362 2238 2442 2298 diese
2486 2240 2609 2300 Szenen
2658 2240 2787 2300 Arthur

392 2258 429 2318 am
471 2261 714 2321 Donaustrom,
735 2262 793 2322 und
820 2265 882 2325 mit
904 2267 951 2327 dem
994 2270 1115 2330 Läuten
1147 2270 1194 2330 der
1221 2270 1347 2330 Glocken
1379 2270 1431 2330 von
1463 2270 1574 2330 Sankt

1621 2274 1813 2334 Schnitzlers
1842 2276 1999 2336 vergessen
2034 2279 2180 2339 werden.
2225 2281 2309 2341 Aber
2338 2284 2445 2344 längst
2474 2283 2546 2343 schon
2587 2285 2671 2345 sind,
2694 2285 2789 2345 unter

393 2301 545 2361 Stephan
580 2305 693 2365 wächst
716 2307 749 2367 es
784 2309 880 2369 groß,
903 2312 1061 2372 historisch
1095 2315 1157 2375 und
1192 2317 1469 2377 geheimnisvoll.
1509 2320 1553 2380 Im

1621 2315 1670 2375 dem
1721 2320 1831 2380 Staub
1864 2321 2008 2381 schwerer
2042 2324 2174 2384 Jahre,
2202 2324 2274 2384 ihre
2302 2327 2429 2387 Farben
2469 2329 2661 2389 verblichen.
2706 2330 2789 2390 Noch

393 2347 514 2407 Prater
542 2350 635 2410 dreht
669 2350 713 2410 sich
747 2352 813 2412 hoch
841 2354 923 2414 über
951 2356 1028 2416 allem
1073 2358 1322 2418 Weltgeschehen
1356 2360 1410 2420 das
1444 2360 1576 2420 Riesen¬

1615 2362 1733 2422 immer
1761 2366 1889 2426 leuchtet
1912 2366 1970 2426 und
1998 2368 2138 2428 entzückt
2155 2369 2224 2429 eine
2247 2371 2370 2431 Form;
2387 2370 2457 2430 aber
2484 2372 2511 2432 es
2538 2372 2575 2432 ist
2598 2373 2673 2433 nicht
2695 2375 2786 2435 unser

389 2388 446 2448 rad
489 2393 552 2453 mit
590 2395 642 2455 den
685 2398 806 2458 bunten
854 2399 997 2459 Lichtern
1039 2402 1145 2462 seiner
1183 2404 1357 2464 Gondeln,
1389 2407 1479 2467 durch
1527 2405 1574 2465 die

1615 2407 1742 2467 eigenes
1781 2409 1881 2469 Stück
1909 2411 2019 2471 mehr,
2048 2413 2108 2473 nur
2142 2414 2230 2474 noch,
2253 2415 2308 2475 für
2342 2415 2485 2475 wenige,
2514 2417 2558 2477 ein
2598 2417 2696 2477 Stück
2725 2417 2785 2477 von

390 2437 698 2497 lampionerhellten
727 2442 854 2502 Räume
882 2445 964 2505 weht
993 2446 1208 2506 Waldteufels
1237 2449 1319 2509 alter
1347 2449 1573 2509 Schlittschuh¬

1612 2449 1744 2509 unserem
1789 2450 1905 2510 Stück,
1928 2454 1994 2514 was
2022 2454 2049 2514 in
2083 2455 2182 2515 diesen
2216 2458 2343 2518 Szenen
2376 2460 2509 2520 gespielt
2537 2460 2614 2520 wird
2642 2459 2653 2519 —
2709 2461 2791 2521 nicht

393 2479 517 2539 Walzer
552 2485 805 2545 sehnsüchtiger,
828 2487 878 2547 als
913 2487 946 2547 du
986 2491 1014 2551 je
1049 2492 1099 2552 ihn
1133 2492 1257 2552 hörtest
1286 2494 1319 2554 an
1359 2495 1567 2555 irgendeiner

1615 2492 1706 2552 mehr
1733 2496 1781 2556 die
1810 2497 1971 2557 Komödie
1999 2499 2128 2559 unserer
2161 2500 2274 2560 Seele,
2297 2503 2355 2563 nur
2388 2505 2475 2565 noch,
2497 2505 2550 2565 für
2578 2506 2718 2566 wenige,
2740 2506 2783 2566 ein

387 2525 508 2585 Stätte
542 2529 602 2589 und
636 2529 663 2589 in
697 2532 906 2592 irgendeiner
935 2536 1056 2596 Nacht,
1079 2536 1139 2596 und
1173 2539 1289 2599 immer
1323 2539 1388 2599 noch
1422 2539 1488 2599 sind
1522 2539 1571 2599 die

1613 2539 1691 2599 Akt,
1714 2541 1759 2601 ein
1793 2542 1939 2602 Auftritt
1968 2545 2018 2605 der
2047 2545 2210 2605 Komödie
2239 2548 2368 2608 unserer
2396 2548 2565 2608 Zeitseele.
2605 2551 2700 2611 Liebe
2729 2550 2785 2610 hat

387 2569 500 2629 Worte
523 2572 574 2632 der
603 2573 636 2633 an
665 2574 715 2634 den
744 2578 862 2638 weißen
891 2581 1016 2641 Tischen
1045 2581 1265 2641 plaudernden
1294 2584 1474 2644 Blondinen
1503 2583 1559 2643 von

1616 2584 1692 2644 ewig
1722 2587 1863 2647 gültigen
1893 2587 1951 2647 und
1976 2590 2051 2650 ewig
2082 2593 2205 2653 gleichen
2235 2593 2346 2653 Wert;
2364 2595 2411 2655 die
2435 2596 2570 2656 Formen
2600 2596 2647 2656 der
2677 2596 2788 2656 Erotik

388 2617 518 2677 Arthur
547 2617 734 2677 Schnitzler.

1614 2629 1760 2689 wandeln
1794 2632 1842 2692 sich
1875 2632 1934 2692 mit
1962 2632 2021 2692 uns
2049 2634 2065 2694 .
2081 2635 2097 2695 .

475 2661 557 2721 Noch
593 2663 711 2723 immer
747 2664 830 2724 leben
872 2666 918 2726 die
949 2668 1048 2728 sieben
1084 2673 1214 2733 Szenen
1257 2671 1291 2731 um
1345 2671 1397 2731 den
1440 2673 1569 2733 Wiener

1700 2671 1770 2731 Wir
1791 2673 1881 2733 aber,
1902 2676 1946 2736 die
1967 2676 2031 2736 wir
2051 2678 2174 2738 Anatol
2195 2679 2311 2739 geliebt
2331 2680 2428 2740 haben
2455 2682 2513 2742 mit
2533 2680 2585 2740 der
2605 2682 2787 2742 Sehnsucht

387 2704 529 2764 Anatol,
552 2706 601 2766 der
630 2707 707 2767 nicht
730 2709 806 2769 ohne
834 2711 950 2771 Grund
979 2713 1033 2773 auf
1056 2712 1155 2772 seinen
1189 2715 1404 2775 pariserischen
1438 2717 1559 2777 Namen

1615 2715 1741 2775 unserer
1770 2718 1886 2778 jungen
1919 2721 2046 2781 Jahre,
2063 2721 2113 2781 die
2135 2724 2195 2784 wir
2224 2724 2256 2784 an
2284 2726 2334 2786 ihm
2379 2727 2505 2787 gelitten
2539 2728 2639 2788 haben
2667 2727 2716 2787 als
2744 2728 2777 2788 an

387 2749 521 2809 getauft
538 2751 667 2811 wurde,
690 2753 748 2813 und
776 2754 867 2814 dessen
900 2758 1040 2818 erotische
1068 2760 1224 2820 Erlebni,
1268 2760 1327 2820 von
1360 2762 1408 2822 den
1441 2763 1570 2823 Liebes¬

1606 2760 1740 2820 unserem
1784 2760 1962 2820 Ebenbild,
1984 2764 2027 2824 die
2054 2766 2113 2826 wir
2135 2768 2172 2828 an
2206 2769 2253 2829 ihm
2297 2769 2356 2829 reif
2384 2772 2545 2832 geworden
2578 2772 2643 2832 sind
2670 2772 2697 2832 in
2730 2772 2783 2832 der

377 2794 578 2854 abenteuern
616 2796 716 2856 seiner
743 2800 965 2860 französischen
1003 2804 1156 2864 Kollegen
1194 2805 1220 2865 in
1258 2805 1310 2865 der
1343 2805 1437 2865 Sache
1470 2808 1543 2868 kaum

1613 2806 1833 2866 Erkenntnis,
1856 2808 1905 2868 daß
1934 2811 2032 2871 alles,
2050 2811 2115 2871 was
2144 2811 2176 2871 da
2205 2814 2260 2874 ist,
2271 2814 2304 2874 zu
2332 2814 2420 2874 Ende
2443 2816 2536 2876 gehen
2570 2817 2641 2877 muß
2664 2815 2675 2875 —
2725 2815 2785 2875 wir

384 2839 577 2899 verschieden
610 2840 675 2900 sind
708 2840 767 2900 —:
794 2842 869 2902 aber
897 2845 983 2905 nicht
1011 2846 1059 2906 die
1087 2849 1194 2909 Frage
1227 2849 1297 2909 nach
1330 2849 1383 2909 dem
1433 2849 1567 2909 „Was",

1614 2849 1706 2909 stehen
1742 2851 1799 2911 nun
1831 2852 1866 2912 an
1887 2852 1974 2912 einem
2011 2853 2134 2913 offenen
2160 2854 2243 2914 Grab
2274 2856 2335 2916 und
2361 2858 2490 2918 wissen,
2511 2859 2562 2919 daß
2594 2861 2660 2921 man
2692 2861 2779 2921 darin

378 2879 427 2939 die
456 2885 560 2945 Frage
589 2885 655 2945 nach
684 2887 733 2947 dem
784 2886 889 2946 „Wie“
917 2890 1033 2950 erklärt
1056 2891 1112 2951 den
1146 2892 1211 2952 Typ
1240 2894 1295 2954 des
1323 2895 1556 2955 leichtsinnigen

1609 2891 1651 2951 ein
1679 2893 1776 2953 Stück
1792 2894 1846 2954 von
1868 2896 1927 2956 uns
1955 2897 2106 2957 begräbt.
2123 2900 2214 2960 Viele
2236 2900 2333 2960 Rosen
2366 2903 2485 2963 werden
2518 2903 2577 2963 auf
2594 2903 2642 2963 dem
2675 2905 2782 2965 Hügel

380 2927 671 2987 Melancholikers.
714 2929 776 2989 Sie
804 2931 866 2991 sind
899 2935 1094 2995 keineswegs
1126 2938 1205 2998 schon
1243 2939 1491 2999 ausgestorben,
1512 2940 1559 3000 die

1611 2937 1732 2997 liegen,
1754 2941 1833 3001 viele
1860 2939 1965 2999 Zeilen
2003 2942 2145 3002 werden,
2167 2945 2293 3005 einmal
2315 2947 2404 3007 noch,
2426 2948 2610 3008 geschrieben
2643 2948 2785 3008 werden,

379 2973 637 3033 „Dekadenten“
669 2972 725 3032 von
761 2975 854 3035 1892,
875 2978 973 3038 denen
1010 2980 1060 3040 das
1093 2981 1211 3041 Dasein
1247 2983 1293 3043 ein
1331 2985 1557 3045 Spaziergang

1612 2981 1692 3041 viele
1714 2984 1794 3044 echte
1822 2984 1952 3044 Tränen
1985 2986 2060 3046 wird
2099 2988 2168 3048 man
2201 2990 2342 3050 weinen.
2385 2991 2455 3051 Der
2483 2993 2558 3053 Weg
2591 2994 2655 3054 nach
2688 2993 2774 3053 Wien

380 3014 475 3074 durch
507 3019 591 3079 einen
623 3020 803 3080 Irrgarten
835 3023 887 3083 von
919 3023 1162 3083 Stimmungen
1195 3026 1252 3086 ist;
1274 3027 1321 3087 die
1348 3027 1406 3087 kein
1438 3028 1564 3088 Gefühl

1608 3026 1650 3086 ist
1672 3027 1761 3087 weit,
1782 3028 1840 3088 und
1873 3028 1930 3088 wir
1957 3031 2073 3091 können
2105 3034 2157 3094 ihn
2190 3035 2269 3095 nicht
2290 3035 2348 3095 alle
2375 3036 2433 3096 auf
2460 3037 2506 3097 dem
2549 3038 2649 3098 letzten
2682 3038 2776 3098 Gang

380 3061 446 3121 und
478 3061 534 3121 kein
565 3061 719 3121 Erlebnis
751 3065 838 3125 mehr
859 3066 946 3126 ernst
967 3069 1095 3129 nehmen
1127 3070 1270 3130 können,
1287 3070 1363 3130 weil
1379 3070 1415 3130 sie
1441 3072 1564 3132 wissen,

1607 3071 1783 3131 begleiten.
1822 3073 1910 3133 Aber
1932 3074 1959 3134 in
1993 3075 2042 3135 den
2076 3076 2257 3136 Schränken
2286 3079 2384 3139 stehen
2418 3079 2467 3139 die
2490 3082 2627 3142 Bücher,
2644 3082 2693 3142 die
2716 3082 2776 3142 wir

381 3103 439 3163 daß
472 3106 569 3166 nichts
597 3107 688 3167 wahr
716 3109 775 3169 und
808 3112 937 3172 wirklich
965 3112 1002 3172 ist
1030 3114 1072 3174 als
1106 3115 1159 3175 der
1187 3115 1397 3175 Augenblick;
1419 3117 1467 3177 die
1489 3116 1564 3176 des¬

1609 3117 1722 3177 immer
1750 3115 1868 3175 zärtlich
1896 3118 2030 3178 lächelnd
2053 3122 2079 3182 in
2112 3121 2160 3181 die
2182 3123 2274 3183 Hand
2296 3124 2484 3184 genommen
2518 3127 2631 3187 haben,
2648 3127 2706 3187 und
2734 3127 2776 3187 die

381 3148 456 3208 halb
494 3150 526 3210 an
570 3151 617 3211 die
650 3153 785 3213 Stunde
818 3154 872 3214 sich
905 3157 1104 3217 verschenken
1142 3160 1207 3220 und
1240 3160 1293 3220 sich
1326 3160 1477 3220 betrügen

1605 3160 1667 3220 wir
1689 3161 1752 3221 nun
1779 3163 1831 3223 nie
1853 3164 1942 3224 mehr
1964 3165 2079 3225 anders
2106 3166 2153 3226 als
2180 3166 2243 3226 mit
2265 3166 2365 3226 wehem
2408 3170 2528 3230 Lächeln
2561 3172 2587 3232 in
2614 3172 2660 3232 die
2682 3171 2777 3231 Hand

375 3193 463 3253 kraft
486 3195 580 3255 ihrer
609 3197 786 3257 Phantasie
820 3199 881 3259 und
915 3199 1003 3259 ihrer
1037 3204 1210 3264 Fähigkeit
1238 3205 1293 3265 zur
1328 3207 1543 3267 Leidenschaft

1603 3206 1737 3266 nehmen
1770 3208 1910 3268 können.
1949 3209 2040 3269 Denn
2073 3211 2153 3271 diese
2182 3211 2294 3271 Bücher
2322 3213 2386 3273 sind
2414 3214 2467 3274 für
2495 3214 2554 3274 uns
2582 3214 2662 3274 nicht
2689 3214 2759 3274 Dich

377 3236 430 3296 die
463 3238 522 3298 aus
561 3239 609 3299 der
642 3242 712 3302 Not
739 3244 869 3304 innerer
902 3247 1134 3307 Haltlosigkeit
1173 3250 1221 3310 die
1254 3248 1389 3308 Tugend
1422 3252 1561 3312 äußerer

1603 3250 1705 3310 tung,
1727 3251 1759 3311 sie
1787 3250 1851 3310 sind
1884 3251 1975 3311 unser
2003 3255 2192 3315 Tagebuch.
2231 3255 2300 3315 Wir
2328 3258 2425 3318 haben
2458 3258 2522 3318 uns
2550 3258 2614 3318 mit
2637 3259 2771 3319 anderen

377 3282 529 3342 Haltung
556 3285 703 3345 machen;
725 3288 767 3348 die
794 3288 830 3348 um
868 3288 914 3348 sich
936 3290 1025 3350 selbst
1041 3291 1142 3351 wissen
1174 3291 1231 3351 und
1258 3291 1284 3351 so
1311 3291 1321 3351 —
1369 3294 1500 3354 beinahe

1608 3292 1667 3352 und
1694 3296 1835 3356 weniger
1862 3297 1964 3357 zarten
1993 3297 2121 3357 Dingen
2149 3301 2181 3361 zu
2209 3300 2430 3360 beschäftigen,
2447 3301 2506 3361 wie
2528 3302 2587 3362 wir
2604 3302 2674 3362 auch
2701 3305 2782 3365 nicht

372 3329 507 3389 tragisch
535 3330 615 3390 sind.
632 3330 703 3390 Das
731 3333 887 3393 sterbende
910 3336 1148 3396 Jahrhundert
1165 3336 1235 3396 war
1257 3337 1328 3397 ihre
1350 3339 1447 3399 große
1470 3339 1561 3399 Zeit;

1603 3336 1630 3396 im
1673 3340 1781 3400 Jahre
1814 3339 1889 3399 1926
1922 3340 1981 3400 mit
2009 3342 2175 3402 Sylvester
2204 3345 2316 3405 Thorn
2349 3347 2403 3407 den
2442 3346 2538 3406 letzten
2571 3345 2668 3405 Gang
2701 3347 2760 3407 zum

381 3374 558 3434 „Liebelei“
592 3373 656 3433 hieß
689 3377 900 3437 bekennerisch
928 3379 982 3439 das
1015 3381 1122 3441 Werk,
1145 3381 1199 3441 das
1226 3381 1312 3441 ihren
1345 3382 1437 3442 Ruhm
1481 3383 1561 3443 über

1597 3379 1728 3439 Weiher
1755 3381 1771 3441 —
1829 3383 1855 3443 in
1893 3384 1946 3444 den
1978 3387 2109 3447 Weiher
2142 3387 2231 3447 gehen
2269 3390 2416 3450 wollten.
2459 3390 2533 3450 Wir
2565 3391 2660 3451 haben
2697 3392 2760 3452 uns

376 3414 427 3474 die
453 3416 535 3476 Erde
561 3419 659 3479 trug.
680 3422 741 3482 und
768 3423 803 3483 sie
829 3423 963 3483 alterten
1000 3425 1056 3485 mit
1083 3426 1185 3486 Herrn
1216 3426 1272 3486 von
1304 3426 1407 3486 Sala,
1428 3429 1479 3489 der
1505 3428 1540 3488 am

1596 3427 1792 3487 wenigstens
1824 3427 1893 3487 eine
1925 3431 2094 3491 Zeitlang,
2121 3432 2190 3492 nach
2217 3433 2322 3493 Salas
2355 3434 2455 3494 letzten
2493 3435 2619 3495 Worten
2657 3435 2768 3495 richter

380 3459 469 3519 Ende
496 3462 596 3522 seines
628 3465 786 3525 einsamen
818 3467 912 3527 Wegs
939 3469 991 3529 bei
1018 3467 1102 3527 leisem
1150 3469 1245 3529 Wind
1272 3469 1334 3529 und
1361 3472 1561 3532 Blätterfall

1599 3471 1743 3531 müssen:
1764 3470 1857 3530 mehr
1884 3475 2028 3535 Haltung
2060 3476 2121 3536 und
2148 3476 2292 3536 weniger
2319 3476 2427 3536 Geist,
2443 3478 2453 3538 —
2506 3478 2567 3538 und
2594 3479 2681 3539 wenn
2712 3482 2774 3542 wir

375 3503 401 3563 im
450 3506 574 3566 Garten
607 3507 655 3567 der
688 3510 715 3570 zu
748 3510 817 3570 spät
845 3512 1012 3572 Geliebten
1045 3512 1099 3572 das
1126 3515 1331 3575 Geständnis
1364 3516 1477 3576 macht,
1500 3518 1558 3578 mit

1603 3515 1674 3575 auch
1702 3518 1878 3578 inzwischen
1912 3519 2027 3579 wieder
2056 3522 2127 3582 Zeit
2155 3521 2204 3581 für
2232 3519 2325 3579 Geist
2348 3524 2502 3584 gefunden
2541 3524 2657 3584 haben,
2679 3524 2706 3584 so
2735 3524 2773 3584 ist

374 3551 453 3611 allem
501 3552 564 3612 nur
591 3554 728 3614 gespielt
755 3554 812 3614 und
845 3556 871 3616 so
898 3557 945 3617 ein
977 3559 1077 3619 Leben
1115 3560 1172 3620 und
1204 3558 1251 3618 ein
1284 3560 1379 3620 Glück
1406 3560 1558 3620 verspielt

1601 3558 1667 3618 doch
1699 3562 1858 3622 manches,
1880 3562 1977 3622 vieles
2003 3560 2013 3620 —
2065 3563 2105 3623 ist
2126 3566 2188 3626 fast
2209 3566 2286 3626 alles
2312 3566 2430 3626 anders
2456 3569 2647 3629 geworden.
2683 3567 2770 3627 Aber

375 3596 406 3656 zu
438 3598 527 3658 haben
560 3599 575 3659 .
591 3601 638 3661 ..
675 3599 976 3659 Neununddreißig
1003 3603 1108 3663 Jahre
1135 3602 1192 3662 sind
1219 3606 1382 3666 verflossen
1414 3605 1466 3665 seit
1488 3605 1535 3665 dem

1599 3605 1631 3665 es
1658 3605 1723 3665 sind
1750 3607 1814 3667 nur
1842 3606 1891 3666 die
1918 3609 2155 3669 Schwachköpfe
2189 3609 2248 3669 und
2275 3611 2513 3671 Dummköpfe,
2530 3613 2578 3673 die
2600 3611 2670 3671 ihre
2692 3612 2756 3672 Ver

377 3639 466 3699 Tag,
493 3643 529 3703 an
572 3643 624 3703 dem
678 3643 730 3703 die
762 3645 994 3705 Niederschrift
1026 3647 1189 3707 vollendet
1221 3650 1352 3710 wurde,
1379 3648 1442 3708 und
1480 3651 1547 3711 noch

1593 3650 1798 3710 gangenheit
1830 3652 1912 3712 nicht
1943 3653 2030 3713 wahr
2062 3655 2154 3715 haben
2191 3656 2324 3716 wollen.
2371 3654 2422 3714 So
2453 3656 2504 3716 oft
2531 3656 2592 3716 wir
2618 3656 2669 3716 der
2701 3656 2757 3716 ver

371 3684 491 3744 Immer
517 3685 602 3745 leben
639 3685 683 3745 die
709 3686 835 3746 Szenen
871 3689 905 3749 um
952 3691 1002 3751 den
1033 3691 1163 3751 Wiener
1189 3691 1330 3751 Anatol.

1597 3694 1762 3754 gangenen
1804 3696 1914 3756 Zeiten
1955 3697 2091 3757 denken,
2117 3697 2238 3757 werden
2284 3699 2344 3759 wir
2374 3698 2445 3758 auch
2481 3698 2607 3758 Deiner
2643 3700 2773 3760 denken,

455 3728 544 3788 Aber
577 3729 666 3789 Wien
714 3730 772 3790 das
810 3730 947 3790 deutsche
979 3735 1127 3795 Märchen
1165 3736 1201 3796 am
1250 3739 1498 3799 Donaustrom,
1519 3738 1556 3798 ist

1597 3738 1737 3798 Anatol.
1786 3741 1910 3801 Unsere
1943 3741 2061 3801 Grüße
2094 3742 2196 3802 wehen
2239 3743 2266 3803 in
2304 3745 2347 3805 ein
2385 3745 2508 3805 offenes
2547 3745 2654 3805 Grab.
2703 3745 2751 3805 Su

367 3774 460 3834 durch
495 3774 583 3834 einen
623 3772 746 3832 Krieg,
777 3776 845 3836 eine
880 3780 1101 3840 Revolution,
1131 3781 1220 3841 einen
1260 3784 1431 3844 Kronen=,
1457 3783 1545 3843 einen

1594 3784 1730 3844 bringen
1769 3787 1828 3847 nur
1856 3787 1910 3847 das
1944 3787 2057 3847 Letzte:
2080 3787 2194 3847 Dank.

368 3820 612 3880 Frankensturz
634 3820 696 3880 und
718 3825 866 3885 wehrer:
888 3826 1126 3886 Bankenstürze
1148 3829 1333 3889 gegangen.
1372 3832 1435 3892 Die
1456 3831 1556 3891 heim¬

2192 3826 2549 3886 Friedrich=Carl
2579 3829 2719 3889 Kobbe

2896 3026 3118 3086 Tkelzeichnung
3139 3029 3186 3089 aus
3207 3029 3254 3089 den
3284 3032 3331 3092 Ces

2903 3124 2942 3184 k.
2959 3128 3189 3188 Achtundsechgig
3214 3130 3308 3190 Jahre

2828 3169 2949 3229 geliebie
2979 3170 3089 3230 Stadt,
3112 3172 3147 3232 ist
3177 3172 3286 3232 Arthur

2823 3211 2874 3271 von
2901 3214 2984 3274 jenem
3021 3215 3239 3275 unerwarteten
3267 3220 3318 3280 und

2823 3255 2957 3315 Dramen
2989 3257 3045 3317 und
3072 3259 3278 3319 Erzählungen

2826 3300 2880 3360 mit
2902 3300 2950 3360 dem
2989 3303 3015 3363 er
3043 3301 3119 3361 schon
3147 3303 3200 3363 seit
3222 3303 3281 3363 vier

2820 3342 2882 3402 Der
2908 3345 2970 3405 Tod
2996 3345 3027 3405 ist
3054 3345 3100 3405 der
3126 3346 3198 3406 Pate
3225 3348 3317 3408 seiner

2822 3385 2881 3445 und
2902 3390 3023 3450 dunkel,
3044 3390 3109 3450 aber
3140 3392 3205 3452 kaum
3246 3393 3306 3453 noch

2817 3431 2902 3491 frühe
2930 3432 3100 3492 Erzählung
3133 3436 3181 3496 vom
3224 3438 3314 3498 „Ste

2821 3473 3010 3533 Erzählung,
3032 3476 3075 3536 die
3109 3476 3135 3536 im
3179 3479 3276 3539 Jahre
3309 3479 3319 3539 1

2814 3519 3052 3579 lungenkranken
3089 3521 3220 3581 Mannes
3252 3523 3317 3583 gesc

2815 3560 2910 3620 Leben
2940 3563 2997 3623 und
3021 3563 3065 3623 die
3089 3565 3170 3625 Liebe
3195 3566 3315 3626 klamme

2817 3605 2907 3665 deiser
2929 3608 3008 3668 Welt
3025 3608 3120 3668 gelebt
3137 3609 3200 3669 hat.
3217 3611 3264 3671 Ein
3291 3611 3301 3671 A

2810 3650 2909 3710 abkovd
2940 3650 2970 3710 in
3005 3652 3080 3712 allen
3120 3653 3314 3713 wesentlichen

2811 3691 2922 3751 blieben
2954 3694 2999 3754 ist.
3020 3694 3158 3754 Zwischen
3189 3697 3234 3757 der
3261 3697 3316 3757 Sze

2815 3736 2885 3796 spiel
2907 3736 3135 3796 „Liebelei"
3158 3739 3233 3799 stand
3256 3741 3299 3801 die

2816 3780 2930 3840 Stücken
2965 3783 3113 3843 vereinigt
3137 3784 3252 3844 worden
3286 3785 3309 3845 is

2809 3826 2956 3886 Frühzeit
2986 3829 2996 3889 —
3048 3829 3133 3889 „Das
3162 3831 3298 3891 Märchen
