3344 4352
996 923 1170 983 ARTHUR
1207 928 1470 988 SCHNITZLER

776 997 948 1057 tegemoet
974 998 1076 1058 golft;
1103 1001 1158 1061 wie
1189 1002 1223 1062 de
1254 1007 1554 1067 hartstochtelijke
1581 1009 1700 1069 ein¬

780 1034 875 1094 schap
914 1035 967 1095 van
1005 1037 1097 1097 elken
1140 1043 1377 1103 Oostenrijker
1407 1047 1486 1107 kent
1516 1047 1553 1107 om
1604 1049 1695 1109 zich-

771 1073 835 1133 zelf
856 1073 884 1133 te
909 1075 1030 1135 hooren
1064 1079 1205 1139 praten,
1222 1081 1279 1141 zal
1295 1082 1360 1142 zich
1393 1085 1470 1145 mijn
1499 1088 1690 1148 verrassing

775 1112 835 1172 nog
872 1112 964 1172 beter
997 1115 1134 1175 kunnen
1175 1121 1398 1181 voorstellen.
1423 1124 1487 1184 Het
1520 1125 1544 1185 is
1577 1128 1693 1188 inder¬

773 1149 857 1209 daad
897 1150 1055 1210 alleszins
1091 1157 1325 1217 begrijpelijk,
1348 1161 1409 1221 dat
1441 1162 1471 1222 90
1515 1164 1599 1224 pCt.
1639 1166 1692 1226 der

766 1191 1127 1251 Duitsch-sprekende
1160 1198 1433 1258 tooneelspelers
1466 1201 1514 1261 uit
1543 1204 1693 1264 Oosten¬

769 1225 823 1285 rijk
857 1227 974 1287 komt.
995 1228 1036 1288 De
1070 1231 1154 1291 vaak
1188 1236 1343 1296 bespotte
1377 1240 1620 1300 verafgoding,
1641 1244 1691 1304 die

773 1264 793 1324 in
831 1265 973 1325 Weenen
1007 1268 1044 1328 de
1079 1272 1250 1332 „sterren”
1280 1274 1313 1334 en
1347 1276 1455 1336 allen,
1477 1279 1526 1339 die
1557 1280 1589 1340 er
1619 1282 1686 1342 zich

768 1301 834 1361 zelf
860 1303 934 1363 voor
964 1309 1118 1369 houden,
1135 1312 1315 1372 genieten,
1332 1315 1357 1375 is
1382 1315 1436 1375 een
1466 1320 1687 1380 noodwendig

769 1342 877 1402 gevolg
907 1344 965 1404 van
998 1345 1065 1405 dien
1099 1347 1123 1407 in
1153 1350 1245 1410 stilte
1271 1353 1512 1413 gekoesterden
1542 1359 1696 1419 wensch,

770 1377 803 1437 om
845 1380 915 1440 toch
945 1383 999 1443 een
1028 1386 1115 1446 eigen
1145 1389 1332 1449 luisterend
1358 1394 1486 1454 publiek
1516 1397 1540 1457 te
1566 1398 1682 1458 mogen

771 1419 916 1479 hebben.
934 1422 975 1482 De
1005 1424 1129 1484 armste
1155 1429 1321 1489 kommies
1347 1431 1400 1491 wil
1422 1433 1467 1493 ten
1501 1435 1622 1495 minste
1651 1437 1684 1497 de

771 1459 1016 1519 Demosthenes
1046 1463 1103 1523 van
1137 1467 1195 1527 zijn
1229 1470 1532 1530 koffiehuisclubje
1566 1476 1694 1536 wezen.

766 1496 847 1556 Veel
873 1500 1105 1560 belangrijker
1136 1505 1196 1565 dan
1230 1506 1268 1566 de
1299 1509 1428 1569 koffie,
1445 1511 1471 1571 is
1501 1512 1548 1572 ten
1587 1515 1686 1575 slotte

766 1533 801 1593 de
832 1538 1048 1598 bevrediging
1080 1542 1141 1602 van
1173 1546 1265 1606 eigen
1301 1547 1483 1607 ijdelheid,
1501 1550 1549 1610 die
1580 1554 1633 1614 hij
1655 1553 1681 1613 in

766 1574 826 1634 het
849 1577 923 1637 café
949 1579 1010 1639 kan
1041 1582 1206 1642 smaken.

1440 1674 1505 1734 Een
1544 1678 1680 1738 zwijger

804 1721 885 1781 Voor
911 1727 1035 1787 Arthur
1062 1730 1255 1790 Schnitzler
1281 1731 1306 1791 is
1333 1733 1388 1793 het
1415 1735 1470 1795 van
1500 1738 1685 1798 beslissen¬

759 1762 796 1822 de
821 1762 1016 1822 beteekenis
1037 1765 1199 1825 geweest,
1216 1771 1274 1831 dat
1296 1773 1345 1833 hij
1366 1774 1424 1834 van
1454 1774 1507 1834 den
1537 1777 1682 1837 beginne

755 1801 787 1861 af
820 1801 876 1861 aan
917 1803 969 1863 een
1011 1804 1145 1864 zwijger
1182 1808 1287 1868 werd,
1312 1811 1467 1871 zeldzaam
1520 1815 1682 1875 bezoeker

761 1838 818 1898 van
856 1840 893 1900 de
927 1843 1130 1903 stamcafé's
1164 1846 1222 1906 der
1256 1849 1455 1909 schrijvers,
1481 1852 1539 1912 ook
1577 1854 1605 1914 in
1643 1855 1680 1915 de

759 1878 860 1938 eerste
884 1882 1001 1942 jaren,
1018 1882 1087 1942 toen
1120 1885 1156 1945 de
1180 1885 1257 1945 roem
1298 1888 1358 1948 van
1387 1891 1448 1951 zijn
1477 1891 1594 1951 succes
1619 1894 1675 1954 nof

752 1918 833 1978 geen
881 1921 1107 1981 schutsmuur
1150 1924 1279 1984 rondom
1340 1928 1403 1988 hem
1464 1931 1527 1991 had
1575 1935 1656 1995 opge

755 1956 923 2016 trokken.

795 1995 929 2055 Zonder
961 2000 1193 2060 overdrijving
1235 2004 1297 2064 kan
1334 2006 1411 2066 men
1453 2007 1515 2067 wel
1541 2011 1665 2071 zegger

752 2034 816 2094 dat
840 2034 888 2094 die
917 2037 1021 2097 zucht
1046 2040 1130 2100 naar
1159 2043 1300 2103 dispuut
1328 2043 1404 2103 voor
1429 2048 1602 2108 menigeen
1639 2047 1650 2107 e

758 2073 916 2133 werkelijk
950 2076 1025 2136 niet
1051 2076 1125 2136 voor
1155 2079 1188 2139 de
1218 2082 1368 2142 minsten
1402 2085 1506 2145 onder
1532 2086 1569 2146 de
1599 2087 1661 2147 Oos

748 2114 962 2174 tenrijksche
993 2118 1164 2178 dichters,
1186 2121 1400 2181 verderfelijk
1435 2124 1460 2184 is
1487 2124 1658 2184 geworder

748 2150 781 2210 Ik
815 2150 868 2210 zou
903 2151 935 2211 ze
965 2153 1015 2213 bij
1040 2156 1220 2216 tientallen
1258 2159 1395 2219 kunnen
1429 2162 1596 2222 noemen,
1617 2165 1671 2225 ool

753 2189 798 2249 uit
820 2189 982 2249 diegenen
1012 2192 1062 2252 die
1087 2194 1141 2254 zoo
1167 2198 1380 2258 schitterend
1405 2199 1551 2259 inzetten
1581 2204 1672 2264 maa.

746 2226 797 2286 als
832 2228 943 2288 offers
977 2231 1033 2291 der
1067 2233 1255 2293 Weensche
1294 2239 1470 2299 traagheid
1513 2241 1547 2301 al
1599 2243 1658 2303 hee

749 2270 833 2330 gauw
874 2267 954 2327 weer
987 2273 1225 2333 verstomden,
1245 2276 1322 2336 wien
1358 2276 1419 2336 het
1447 2277 1507 2337 wel
1532 2279 1584 2339 zoo
1617 2280 1673 2340 ge¬

746 2309 926 2369 makkelijk
966 2310 1142 2370 voorkwam
1189 2315 1228 2375 om
1275 2315 1340 2375 hun
1379 2318 1477 2378 blank
1513 2321 1667 2381 geslepen

744 2346 852 2406 frasen
894 2347 931 2407 en
974 2350 1187 2410 filosofische
1230 2355 1560 2415 schermutselingen
1607 2359 1665 2419 aan

744 2383 775 2443 de
811 2386 1095 2446 koffiehuistafel
1123 2389 1158 2449 of
1185 2391 1220 2451 op
1256 2392 1313 2452 den
1354 2395 1585 2455 nachtelijken
1621 2393 1669 2453 te-

742 2425 870 2485 rugweg
905 2425 931 2485 in
970 2425 1008 2485 de
1039 2427 1124 2487 stille
1159 2431 1288 2491 straten
1327 2431 1378 2491 uit
1426 2434 1456 2494 te
1508 2435 1654 2495 strooien

742 2464 887 2524 waarbij
912 2464 949 2524 ze
980 2467 1079 2527 zeker
1113 2468 1242 2528 konden
1280 2470 1342 2530 zijn
1380 2471 1438 2531 van
1476 2474 1671 2534 onmiddel-

737 2502 839 2562 lijken
870 2503 994 2563 bijval,
1012 2506 1074 2566 dan
1105 2507 1140 2567 de
1167 2509 1291 2569 moeite
1318 2510 1344 2570 te
1371 2512 1491 2572 nemen
1522 2514 1557 2574 om
1602 2515 1663 2575 hun

742 2541 933 2601 gedachten
963 2544 1033 2604 met
1055 2544 1125 2604 zorg
1155 2544 1233 2604 neer
1259 2547 1287 2607 te
1313 2547 1500 2607 schrijven.

784 2580 825 2640 En
863 2580 887 2640 ik
925 2583 983 2643 zou
1021 2583 1079 2643 ook
1117 2586 1253 2646 kunnen
1291 2586 1474 2646 vertellen,
1499 2589 1561 2649 hoe
1595 2591 1665 2651 me¬

739 2619 856 2679 nigeen
888 2622 1088 2682 omgekeerd
1123 2622 1178 2682 den
1214 2624 1272 2684 hem
1320 2623 1390 2683 niet
1414 2625 1660 2685 toekomenden

740 2658 904 2718 rijkdom,
933 2661 1179 2721 weggeworpen
1220 2661 1268 2721 als
1300 2661 1352 2721 een
1393 2664 1671 2724 sigarenpuntje,

736 2697 899 2757 opraapte
930 2697 959 2757 en
991 2697 1089 2757 mede
1111 2700 1184 2760 met
1207 2700 1288 2760 hulp
1314 2700 1465 2760 dáárvan
1496 2703 1560 2763 zich
1591 2705 1663 2765 om¬

740 2732 822 2792 hoog
858 2735 958 2795 heeft
984 2735 1206 2795 gewerkt...

774 2771 907 2831 Dokter
939 2774 1066 2834 Arthur
1098 2777 1293 2837 Schnitzler
1325 2777 1409 2837 hield
1445 2778 1506 2838 zijn
1542 2780 1661 2840 beroep

740 2810 926 2870 voorloopig
964 2813 1172 2873 angstvallig
1210 2816 1322 2876 buiten
1364 2816 1401 2876 de
1451 2819 1663 2879 gevaarlijke

736 2849 946 2909 conversatie
983 2852 1039 2912 der
1072 2854 1324 2914 artistenclubs
1357 2854 1389 2914 en
1430 2855 1470 2915 na
1503 2858 1563 2918 zijn
1608 2854 1664 2914 be¬

740 2891 872 2951 keering
899 2891 950 2951 tot
972 2891 1010 2951 de
1032 2893 1255 2953 litteratuur,
1272 2894 1336 2954 was
1358 2894 1410 2954 hij
1427 2895 1474 2955 bij
1492 2894 1530 2954 de
1556 2897 1663 2957 eerste

734 2927 829 2987 trede
859 2929 991 2989 meteen
1025 2929 1078 2989 zóó
1112 2931 1195 2991 hoog
1233 2932 1412 2992 gestegen,
1437 2932 1495 2992 dat
1524 2932 1574 2992 hij
1603 2935 1661 2995 het

738 2965 762 3025 in
792 2965 879 3025 eigen
913 2968 1000 3028 hand
1029 2968 1091 3028 had
1121 2969 1154 3029 om
1196 2968 1249 3028 tot
1271 2969 1333 3029 zich
1366 2970 1395 3030 te
1421 2971 1503 3031 laten
1537 2973 1653 3033 komen

739 3004 811 3064 wien
844 3007 892 3067 hij
916 3007 1013 3067 maar
1038 3007 1208 3067 wenschte
1236 3007 1268 3067 te
1293 3009 1357 3069 zien
1390 3010 1426 3070 of
1447 3010 1474 3070 te
1503 3012 1668 3072 spreken,

737 3043 853 3103 vooral
878 3046 1040 3106 diegenen
1074 3047 1161 3107 naar
1195 3046 1249 3106 wie
1283 3049 1332 3109 hij
1362 3049 1453 3109 wilde
1482 3050 1665 3110 luisteren.

782 3084 876 3144 Want
911 3085 971 3145 zijn
1014 3085 1104 3145 leven
1148 3085 1224 3145 lang
1264 3086 1358 3146 bleef
1388 3088 1581 3148 Schnitzler
1621 3090 1659 3150 de

730 3124 842 3184 groote
872 3124 1027 3184 zwijger,
1049 3121 1061 3181 —
1111 3124 1165 3184 hij
1191 3124 1229 3184 de
1259 3124 1371 3184 meest
1397 3124 1565 3184 bevoegde
1599 3125 1661 3185 ka¬

732 3162 1007 3222 rakterschetser
1033 3161 1089 3221 der
1119 3160 1304 3220 Wensche
1334 3162 1484 3222 burgerij
1511 3163 1540 3223 en
1579 3165 1652 3225 toch

730 3201 788 3261 van
822 3201 876 3261 zoo
906 3201 1022 3261 totaal
1044 3199 1304 3259 on-Weensche
1329 3203 1588 3263 geslotenheid,
1610 3204 1660 3264 die

732 3240 995 3300 oppervlakkige
1032 3240 1211 3300 kennissen
1252 3240 1385 3300 gewoon
1447 3242 1552 3302 waren
1613 3243 1661 3303 als

726 3279 915 3339 hoogmoed
950 3279 979 3339 te
1010 3279 1225 3339 misprijzen.
1247 3279 1281 3339 In
1316 3281 1565 3341 werkelijkheid
1600 3281 1660 3341 be-

734 3318 896 3378 teekende
921 3318 983 3378 dat
1001 3318 1138 3378 zwijgen
1167 3318 1238 3378 toch
1267 3318 1354 3378 niets
1380 3319 1504 3379 anders
1526 3320 1588 3380 dan
1617 3321 1654 3381 de

726 3356 889 3416 keerzijde
919 3356 977 3416 van
1011 3356 1238 3416 Schnitzler’s
1264 3357 1360 3417 groot
1390 3356 1423 3416 en
1457 3357 1654 3417 uitzonder¬

726 3393 781 3453 lijk
816 3395 944 3455 talent,
966 3395 1025 3455 dat
1052 3395 1102 3455 hij
1124 3395 1154 3455 in
1189 3395 1240 3455 zoo
1275 3395 1390 3455 groote
1421 3396 1506 3456 mate
1540 3397 1656 3457 bezat:

728 3432 781 3492 hij
815 3434 973 3494 verstond
1019 3434 1056 3494 de
1094 3434 1202 3494 kunst
1240 3434 1298 3494 van
1344 3437 1560 3497 toeluisteren
1606 3437 1656 3497 als

734 3473 918 3533 weinigen.

765 3510 907 3570 Critisch
942 3509 1058 3569 zooals
1084 3511 1196 3571 iedere
1257 3512 1459 3572 fijnzinnige
1520 3512 1648 3572 kenner

728 3549 788 3609 had
817 3548 869 3608 hij
889 3547 925 3607 de
950 3547 1124 3607 gewoonte
1153 3546 1185 3606 de
1214 3548 1364 3608 woorden
1396 3550 1429 3610 op
1458 3550 1510 3610 een
1543 3553 1647 3613 goud¬

724 3589 845 3649 schaal
870 3586 898 3646 te
927 3586 1057 3646 wegen.
1078 3589 1154 3649 Elke
1183 3589 1321 3649 valsche
1351 3589 1424 3649 toon
1461 3589 1530 3649 trof
1554 3589 1651 3649 hem;

724 3625 784 3685 van
821 3627 869 3687 uit
898 3625 959 3685 zijn
996 3626 1337 3686 waarnemingspost
1390 3628 1545 3688 beloerde
1602 3629 1654 3689 hij

728 3664 835 3724 iedere
861 3667 981 3727 poging
1011 3665 1060 3725 tot
1086 3667 1281 3727 pathetisch
1315 3667 1502 3727 zelibedrog
1536 3668 1565 3728 en
1590 3670 1648 3730 het

728 3703 815 3763 blijft
840 3703 899 3763 zijn
937 3706 1238 3766 onvergankelijke
1268 3705 1460 3765 verdienste
1494 3706 1540 3766 die
1574 3706 1648 3766 ker-

726 3739 784 3799 mis
818 3741 877 3801 der
906 3743 1065 3803 ijdelheid
1108 3743 1166 3803 van
1209 3744 1242 3804 ee
1276 3744 1447 3804 nbepaald
1486 3744 1561 3804 deel
1591 3745 1649 3805 der

726 3780 1010 3840 vóóroorlogsche
1039 3783 1307 3843 maatschappij

1349 3783 1420 3843 met
1470 3783 1639 3843 lichtelijk

726 3819 1008 3879 sentimenteelen
1037 3822 1116 3882 spot
1141 3822 1166 3882 te
1195 3822 1319 3882 hebben
1353 3822 1648 3882 tentoongesteld.

1349 3906 1421 3966 lets
1451 3909 1648 3969 verbetens

764 3965 860 4025 Maar
889 3965 974 4025 juist
1007 3965 1079 4025 deze
1116 3967 1298 4027 voorname
1335 3968 1643 4028 teruggetrokken¬

723 4003 797 4063 heid
831 4006 881 4066 die
914 4004 968 4064 ver
998 4004 1110 4064 buiten
1143 4007 1201 4067 het
1231 4007 1380 4067 gedrang
1414 4007 1538 4067 slechts
1572 4008 1642 4068 met

723 4045 859 4105 enkelen
896 4040 908 4100 —
957 4041 1090 4101 tevoren
1143 4046 1340 4106 zorgvuldig
1393 4046 1635 4106 uitgekozenen

785 4085 930 4145 omgang
961 4083 1072 4143 heeft,
1090 4085 1125 4145 ze
1152 4085 1213 4145 aan
1245 4085 1311 4145 zich
1342 4086 1408 4146 zelf
1431 4085 1576 4145 ontdekt
1603 4088 1638 4148 en
