3392 4352
215 264 347 324 12.

173 2854 238 2914 kalle
268 2856 316 2916 zum
358 2858 465 2918 Opfer.
490 2856 507 2916 E

174 2897 250 2957 siten,
273 2899 343 2959 viele
371 2897 528 2957 Haustiere

172 2938 242 2998 Raub
275 2938 318 2998 der
341 2941 514 3001 Flammen.

170 2983 220 3043 ins
248 2980 406 3040 Leben.

223 3022 307 3082 sind
344 3025 522 3085 obdachl

178 3067 383 3127 illionen
425 3070 535 3130 Kroi

167 3109 192 3169 sil
219 3109 297 3169 arme
329 3111 470 3171 Bauern.
492 3111 507 3171 D

180 3153 242 3213 eit
274 3153 347 3213 von
384 3153 520 3213 Kinde

190 3281 498 3341 Mensche

193 3335 301 3395 Arbeit
330 3338 438 3398 bester
467 3337 519 3397 Krö

193 3379 362 3439 Stimmung
402 3380 517 3440 notwen

164 3420 230 3480 jers,
255 3422 302 3482 zur
326 3422 488 3482 Behebung

171 3464 454 3524 nzuverssiges

205 3791 296 3851 mit
333 3792 544 3852 Menthe

164 3861 216 3921 end
238 3861 407 3921 zurlund-,
418 3861 529 3921 Zohn-u

169 3905 270 3965 tachen
291 3906 417 3966 enderen
438 3906 549 3966 Zwecke

164 3959 264 4019 Itlich.
275 3962 432 4022 Verlangen
454 3962 496 4022 Sie
517 3962 548 4022 au

161 4005 205 4065 Sie
231 4006 279 4066 nur
300 4006 439 4066 „Olana".
459 4005 548 4065 Minde

155 4049 281 4109 perglsch
310 4049 526 4109 zurückzuwels

260 4153 335 4213 Aa

1514 266 1635 326 box
1712 270 1895 330 42/9

948 276 984 336 s
1050 265 1280 325 Death

414 268 783 328 Schnitzl

765 786 967 846 Rodaktien,
975 789 1268 849 Administration,
1283 792 1485 852 Uruckeral:

764 837 791 897 I.
808 835 1046 895 Schubertring,
1069 839 1262 899 Fichtegasse
1290 840 1350 900 Nr.
1368 841 1478 901 9—11.

937 912 1306 972 Telephon-Nummern:

832 962 1005 1022 Redaktion

1194 965 1405 1025 U-18-5-95.

829 1004 1093 1064 Administration

1199 1007 1402 1067 U-17-0-35.

833 1046 1053 1106 Inserat.-Abt.

1198 1049 1400 1109 U-17-4-41.

764 1110 1010 1170 Geschüftsstelle
1029 1113 1077 1173 für
1096 1112 1137 1172 die
1150 1115 1469 1175 Czochoslowakische

1029 1150 1202 1210 Ropublik:

774 1195 866 1255 Prag,
883 1195 963 1255 XII.,
980 1195 1099 1255 Orlicka
1122 1198 1154 1258 4.
1181 1198 1251 1258 Tel.
1268 1199 1322 1259 Nr.
1339 1199 1453 1259 542-41.

875 1242 1078 1302 Administration
1100 1243 1139 1303 für
1156 1243 1190 1303 die
1213 1246 1351 1306 Mlowakel:

819 1274 855 1334 M.
868 1273 961 1333 Walss,
981 1276 1135 1336 Beutialawa,
1154 1279 1371 1339 Plachertorguaso
1391 1282 1415 1342 2.

755 1336 1032 1396 Strassenverkauf
1062 1336 1148 1396 durch
1187 1339 1234 1399 die
1263 1341 1464 1401 Kolporteure

759 1377 806 1437 der
833 1377 928 1437 Firma
956 1380 1205 1440 Goldschmiedt,
1216 1382 1242 1442 I.
1253 1383 1401 1443 Wollzeile
1428 1387 1475 1447 11.

751 1442 1049 1502 Bezugsbedingungen
1088 1444 1109 1504 im
1148 1446 1239 1506 innern
1272 1448 1321 1508 des
1348 1449 1473 1509 Blattea.

824 1580 941 1640 Nr.
973 1592 1200 1652 24105

831 1712 853 1772 Im
885 1715 1066 1775 redastionellen
1089 1718 1144 1778 Tell
1162 1718 1261 1778 (Kleine
1281 1718 1393 1778 Chronkk,
1412 1721 1585 1781 Lokalbericht,
1599 1724 1866 1784 Theaternacheichten,

754 1747 901 1807 Geztomist)
924 1753 1066 1813 enthaltene
1089 1755 1242 1815 entgeliliche
1270 1757 1444 1817 Mitteilungen
1472 1759 1521 1819 sind
1549 1760 1620 1820 durch
1648 1762 1680 1822 ein
1708 1765 1866 1825 dorgesetztes

754 1789 830 1849 .
842 1789 956 1849 kenntlich
973 1789 1092 1849 gemacht.

907 1941 1199 2001 Arthur
1259 1948 1713 2008 Schnitzler.

1088 2016 1142 2076 Von
1171 2019 1266 2079 Karl
1294 2024 1527 2084 Schönherr.

843 2093 1002 2153 Schwere,
1022 2097 1148 2157 finstere
1182 2100 1321 2160 Schatten
1362 2103 1501 2163 drängen
1535 2105 1587 2165 sich
1621 2107 1734 2167 immer
1768 2109 1867 2169 näher

743 2147 775 2207 an
809 2149 864 2209 uns
898 2150 1007 2210 heran.
1025 2153 1151 2213 Immer
1180 2155 1312 2215 dunkler
1335 2158 1450 2218 werden
1484 2159 1528 2219 die
1556 2162 1716 2222 Straßen,
1739 2164 1782 2224 die
1811 2165 1865 2225 wir

750 2204 998 2264 durchschreiten.
1024 2207 1114 2267 Nicht
1146 2209 1229 2269 mehr
1255 2212 1350 2272 lange
1376 2213 1478 2273 währt
1511 2214 1536 2274 es
1575 2219 1632 2279 und
1665 2219 1721 2279 wir
1748 2222 1855 2282 tappen

747 2261 771 2321 im
810 2262 969 2322 Finstern.
995 2264 1065 2324 Man
1104 2264 1173 2324 steht
1200 2269 1410 2329 fassungslos,
1436 2271 1531 2331 stumm
1570 2273 1633 2333 und
1660 2276 1863 2336 erschüttert:

742 2315 814 2375 Vor
848 2316 900 2376 uns
942 2321 1014 2381 liegt
1048 2319 1087 2379 ein
1121 2323 1267 2383 Großer,
1294 2327 1453 2387 Einsamer
1487 2325 1500 2385 —
1561 2329 1620 2389 und
1660 2333 1760 2393 zuletzt
1794 2333 1859 2393 auch

744 2371 943 2431 vereinsamt,
968 2374 1028 2434 wie
1053 2374 1083 2434 es
1121 2378 1314 2438 hierzulande
1351 2380 1399 2440 der
1430 2383 1545 2443 Brauch
1582 2383 1630 2443 ist.

835 2429 894 2489 Ihn
934 2431 1046 2491 konnte
1074 2431 1126 2491 das
1160 2434 1240 2494 nicht
1267 2437 1479 2497 überraschen,
1506 2438 1579 2498 denn
1613 2440 1645 2500 er
1673 2443 1778 2503 wußte
1806 2443 1851 2503 als

738 2482 817 2542 Arzt
844 2485 903 2545 und
937 2486 1056 2546 Dichter
1090 2490 1215 2550 doppelt
1243 2491 1295 2551 gut
1322 2492 1461 2552 Bescheid
1495 2492 1527 2552 um
1575 2494 1634 2554 das
1668 2497 1760 2557 Leben
1794 2498 1853 2558 und

744 2536 788 2596 die
814 2539 992 2599 Menschen.
1012 2541 1056 2601 Er
1082 2543 1183 2603 wußte
1210 2545 1247 2605 um
1293 2546 1337 2606 die
1363 2550 1592 2610 verborgensten
1625 2552 1854 2612 Geheimgänge

741 2592 783 2652 der
810 2595 915 2655 Scelen
948 2595 1005 2655 und
1038 2596 1069 2656 um
1112 2600 1175 2660 sehr
1197 2600 1260 2660 viel
1282 2599 1372 2659 Leid,
1394 2601 1446 2661 das
1473 2604 1499 2664 er
1526 2604 1584 2664 mit
1606 2605 1717 2665 immer
1738 2608 1854 2668 wachen

739 2645 841 2705 Augen
874 2647 928 2707 und
961 2649 1183 2709 schmerzlicher
1210 2655 1345 2715 Neugier
1373 2655 1405 2715 am
1443 2658 1562 2718 eigenen
1600 2658 1687 2718 Leibe
1725 2661 1859 2721 durchlitt

742 2700 794 2760 und
825 2701 948 2761 erlebte.
972 2703 1048 2763 Aber
1072 2706 1101 2766 er
1131 2706 1183 2766 ließ
1213 2706 1242 2766 es
1272 2709 1413 2769 niemand
1443 2712 1584 2772 merken.
1608 2714 1678 2774 Sein
1708 2717 1837 2777 Schmer

740 2755 852 2815 dünkte
878 2755 922 2815 ihn
955 2758 985 2818 zu
1017 2761 1087 2821 groß
1119 2760 1168 2820 für
1195 2761 1251 2821 das
1277 2765 1434 2825 wohlfeile
1460 2765 1579 2825 Mitleid
1611 2767 1662 2827 der
1688 2770 1794 2830 Leute.

828 2810 869 2870 Es
905 2810 957 2870 soll
982 2813 1010 2873 in
1047 2816 1135 2876 diesem
1183 2816 1372 2876 Augenblick
1402 2822 1496 2882 nichts
1526 2822 1632 2882 weiter
1662 2825 1762 2885 gesagt
1792 2825 1850 2885 und

733 2869 912 2929 geschrieben
949 2870 1033 2930 sein,
1058 2873 1129 2933 denn
1166 2873 1226 2933 das
1256 2875 1334 2935 flitzt
1365 2876 1424 2936 und
1455 2878 1611 2938 flimmert
1642 2881 1719 2941 einem
1774 2881 1846 2941 alles

736 2922 793 2982 viel
817 2926 845 2986 zu
876 2925 956 2985 nahe
980 2927 1037 2987 und
1067 2928 1095 2988 zu
1125 2929 1229 2989 knapp
1259 2930 1311 2990 vor
1335 2932 1386 2992 den
1415 2932 1543 2992 Augen.

824 2977 952 3037 Gestern
993 2981 1060 3041 früh
1095 2984 1216 3044 brachte
1244 2986 1304 3046 mir
1340 2987 1386 3047 die
1421 2989 1495 3049 Post
1529 2992 1583 3052 sein
1625 2992 1719 3052 letztes
1760 2995 1854 3055 Buch.

738 3034 779 3094 Es
807 3037 925 3097 heißt:
960 3040 1098 3100 „Flucht
1128 3040 1148 3100 in
1190 3041 1230 3101 die
1260 3043 1474 3103 Finsternis."

831 3091 931 3151 Ueber
957 3094 1044 3154 Hals
1076 3096 1133 3156 und
1171 3098 1259 3158 Kopf
1291 3100 1328 3160 ist
1354 3100 1385 3160 er
1424 3100 1479 3160 aus
1512 3103 1567 3163 der
1593 3103 1681 3163 Welt
1714 3109 1851 3169 geflohen

734 3145 795 3205 und
826 3147 900 3207 weiß
938 3149 999 3209 viel
1025 3150 1110 3210 mehr
1142 3152 1185 3212 als
1222 3153 1278 3213 wir
1309 3154 1382 3214 alle.

807 3309 1055 3369 Neuer
1129 3319 1770 3379 60=Millionen¬

811 3413 1088 3473 Kredit
1129 3418 1233 3478 für
1288 3425 1778 3485 Oesterreich.

738 3500 818 3560 Das
860 3506 1092 3566 Ergehnis
1124 3507 1194 3567 der
1226 3510 1407 3570 Pariser
1439 3512 1844 3572 Verhandlungen.

1467 3583 1601 3643 Wien.
1620 3583 1664 3643 23.
1683 3586 1816 3646 Oktober.

869 3640 958 3700 Auf
989 3643 1139 3703 Grund
1178 3646 1245 3706 der
1276 3647 1539 3707 finanziellen
1585 3651 1803 3711 Verhand¬

770 3698 920 3758 lungen
964 3700 996 3760 in
1040 3703 1197 3763 Paris,
1229 3703 1291 3763 die
1323 3703 1392 3763 von
1437 3706 1637 3766 Minister
1670 3709 1713 3769 a.
1738 3712 1794 3772 D.

770 3753 848 3813 Dr.
885 3754 987 3814 Juch
1036 3756 1212 3816 geführt
1255 3759 1454 3819 wurden,
1492 3760 1564 3820 hat
1613 3762 1673 3822 sich
1728 3765 1788 3825 die

769 3807 889 3867 Bank
926 3810 1000 3870 von
1041 3812 1295 3872 Frankreich
1337 3813 1469 3873 bereit
1505 3816 1690 3876 erklärt,
1725 3819 1788 3879 der

770 3867 1150 3927 Oesterreichischen
1201 3870 1520 3930 Nationalbank
1564 3873 1600 3933 im
1663 3876 1785 3936 Wege

770 3921 832 3981 der
883 3920 945 3980 B.
983 3923 1039 3983 J.
1083 3926 1139 3986 J.
1178 3923 1290 3983 einen
1341 3926 1496 3986 Kredit
1541 3926 1616 3986 von
1673 3930 1779 3990 rund

779 3980 908 4040 sechzig
941 3979 1162 4039 Millionen
1202 3983 1403 4043 Schilling
1436 3986 1468 4046 in
1508 3986 1676 4046 Devisen
1710 3988 1780 4048 zur

776 4031 1020 4091 Verküanna
1059 4036 1097 4096 zu
1143 4038 1303 4098 stellen.
1329 4040 1406 4100 Die
1445 4040 1624 4100 diesmal
1664 4043 1785 4103 unter

2206 852 2641 912 Neue

2197 1409 2709 1469 Morgenblatt.

1907 1607 2093 1667 Wien,
2132 1613 2382 1673 Freitag,
2421 1616 2509 1676 den
2560 1618 2671 1678 23.
2698 1622 2935 1682 Oktober

2137 1897 2361 1957 Ein
2479 1908 2955 1968 Erfolg

2456 2095 2972 2155 Kuserer

1927 2242 3046 2302 Sechzig=Millionen=Schilling=Kredit

1971 2333 2248 2393 mittlung
2293 2337 2381 2397 der
2428 2338 2493 2398 B.
2516 2338 2581 2398 J.
2605 2338 2671 2398 Z.
2706 2343 2905 2403 Große
2940 2338 3061 2398 Wiz

2647 2458 2778 2518 Wien,
2793 2461 2841 2521 23.
2862 2463 3000 2523 Oktober.

2007 2528 2066 2588 Ein
2097 2528 2284 2588 Lichtpunkt
2307 2530 2336 2590 in
2367 2532 2418 2592 der
2442 2532 2531 2592 Serie
2562 2530 2613 2590 des
2644 2530 2785 2590 Unheils.
2809 2530 2913 2590 Durch
2944 2530 3025 2590 einen

1914 2574 1977 2634 Akt
2003 2575 2054 2635 der
2080 2577 2329 2637 Großzügigheit
2362 2577 2406 2637 der
2438 2577 2572 2637 Banque
2605 2578 2636 2638 de
2662 2577 2783 2637 France
2809 2577 2924 2637 werden
2963 2577 3020 2637 uns

1912 2620 1989 2680 nicht
2023 2620 2078 2680 nur
2112 2619 2155 2679 die
2189 2622 2360 2682 bisherigen
2400 2622 2715 2682 Währungskredite
2744 2622 2960 2682 prolongiert,
2994 2623 3026 2683 es

1909 2667 1984 2727 wird
2019 2666 2076 2726 uns
2118 2667 2187 2727 auch
2216 2667 2303 2727 jener
2333 2667 2407 2727 Teil
2437 2667 2489 2727 des
2524 2669 2721 2729 Vorschusses
2757 2669 2808 2729 der
2843 2668 2930 2728 Bank
2971 2667 3023 2727 von

1909 2712 2050 2772 England
2079 2712 2334 2772 zurüchgegeben,
2358 2715 2402 2775 den
2432 2715 2488 2775 wir
2512 2715 2624 2775 infolge
2648 2718 2698 2778 der
2722 2717 3022 2777 außerordentlichen

1909 2759 1993 2819 Krise
2022 2759 2072 2819 des
2107 2759 2266 2819 Londoner
2295 2759 2442 2819 Marktes
2477 2762 2624 2822 während
2659 2762 2709 2822 des
2738 2762 2885 2822 Herbstes
2931 2762 3021 2822 haben

1910 2807 2094 2867 refundieren
2141 2807 2273 2867 müssen.
2327 2807 2401 2867 Wir
2442 2807 2621 2867 bekommen
2680 2809 2743 2869 also
2795 2807 2841 2867 die
2893 2808 3026 2868 Gewiß¬

1914 2852 1987 2912 heit,
2018 2853 2073 2913 daß
2110 2855 2177 2915 jene
2209 2855 2480 2915 hundertneunzig
2518 2855 2683 2915 Millionen
2720 2855 2750 2915 in
2789 2855 2843 2915 den
2887 2855 3016 2915 nächsten

1910 2900 1969 2960 drei
1994 2903 2139 2963 Monaten
2176 2903 2255 2963 nicht
2286 2903 2418 2963 plötzlich
2449 2903 2498 2963 dem
2547 2903 2673 2963 Stande
2704 2903 2752 2963 der
2777 2903 3019 2963 Nationalbank

1903 2947 2046 3007 entzogen
2074 2947 2206 3007 werden,
2229 2948 2284 3008 wir
2301 2950 2478 3010 bekommen
2506 2947 2588 3007 einen
2617 2950 2760 3010 positiven
2783 2950 3020 3010 Kraftzuwachs

1909 2995 1960 3055 von
1990 2995 2093 3055 sechzig
2123 2995 2319 3055 Millionen;
2343 2995 2400 3055 das
2429 2996 2776 3056 Dechungsverhältnis
2806 2998 2910 3058 würde
2939 2998 3025 3058 unter

1904 3043 2167 3103 gleichbleibenden
2205 3043 2438 3103 Verhältnissen
2475 3044 2524 3104 sich
2561 3045 2597 3105 um
2647 3045 2727 3105 mehr
2758 3043 2806 3103 als
2838 3044 2911 3104 fünf
2936 3043 3022 3103 Pro¬

1905 3093 1968 3153 zent
1998 3091 2183 3151 verbessern,
2213 3091 2258 3151 die
2289 3091 2549 3151 Deteriorierung
2584 3091 2636 3151 des
2672 3091 3019 3151 Wechselportefeuilles

1906 3135 1977 3195 wird
2007 3135 2292 3195 hintangehalten;
2311 3137 2393 3197 aber,
2418 3138 2483 3198 was
2514 3138 2661 3198 vielleicht
2686 3135 2739 3195 das
2769 3138 3024 3198 Allerwichtigste

1903 3183 1967 3243 ist:
1992 3183 2032 3243 ein
2063 3183 2168 3243 solcher
2192 3183 2410 3243 valutarischer
2434 3186 2545 3246 Kredit
2570 3183 2634 3243 gibt
2658 3183 2716 3243 uns
2747 3186 2787 3246 ein
2817 3186 2935 3246 Zeichen
2971 3186 3017 3246 des

1903 3229 2092 3289 Vertrauens
2122 3231 2179 3291 und
2209 3231 2260 3291 des
2284 3231 2532 3291 Wohhoollens.
2550 3234 2618 3294 Der
2642 3234 2734 3294 Wert
2758 3234 2803 3294 des
2833 3235 3028 3295 Schillings,

1900 3277 2026 3337 ohnehin
2066 3279 2087 3339 in
2122 3279 2171 3339 den
2205 3279 2298 3339 letzten
2332 3279 2438 3339 Tagen
2471 3279 2638 3339 wesentlich
2666 3279 2827 3339 gebessert,
2849 3280 2932 3340 kann
2966 3282 3026 3342 nur

1903 3323 2012 3383 Nutzen
2047 3326 2139 3386 ziehen
2175 3325 2232 3385 aus
2261 3326 2365 3386 solchen
2401 3326 2725 3386 Hilfsmaßnahmen,
2749 3324 2800 3384 das
2830 3326 2950 3386 Gefühl
2974 3327 3025 3387 der

1901 3372 2097 3432 Isolierung,
2129 3371 2178 3431 der
2210 3371 2456 3431 Verlassenheit,
2482 3373 2531 3433 der
2562 3374 2864 3434 Selbstaufzehrung
2908 3374 3025 3434 sowohl

1902 3419 1924 3479 im
1965 3417 2145 3477 materiellen
2174 3419 2230 3479 wie
2248 3419 2270 3479 im
2310 3420 2559 3480 psychologischen
2588 3419 2689 3479 Sinne
2712 3420 2779 3480 wird
2808 3422 2915 3482 immer
2939 3422 3017 3482 mehr

1901 3465 1960 3525 aus
1991 3464 2044 3524 den
2081 3464 2249 3524 Gemütern
2286 3466 2520 3526 verschwinden.
2550 3462 2592 3522 Es
2629 3467 2664 3527 ist
2695 3467 2760 3527 bein
2797 3466 2929 3526 Anlaß,
2947 3467 3001 3527 zum

1901 3514 2190 3574 Triumphgeschrei
2215 3515 2276 3575 und
2326 3512 2381 3572 zur
2407 3512 2653 3572 Begeisterung,
2684 3515 2752 3575 wir
2777 3512 2875 3572 stehen
2919 3514 3017 3574 waiter

1898 3557 1983 3617 unter
2015 3557 2063 3617 dem
2101 3556 2243 3616 Fallbeil
2268 3559 2472 3619 gefährlicher
2497 3559 2613 3619 Fristen
2645 3559 2693 3619 für
2719 3559 2768 3619 die
2794 3559 3015 3619 Rüchzahlung

1903 3604 1948 3664 des
1984 3604 2185 3664 Geliehenen.
2209 3604 2290 3664 Aber
2320 3605 2440 3665 welcher
2470 3604 2573 3664 Staat
2597 3604 2648 3664 der
2679 3604 2764 3664 Welt
2788 3605 2904 3665 könnte
2933 3607 3019 3667 heut¬

1903 3649 1952 3709 von
1980 3652 2029 3712 sich
2057 3652 2162 3712 sagen,
2180 3652 2207 3712 er
2229 3652 2317 3712 führe
2346 3651 2384 3711 ein
2413 3649 2506 3709 Leben
2534 3649 2656 3709 jenseits
2684 3652 2755 3712 aller
2778 3654 2939 3714 Sorgen;
2956 3655 3016 3715 wer

1900 3698 1984 3758 hätte
2007 3697 2086 3757 nicht
2109 3697 2148 3757 ein
2183 3697 2301 3757 bißchen
2336 3697 2380 3757 die
2404 3697 2641 3757 Empfindung,
2664 3700 2720 3760 wie
2743 3698 2828 3758 jener
2857 3700 2952 3760 Mann
2987 3701 3009 3761 in

1897 3741 1945 3801 der
1973 3744 2049 3804 alten
2076 3743 2218 3803 Parabel
2240 3744 2295 3804 von
2323 3744 2475 3804 Rüchert,
2497 3745 2562 3805 der,
2584 3744 2605 3804 in
2639 3744 2677 3804 ein
2710 3744 2928 3804 Brunnenloch
2956 3747 3020 3807 ver¬

1897 3790 1996 3850 senkt,
2013 3791 2060 3851 von
2087 3789 2176 3849 unten
2203 3790 2288 3850 durch
2309 3789 2388 3849 einen
2420 3790 2658 3850 feuerspeienden
2690 3792 2843 3852 Drachen,
2859 3794 2911 3854 von
2938 3793 3006 3853 oben

1897 3837 1986 3897 durch
2015 3839 2071 3899 eine
2094 3836 2234 3896 wütende
2258 3837 2359 3897 Bestie
2382 3837 2511 3897 bedroht
2535 3837 2607 3897 wird
2636 3837 2692 3897 und
2721 3839 2845 3899 dennoch
2874 3840 2918 3900 den
2953 3840 3014 3900 Ge¬

1896 3885 1952 3945 nuß
1987 3885 2065 3945 nicht
2088 3885 2167 3945 ganz
2191 3883 2354 3943 verachtet,
2377 3884 2428 3944 den
2462 3885 2507 3945 ihm
2552 3885 2592 3945 ein
2626 3885 2852 3945 barmherziger
2881 3886 3010 3946 Strauch

1895 3929 2051 3989 gewährt,
2070 3929 2112 3989 ein
2143 3929 2300 3989 Strauch,
2319 3929 2409 3989 dessen
2440 3929 2574 3989 Früchte
2599 3932 2628 3992 er
2653 3932 2725 3992 essen
2762 3932 2847 3992 darf,
2865 3934 2937 3994 trotz
2962 3932 3010 3992 des

1895 3977 2098 4037 Schnaubens
2130 3977 2184 4037 und
2217 3977 2339 4037 Tobens
2371 3977 2469 4037 seiner
2495 3977 2624 4037 Feinde.

1988 4043 2039 4103 Als
2066 4040 2228 4100 Bismarch
2255 4043 2306 4103 von
2333 4043 2488 4103 Friedrich
2516 4043 2645 4103 Wilhelm
2691 4043 2755 4103 IV.
2776 4044 2820 4104 zum
2867 4044 3009 4104 Bundes¬

1888 4091 2041 4151 gesandten
2075 4091 2097 4151 in
2121 4091 2296 4151 Frankfurt
2320 4091 2456 4151 ernannt
2479 4091 2598 4151 wurde,
2615 4091 2711 4151 fragte
2735 4091 2780 4151 ihn
2809 4091 2859 4151 der
2883 4094 2978 4154 König

1909 4138 1991 4198 Haben
2025 4139 2079 4199 Sie
2102 4138 2168 4198 denn
2201 4138 2250 4198 gar
2273 4138 2355 4198 keine
2384 4139 2494 4199 Angst,
2516 4138 2560 4198 als
2588 4138 2720 4198 Neuling
2749 4138 2786 4198 ein
2820 4138 2847 4198 so
2870 4138 3008 4198 schweres
