3436 4256
258 240 372 300 12.

447 247 860 307 Schnitzle

969 240 1028 300 s
1089 252 1319 312 Death

1547 252 1674 312 box
1747 258 1936 318 42/7

2639 112 2748 172 Auog.
2768 118 2780 178 1
2820 118 2955 178 lr.

2198 159 2313 219 Arthur
2357 162 2534 222 Schnitzler
2578 160 2621 220 ist
2665 165 2755 225 heute
2804 168 2898 228 abend
2950 171 2985 231 um

2145 203 2190 263 7
2212 204 2274 264 Uhr
2300 204 2387 264 einem
2421 206 2643 266 Schlaganfall
2664 210 2802 270 erlegen.
2820 215 2995 275 Schnitzler

2136 246 2254 306 machte
2290 249 2360 309 noch
2396 251 2423 311 in
2455 250 2510 310 der
2542 255 2868 315 Nachmittagsstunde
2904 260 2990 320 oinen

2141 292 2366 352 Spaziergang.
2410 295 2469 355 Als
2502 297 2529 357 er
2565 298 2588 358 in
2624 300 2711 360 seine
2747 303 2909 363 Wohnung
2953 304 3004 364 zu¬

2140 336 2348 396 rückkehrte,
2374 338 2499 398 stürzte
2533 342 2565 402 er
2600 343 2746 403 plötzlich
2784 347 2837 407 vom
2884 347 2992 407 Schlag

2133 380 2271 440 gerührt
2295 382 2468 442 bewußtlos
2496 386 2692 446 zusamme..
2732 389 2771 449 Er
2795 392 2898 452 starb,
2918 392 2996 452 ohne

2129 423 2188 483 das
2240 426 2440 486 Bewußtsein
2500 431 2748 491 wiedererlangt
2796 437 2831 497 zu
2886 437 3004 497 haben.

2135 470 2310 530 Schnitzler
2357 473 2440 533 wäre
2486 475 2515 535 im
2574 477 2641 537 Maj
2683 479 2829 539 nächsten
2879 482 2996 542 Jahres

2135 512 2164 572 70
2198 518 2295 578 Jahre
2330 518 2379 578 alt
2408 518 2598 578 geworden.
2643 524 2710 584 Aus
2745 524 2847 584 diesem
2896 530 2998 590 Anlaß

2137 558 2236 618 warep
2266 562 2290 622 in
2320 562 2478 622 mehreren
2516 564 2637 624 Wiener
2666 568 2820 628 Theatern
2850 572 2999 632 Festauf¬

2137 607 2316 667 führungen
2347 610 2449 670 seiner
2481 610 2597 670 Stücke
2624 613 2771 673 geplant.

2199 759 2254 819 Mit
2291 762 2431 822 Arthur
2460 764 2664 824 Schnitzler
2708 768 2869 828 scheidet
2913 770 2990 830 eine

2135 804 2347 864 Hauptfigur
2393 808 2452 868 des
2492 810 2739 870 literarischen
2779 814 2996 874 Vorkriegs¬

2138 848 2231 908 Wien
2266 850 2330 910 aus
2360 852 2423 912 dem
2468 855 2605 915 Leben.
2651 855 2714 915 Die
2754 861 2990 921 Anregungen

2130 893 2223 953 des.
2241 897 2281 957 um
2344 900 2522 960 Hermann
2572 900 2669 960 Bahr
2723 905 2990 965 versammelten

2128 938 2295 998 Kreises,
2329 941 2382 1001 die
2421 944 2766 1004 Revolutionierung
2820 950 2992 1010 goistiger

2132 986 2376 1046 Beziehungen
2424 986 2487 1046 mit
2525 989 2587 1049 dem
2635 991 2731 1051 Blick
2770 992 2832 1052 auf
2861 995 3000 1055 Frank-

2130 1028 2240 1088 reichs
2269 1031 2538 1091 schöpferische
2567 1034 2692 1094 Kräfto
2721 1037 2841 1097 fandon
2875 1040 2904 1100 in
2933 1040 2995 1100 der

2131 1076 2416 1136 Persönlichkeit
2437 1077 2495 1137 des
2520 1082 2648 1142 jungen
2688 1082 2810 1142 Arztes
2835 1085 2997 1145 Schnitz-

2131 1119 2180 1179 ler
2216 1120 2326 1180 reiche
2368 1121 2579 1181 Erfüllung.
2630 1126 2680 1186 Er
2715 1126 2811 1186 hatte
2847 1127 2912 1187 sich
2958 1129 2987 1189 in

2133 1162 2190 1222 der
2219 1164 2473 1224 Skizzenreihe
2512 1168 2703 1228 „Anatole“
2742 1171 2804 1231 auf
2834 1171 2890 1231 den
2929 1173 2996 1233 Be¬

2123 1207 2183 1267 ruf
2216 1208 2272 1268 des
2310 1213 2563 1273 Dramatikers
2601 1213 2820 1273 vorbereitet
2853 1216 2914 1276 und
2956 1219 2984 1279 in

2129 1252 2186 1312 den
2220 1255 2368 1315 Figuren
2402 1256 2459 1316 des
2488 1258 2732 1318 jugendlichen
2766 1261 2991 1321 Bonvivants

2133 1300 2278 1360 Anatole
2314 1300 2379 1360 und
2415 1300 2475 1360 des
2511 1303 2566 1363 ihn
2602 1304 2849 1364 begleitenden
2885 1309 2995 1369 Räso¬

2129 1344 2208 1404 närs
2245 1347 2360 1407 Typen
2397 1345 2456 1405 der
2498 1347 2639 1407 Wiener
2675 1348 2810 1408 Jugend
2846 1353 2907 1413 auf
2937 1353 2987 1413 die

2130 1389 2248 1449 Bühne
2280 1392 2404 1452 gebrac
2482 1392 2538 1452 die
2570 1393 2637 1453 sich
2674 1395 2730 1455 von
2767 1396 2984 1456 Konvention

2128 1434 2189 1494 und
2226 1437 2571 1497 gesellschaftlicher
2603 1440 2762 1500 Bindung
2799 1443 2829 1503 in
2861 1443 2973 1503 freiem

2130 1480 2283 1540 Umgang
2315 1482 2379 1542 mit
2401 1480 2458 1540 der
2485 1484 2744 1544 Woiblichkeit
2766 1488 2898 1548 ablöst.
2931 1486 2994 1546 Er¬

2122 1524 2358 1584 finderischer
2394 1525 2499 1585 Goist
2540 1529 2601 1589 und
2637 1529 2863 1589 sprühender
2894 1529 2984 1589 Witz

2126 1568 2229 1628 gaben
2274 1568 2392 1628 diesem
2452 1571 2664 1631 neuartigem
2714 1574 2876 1634 Schaffen
2926 1577 2990 1637 das

2125 1613 2250 1673 Relief.
2307 1614 2383 1674 Das
2439 1616 2469 1676 in
2525 1616 2647 1676 dieser
2698 1619 2982 1679 lebenslustigen

2123 1658 2257 1718 Sphäre
2304 1660 2505 1720 wurzelnde
2542 1661 2681 1721 ,tiefere
2718 1664 2868 1724 Problem
2931 1667 2992 1727 hat

2123 1702 2319 1762 Schnitzler
2345 1702 2373 1762 in
2402 1705 2517 1765 seinem
2556 1707 2657 1767 durch
2686 1708 2984 1768 volkstümlichen

2122 1745 2191 1805 Ton
2237 1747 2463 1807 erfreuenden
2509 1753 2635 1813 Drama
2676 1754 2876 1814 „Liebelei“
2917 1757 2987 1817 tra¬

2126 1792 2219 1852 gisch
2249 1792 2523 1852 ausgeschöpft.
2563 1796 2606 1856 Es
2641 1798 2773 1858 machte
2803 1800 2851 1860 ihn
2891 1800 2988 1860 welt¬

2123 1837 2286 1897 berühmt
2323 1840 2387 1900 und
2424 1840 2642 1900 ermunterte
2679 1844 2733 1904 ihn
2784 1846 2820 1906 zu
2871 1846 2970 1906 einem

2122 1882 2358 1942 produktiven
2404 1885 2570 1945 Schaffen
2621 1888 2681 1948 für
2722 1890 2782 1950 das
2817 1891 2988 1951 Theater.

2122 1927 2169 1987 Er
2196 1929 2253 1989 hat
2280 1929 2353 1989 eine
2380 1929 2485 1989 große
2512 1932 2653 1992 Anzahl
2675 1932 2738 1992 von
2765 1935 2912 1995 Motivon
2944 1941 2975 2001 ip

2122 1974 2322 2034 szenischer
2359 1976 2446 2036 Form
2492 1977 2754 2037 abgewandelt.

2199 2039 2394 2099 Schnitzler
2443 2043 2579 2103 Schrieb
2639 2043 2670 2103 in
2707 2043 2845 2103 dichter
2882 2046 2987 2106 Folge

2134 2084 2404 2144 Sittenstudien,
2423 2087 2637 2147 Komödien,
2652 2089 2884 2149 romantische
2913 2088 2996 2148 Tra¬

2133 2126 2279 2186 gödfen,
2330 2132 2724 2192 Gesellschaftsstücke
2786 2134 2850 2194 und
2917 2135 2992 2195 eine

2137 2174 2234 2234 Reihe
2287 2174 2352 2234 von
2409 2177 2624 2237 Einaktern.
2667 2177 2733 2237 Die
2789 2180 2990 2240 Erlebnisse

2131 2219 2303 2279 zwischen
2333 2222 2427 2282 Mann
2457 2222 2521 2282 und
2551 2223 2634 2283 Frau
2665 2225 2778 2285 bilden
2808 2225 2856 2285 die
2887 2227 2999 2287 Kern¬

2136 2266 2260 2326 punkte
2290 2266 2409 2326 seiner
2434 2270 2706 2330 psychologisch
2741 2271 2984 2331 vergrübelten

2134 2311 2467 2371 Untersuchungen,
2511 2313 2563 2373 die
2607 2317 2805 2377 zuweilen,
2839 2317 2901 2377 wie
2950 2317 2978 2377 im

2132 2356 2331 2416 „Einsamen
2386 2351 2495 2411 Weg“
2545 2358 2585 2418 an
2640 2358 2739 2418 Ibsen
2794 2362 2992 2422 gemahnen

2130 2401 2260 2461 lassen.
2304 2401 2337 2461 In
2372 2402 2486 2462 seinem
2530 2405 2747 2465 Schauspiel
2772 2407 2863 2467 „Das
2892 2407 2993 2467 weite

2132 2446 2245 2506 Land“
2280 2445 2373 2505 hatte
2408 2448 2442 2508 er
2476 2449 2554 2509 eine
2590 2451 2692 2511 Reihe
2732 2451 2791 2511 von
2831 2452 2997 2512 Erschei¬

2129 2490 2267 2550 nungen
2317 2490 2381 2550 der
2435 2492 2578 2552 Wiener
2633 2496 2988 2556 gesellschaftlichen

2135 2536 2361 2596 Oberschicht
2382 2540 2445 2600 mit
2466 2539 2584 2599 Laune
2614 2538 2677 2598 und
2707 2542 2786 2602 sehr
2816 2543 2884 2603 viel
2910 2541 2997 2601 Ver¬

2126 2580 2283 2640 ständnis
2343 2581 2402 2641 für
2456 2586 2787 2646 sentimentalische
2846 2587 2974 2647 Hinter

2124 2626 2260 2686 gründe
2295 2628 2558 2688 eingefangen.
2604 2632 2685 2692 Sein
2721 2632 2846 2692 Drama
2888 2634 2998 2694 “Pro¬

2122 2669 2237 2729 fessor
2288 2673 2530 2733 Bernhardi“,
2572 2673 2627 2733 oft
2678 2676 2849 2736 gespielt,
2891 2678 2991 2738 trägt

2126 2717 2226 2777 einen
2260 2717 2413 2777 sozialen
2448 2720 2620 2780 Konflikt
2659 2723 2995 2783 temperamentvoll

2124 2762 2203 2822 aus.
2249 2762 2324 2822 Der
2375 2763 2521 2823 „Grüne
2577 2765 2722 2825 Kakadu
2804 2765 2869 2825 und
2929 2768 2989 2828 der

2130 2808 2260 2868 „Junge
2291 2807 2491 2867 Medardus“
2522 2810 2658 2870 greifen
2689 2813 2749 2873 auf
2774 2813 2985 2873 historische

2121 2852 2232 2912 Stoffo
2262 2854 2411 2914 zurück.
2436 2855 2503 2915 Der
2533 2856 2760 2916 Dramatiker
2790 2858 2992 2918 Schnitzler

2122 2896 2217 2956 hatte
2244 2899 2318 2959 viel
2340 2899 2445 2959 Witz,
2467 2900 2541 2960 viel
2563 2900 2695 2960 Farbe,
2712 2900 2786 2960 viel
2808 2902 2993 2962 Empfind¬

2121 2941 2279 3001 samkeit
2313 2941 2375 3001 und
2424 2944 2452 3004 in
2501 2944 2621 3004 seinen
2669 2947 2785 3007 besten
2833 2950 2981 3010 Stücken

2123 2986 2239 3046 starke
2270 2989 2662 3049 Durchschlagskraft.

2189 3034 2404 3094 Schnitzlers
2430 3037 2626 3097 erotischer
2657 3037 2787 3097 Zirkel
2813 3037 2958 3097 „Reigen

2123 3077 2191 3137 war
2223 3080 2446 3140 Gegenstand
2483 3081 2579 3141 eines
2616 3081 2743 3141 großen
2784 3084 2993 3144 Prozesses,

2123 3125 2146 3185 in
2184 3123 2333 3183 welchem
2381 3126 2446 3186 sich
2484 3126 2694 3186 kuragierte
2727 3126 2844 3186 Kunst
2873 3129 2980 3189 gegen

2123 3168 2351 3228 reaktionäre
2384 3171 2668 3231 Anschauungen
2701 3174 2732 3234 zu
2765 3174 2985 3234 verteidigen

2119 3213 2232 3273 hatte.
2277 3216 2325 3276 Es
2365 3214 2492 3274 gelang
2542 3216 2694 3276 damals,
2719 3216 2768 3276 die
2808 3218 2984 3278 Vorstöße

2123 3257 2226 3317 gegen
2256 3260 2409 3320 geistige
2434 3263 2818 3323 Bowegungsfreiheit
2843 3266 2902 3326 mit
2922 3265 2990 3325 Er¬

2121 3304 2191 3364 folg
2224 3305 2599 3365 zurückzuschlagen.

2186 3348 2386 3408 Schnitzler
2419 3350 2488 3410 war
2521 3350 2605 3410 auch
2648 3353 2699 3413 ein
2732 3353 2806 3413 fein
2844 3356 2988 3416 organi¬

2117 3392 2241 3452 sierter
2271 3395 2425 3455 Epiker.
2465 3395 2514 3455 Zu
2549 3398 2682 3458 Beginn
2718 3398 2837 3458 seines
2862 3401 2990 3461 Schaf-

2121 3437 2193 3497 fens
2227 3439 2323 3499 steht
2348 3439 2411 3499 der
2445 3440 2570 3500 Roman
2609 3442 2720 3502 „Frau
2759 3444 2860 3504 Berta
2895 3445 2985 3505 Gar¬

2122 3484 2215 3544 lan“.
2270 3481 2344 3541 Der
2384 3485 2531 3545 Dichter
2567 3487 2847 3547 durchleuchtet
2883 3492 2981 3552 darin

2119 3526 2170 3586 die
2198 3529 2492 3589 Seelenzustände
2520 3532 2618 3592 einer
2647 3532 2702 3592 von
2735 3535 2973 3595 gesellschaft

2122 3574 2231 3634 lichen
2266 3575 2466 3635 Schranken
2501 3577 2735 3637 bedrückten,
2759 3580 2831 3640 sich
2865 3580 2965 3640 inner

2125 3617 2184 3677 lich
2234 3619 2455 3679 befreienden
2510 3622 2623 3682 Frau.
2658 3625 2697 3685 In
2743 3625 2801 3685 den
2851 3626 2979 3686 letzten

2123 3663 2247 3723 Jahren
2277 3664 2416 3724 meldete
2440 3665 2507 3725 sich
2536 3666 2588 3726 der
2613 3668 2757 3728 Dichter
2781 3670 2982 3730 spärlicher

2117 3710 2156 3770 zu
2201 3708 2338 3768 Worte.
2383 3712 2619 3772 Persönliche
2658 3714 2884 3774 Erlebnisse,
2914 3717 2978 3777 wie

2118 3752 2175 3812 der
2209 3753 2387 3813 tragische
2416 3756 2488 3816 Tod
2522 3756 2642 3816 seiner
2676 3760 2844 3820 Tochter,
2869 3762 2979 3822 haben

2114 3793 2171 3853 die
2200 3798 2459 3858 Lebenskräfte
2488 3800 2545 3860 des
2574 3803 2737 3863 Dichters
2766 3806 2900 3866 schwer
2929 3805 2962 3865 er

2114 3842 2305 3902 schüttert.
2344 3845 2392 3905 Er
2416 3845 2478 3905 hat
2503 3845 2589 3905 allen
2623 3849 2805 3909 Anspruch
2839 3852 2983 3912 darauf,

2121 3890 2195 3950 nach
2231 3890 2281 3950 den
2312 3893 2558 3953 Schöpfungen
2584 3893 2699 3953 seiner
2725 3896 2901 3956 Blütezeit
2926 3898 2981 3958 be¬

2102 3932 2259 3992 urteilt,
2280 3935 2343 3995 und
2378 3938 2407 3998 in
2442 3938 2644 3998 dankbarer
2674 3941 2900 4001 Erinnerung
2935 3946 2974 4006 an

2111 3979 2188 4039 sein
2235 3982 2509 4042 befruchtendes
2556 3988 2721 4048 Schaffen
2774 3989 2980 4049 gewürdigt

2091 4022 2150 4082 zu
2187 4024 2343 4084 werden.

2837 4033 2883 4093 E.
2896 4035 2942 4095 F.
