3392 4352
332 328 913 388 Schnitzler's
973 326 1208 386 Deatl

420 804 1132 864 DOBSERVER

506 846 533 906 I.
543 851 665 911 österr.
675 858 825 918 behördl.
835 868 1136 928 konzessioniertes

467 891 694 951 Unternehmen
726 899 776 959 für
804 910 1187 970 Zeitungs-Ausschnitte

511 951 665 1011 WIEN,
687 959 743 1019 I.,
765 967 1055 1027 WOLLZEILE
1098 977 1140 1037 11

611 1008 823 1068 TELEPHON
862 1019 1036 1079 R-23-0-43

394 1143 617 1203 Ausschnitt
643 1151 738 1211 aus:

670 1177 959 1237 teieet

778 1326 795 1386 2
823 1323 867 1383 4.
886 1321 1012 1381 OKT.
1032 1317 1129 1377 1931

391 1354 504 1414 Voyyo.

403 1403 500 1463 Artur
538 1408 718 1468 Schnitzler
746 1416 790 1476 f.
818 1419 862 1479 In
899 1421 997 1481 Wien
1025 1425 1115 1485 starb
1143 1428 1187 1488 am
1233 1431 1295 1491 21.
1323 1436 1358 1496 d.

292 1449 433 1509 plotzlich
487 1453 533 1513 un
581 1461 876 1521 Gehirblutung
936 1470 994 1530 der
1042 1476 1183 1536 Dichter
1237 1482 1348 1542 Artur

299 1501 540 1561 Schnitzler
582 1504 611 1564 im
665 1508 729 1568 70.
765 1515 1018 1575 Lebensjahre.
1054 1525 1236 1585 Schnitzler
1278 1534 1348 1594 war

292 1547 490 1607 gebürtiger
524 1553 682 1613 Wiener,
711 1560 806 1620 hatte
836 1565 987 1625 Medizin
1028 1574 1168 1634 studiert
1198 1577 1259 1637 und
1299 1583 1349 1643 die

295 1597 473 1657 Laufbahn
509 1603 594 1663 eines
624 1608 819 1668 praktischen
855 1614 970 1674 Arztes
1005 1624 1270 1684 eingeschlagen,
1294 1631 1339 1691 sich

289 1645 368 1705 aber
408 1648 497 1708 dann
543 1654 786 1714 ausschließlich
832 1659 887 1719 der
933 1668 1103 1728 Dichtung
1148 1676 1345 1736 gewidmet.

290 1693 367 1753 Mit
398 1696 452 1756 den
494 1703 729 1763 dramatischen
778 1710 904 1770 Szenen
953 1718 1127 1778 „Anatol“
1170 1722 1254 1782 schuf
1291 1727 1338 1787 sich

283 1743 461 1803 Schnitzler
509 1746 560 1806 als
601 1752 780 1812 Vertreter
821 1757 878 1817 des
919 1762 1040 1822 jungen
1087 1767 1185 1827 Wien
1232 1774 1335 1834 seinen

282 1792 434 1852 Namen.
457 1794 507 1854 Er
536 1798 610 1858 war
644 1802 683 1862 ein
723 1810 1056 1870 impressionistischer
1091 1822 1339 1882 Stimmungs¬

283 1841 438 1901 künstler,
467 1847 674 1907 Psychologe
710 1852 772 1912 und
813 1859 1072 1919 ausgesprochen
1113 1870 1332 1930 wienerischer

279 1894 617 1954 Milieudramatiker
652 1900 708 1960 von
742 1904 878 1964 weichem
924 1911 1092 1971 erotischen
1132 1921 1335 1981 Grundzug.

278 1937 343 1997 Die
374 1941 511 2001 größten
548 1947 687 2007 Erfolge
717 1952 825 2012 waren
868 1959 1078 2019 „Liebelei“,
1103 1964 1199 2024 „Der
1223 1971 1331 2031 grüne

281 1989 466 2049 Kakadu",
498 1993 593 2053 „Der
636 2000 738 2060 junge
775 2006 1022 2066 Medardus".
1058 2010 1124 2070 Als
1167 2019 1329 2079 Erzähler

275 2037 310 2097 ist
353 2040 533 2100 Schnitzler
582 2045 611 2105 in
654 2048 797 2108 Roman
847 2055 912 2115 und
961 2058 1112 2118 Novelle
1154 2064 1214 2124 tief
1257 2070 1322 2130 und

272 2088 406 2148 graziös
438 2094 597 2154 zugleich.
629 2098 677 2158 In
716 2099 813 2159 seinem
863 2106 967 2166 letzten
1011 2108 1134 2168 Willen
1172 2117 1331 2177 verfügte

269 2134 322 2194 der
353 2137 491 2197 Dichter
522 2141 563 2201 ein
600 2149 932 2209 Leichenbegängnis
969 2156 1070 2216 letzter
1101 2161 1234 2221 Klasse,
1259 2165 1324 2225 das

267 2184 404 2244 dadurch
445 2192 623 2252 erübrigte
659 2195 744 2255 Geld
791 2201 865 2261 solle
907 2207 1182 2267 Spitalszwecken
1224 2215 1321 2275 zuge¬

268 2234 358 2294 führt
392 2238 539 2298 werden.
568 2243 658 2303 Auch
693 2246 840 2306 wünsche
869 2250 902 2310 er
937 2255 1021 2315 keine
1056 2258 1208 2318 Kränze,
1237 2263 1321 2323 keine

271 2282 391 2342 Parte,
416 2288 502 2348 keine
531 2291 641 2351 Reden
670 2295 734 2355 und
769 2300 936 2360 schließlich
972 2305 1041 2365 auch
1076 2308 1156 2368 keine
1187 2312 1325 2372 Trauer

262 2330 297 2390 um
351 2334 426 2394 ihn.
457 2335 521 2395 Die
557 2340 668 2400 Leiche
698 2346 816 2406 wurde
852 2348 881 2408 im
928 2355 1151 2415 israelitischen
1193 2362 1316 2422 Fried¬

261 2380 320 2440 hof
353 2382 379 2442 in
418 2385 503 2445 einem
558 2389 617 2449 von
655 2392 714 2452 der
747 2400 1059 2460 Kultusgemeinde
1093 2408 1308 2468 gewidmeten

261 2430 457 2490 Ehrengrab
492 2440 677 2500 beigesetzt.
700 2445 880 2505 Schnitzler
909 2451 978 2511 war
1007 2453 1065 2513 von
1100 2457 1198 2517 seiner
1228 2458 1319 2518 Gat¬

263 2479 303 2539 tin
338 2482 537 2542 aeschieden,
563 2489 620 2549 der
646 2494 770 2554 einzige
805 2497 904 2557 Sohn
938 2500 1012 2560 lebt
1039 2505 1063 2565 in
1097 2507 1238 2567 Berlin.

536 2760 681 2820 Murtaler
707 2772 836 2832 Zeitung
861 2783 1023 2843 Judenburg

704 2911 722 2971 2
751 2909 798 2969 4.
818 2908 951 2968 OKT.
972 2904 1066 2964 1931

381 3082 505 3142 Artur
529 3082 732 3142 Schnitzler
757 3091 926 3151 plötzlich
961 3094 1187 3154 gestorben.

358 3138 405 3198 In
436 3141 549 3201 seiner
574 3144 676 3204 Villa
707 3144 730 3204 in
767 3147 923 3207 Döbling
954 3150 996 3210 ist
1020 3150 1056 3210 am
1098 3150 1158 3210 21.
1177 3150 1224 3210 Ok

308 3186 404 3246 tober
439 3189 466 3249 im
518 3190 580 3250 69.
609 3195 852 3255 Lebensjahre
887 3198 943 3258 der
978 3199 1119 3259 Dichter
1154 3200 1232 3260 Dok

305 3235 358 3295 tor
394 3237 505 3297 Artur
536 3240 730 3300 Schnitzler
760 3245 907 3305 plötzlich
943 3249 1150 3309 gestorben.
1174 3249 1226 3309 De

304 3285 377 3345 Tod
408 3288 525 3348 Artur
550 3291 758 3351 Schnitzlers
790 3293 844 3353 kam
894 3297 992 3357 selbst
1017 3298 1127 3358 seiner
1146 3300 1219 3360 näch

306 3336 369 3396 sten
404 3338 624 3398 Umgebung
654 3342 931 3402 überraschend.

716 3718 915 3778 Wochenble

620 3848 712 3908 24.
724 3846 854 3906 0KT.
873 3842 976 3902 147

522 3899 562 3959 3-

333 3938 407 3998 Der
448 3939 702 3999 Schriftsteller
749 3944 869 4004 Artur
910 3947 1100 4007 Schnitzler
1152 3947 1192 4007 ist
1233 3949 1273 4009 am

232 3987 301 4047 21.
323 3990 357 4050 d.
379 3992 406 4052 in
442 3992 546 4052 Wien
582 3993 812 4053 verschieden.

1431 327 1553 387 box
1632 329 1816 389 43/2

2106 610 2827 670 DOBSERVER

2201 661 2227 721 I.
2240 663 2356 723 österr.
2370 667 2516 727 behördl.
2529 670 2830 730 konzessioniertes

2156 703 2387 763 Unternehmen
2413 705 2460 765 für
2491 710 2876 770 Zeltungs-Ausschnitte

2211 762 2354 822 WIEN,
2381 767 2426 827 I.,
2453 769 2735 829 WOLLZEILE
2782 771 2827 831 11

2302 815 2515 875 TELEPHON
2553 819 2730 879 R-23-0-43

2099 951 2323 1011 Ausschnitt
2345 954 2437 1014 aus:

2367 1026 2696 1086 Somtaldemokrat,
2719 995 2794 1055 Prag

2098 1174 2210 1234 vom:

2416 1186 2435 1246 2
2466 1188 2514 1248 4.
2536 1179 2653 1239 OKT.
2675 1169 2772 1229 1937

2130 1298 2247 1358 Arthur
2284 1304 2475 1364 Schnitzlers
2505 1315 2850 1375 „Bestattung.—Auf
2881 1318 2939 1378 dem

2034 1343 2312 1403 Zentralfriedhof
2341 1347 2369 1407 in
2403 1350 2494 1410 Wien
2528 1353 2635 1413 wurde
2670 1358 2783 1418 gestern
2824 1362 2953 1422 mittags

2028 1383 2076 1443 der
2120 1389 2349 1449 Schriftsteller
2388 1392 2513 1452 Arthur
2546 1399 2737 1459 Schnitzler,
2771 1404 2824 1464 der
2864 1405 2955 1465 durch

2031 1428 2116 1488 einen
2155 1434 2381 1494 Schlaganfall
2409 1437 2538 1497 plötzlich
2577 1440 2635 1500 aus
2674 1445 2722 1505 dem
2771 1448 2868 1508 Leben
2906 1448 2954 1508 ge¬

2028 1473 2114 1533 rissen
2152 1476 2271 1536 worden
2304 1479 2389 1539 war,
2406 1482 2460 1542 zur
2487 1482 2584 1542 letzten
2617 1487 2709 1547 Ruhe
2736 1491 2871 1551 geleitet.
2893 1491 2952 1551 Die

2027 1518 2249 1578 Israelitische
2276 1524 2569 1584 Kultusgemeinde
2596 1530 2683 1590 hatte
2710 1531 2764 1591 dem
2814 1535 2959 1595 Verstor¬

2027 1560 2119 1620 benen
2157 1562 2200 1622 ein
2233 1568 2504 1628 Ehrengrab
2532 1571 2682 1631 gestiftet.
2721 1577 2769 1637 An
2797 1577 2851 1637 der
2878 1574 2953 1634 Bei¬

2029 1607 2366 1667 setzungsfeierlichkeit
2394 1613 2527 1673 nahmen
2566 1616 2610 1676 die
2644 1618 2954 1678 Familienmitglie¬

2027 1647 2076 1707 der
2102 1649 2165 1709 und
2191 1653 2265 1713 viele
2292 1656 2436 1716 Freunde
2462 1658 2517 1718 und
2543 1662 2707 1722 Verehrer
2733 1664 2776 1724 des
2802 1664 2946 1724 Dichters

2223 1897 2473 1957 ainner
2498 1882 2664 1942 deager

2313 2002 2331 2062 2
2352 2001 2400 2061 4.
2420 2000 2546 2060 0KT.
2567 1994 2664 2054 1931

1953 2037 2064 2097 vom:

1837 2193 2027 2253 eragen.

1840 2237 1969 2297 Arthur
2005 2239 2193 2299 Schnitzler
2217 2236 2264 2296 †.
2294 2239 2423 2299 Arthur
2453 2239 2665 2299 Schnitzler,
2689 2237 2748 2297 der
2778 2237 2906 2297 bedeu¬

1737 2285 1832 2345 tende
1869 2288 2127 2348 österrelchische
2163 2288 2319 2348 Dichter,
2350 2288 2385 2348 ist
2416 2288 2451 2348 am
2512 2288 2571 2348 21.
2602 2287 2752 2347 Oktober
2789 2286 2896 2346 abend

1753 2335 1797 2395 7
1832 2335 1905 2395 Uhr
1939 2335 1967 2395 in
2007 2335 2108 2395 Wien
2148 2335 2176 2395 im
2227 2335 2289 2395 70.
2318 2336 2554 2396 Lebensjahre
2589 2338 2628 2398 an
2674 2338 2729 2398 den
2770 2336 2899 2396 Folgen

1739 2385 1830 2445 eines
1866 2386 2157 2446 Schlaganfalles
2186 2385 2376 2445 gestorben.

1826 2897 2538 2957 OBSERVER

1920 2968 1945 3028 I.
1960 2962 2082 3022 österr.
2093 2955 2240 3015 behördl.
2251 2942 2551 3002 konzessioniertes

1869 3004 2106 3064 Unternehmen
2137 2998 2187 3058 für
2213 2983 2597 3043 Zeitungs-Ausschnitte

1930 3065 2079 3125 WIEN,
2108 3061 2150 3121 I.,
2181 3050 2466 3110 WOLLZEILE
2510 3040 2551 3100 11

2033 3110 2249 3170 TELEPHON
2285 3098 2455 3158 R-23-0-43

1836 3261 2054 3321 Ausschnitt
2080 3252 2173 3312 aus:

1853 3488 1964 3548 vom:

1863 3550 1996 3610 Arthur

2079 3555 2206 3615 hnitzler
2242 3551 2433 3611 gestorben.
2463 3550 2515 3610 Am
2562 3553 2678 3613 Mitt¬

1810 3601 1912 3661 woch,
1943 3599 1978 3659 um
2033 3600 2093 3660 ¼7
2136 3600 2202 3660 Uhr
2239 3601 2389 3661 abends,
2414 3601 2570 3661 verschied
2631 3601 2661 3661 in

1808 3649 1956 3709 Döbling
2000 3649 2031 3709 im
2079 3649 2137 3709 69.
2170 3649 2403 3709 Lebensjahre
2441 3649 2499 3709 der
2532 3649 2669 3709 Dichter

1814 3697 1944 3757 Arthur
1983 3697 2162 3757 Schnitzler
2200 3697 2341 3757 plötzlich
2380 3697 2510 3757 infolge
2571 3697 2667 3757 eines

1814 3744 2110 3804 Schlaganfalles.
2131 3744 2205 3804 Für
2237 3744 2332 3804 weite
2364 3744 2481 3804 Kreise
2513 3747 2565 3807 kam
2618 3744 2665 3804 die

1814 3795 1982 3855 Nachricht
2020 3794 2083 3854 vom
2137 3792 2285 3852 Ableben
2328 3792 2528 3852 Schnitzlers
2571 3792 2671 3852 über¬

1805 3843 1979 3903 raschend,
2012 3843 2095 3903 seine
2133 3843 2334 3903 Bekannten
2377 3844 2504 3904 wußten
2547 3843 2673 3903 jedoch,

1810 3889 1868 3949 daß
1905 3891 1963 3951 der
1996 3891 2128 3951 Dichter
2160 3891 2217 3951 seit
2250 3891 2419 3951 mehreren
2457 3891 2583 3951 Jahren
2626 3891 2663 3951 an

1806 3939 2115 3999 Herzbeschwerden
2155 3938 2227 3998 litt,
2249 3938 2310 3998 und
2344 3940 2399 4000 daß
2427 3938 2476 3998 sich
2511 3938 2565 3998 sein
2605 3941 2671 4001 Zu¬

1815 3986 1904 4046 stand
1933 3986 1995 4046 seit
2018 3986 2069 4046 dem
2115 3988 2290 4048 tragischen
2324 3986 2408 4046 Tode
2437 3989 2544 4049 seiner
2568 3987 2669 4047 Toch¬

1808 4035 1862 4095 ter
1889 4037 2149 4097 verschlimmert
2177 4036 2285 4096 hatte.
2313 4035 2453 4095 Leichten
2487 4037 2670 4097 Besserun¬

1807 4090 1868 4150 gen
1905 4085 2027 4145 folgten
2065 4085 2187 4145 immer
2220 4085 2342 4145 wieder
2373 4085 2557 4145 Rückfälle.
