3392 4384
1427 369 1557 429 box
1636 371 1820 431 44/3

134 381 259 441 12.
318 381 813 441 Schnitzler
882 377 919 437 s
980 375 1220 435 Deatl

598 972 667 1032 r.
675 969 905 1029 Allgemeino
920 966 1100 1026 Zatung.
1108 951 1205 1011 Wien

1118 1196 1264 1256 gnierend
1295 1193 1482 1253 lächelnden,
1509 1193 1576 1253 aber
1607 1195 1740 1255 niemals
1772 1193 1851 1253 ihren
1887 1193 1980 1253 Ernst

298 1233 489 1293 Arthur
521 1235 803 1295 Schnitzler
835 1235 996 1295 heute

1118 1238 1363 1298 verleugnenden
1417 1238 1581 1298 satirischen
1622 1238 1768 1298 Dichtung
1822 1237 1986 1297 geäußert:

1123 1282 1191 1342 dazu
1232 1279 1264 1339 ist
1292 1279 1456 1339 Schnitzler
1489 1279 1561 1339 denn
1603 1279 1666 1339 doch
1703 1279 1812 1339 bereits
1849 1280 1877 1340 zu
1914 1279 1981 1339 sehr

261 1286 486 1346 Gedenkabend
521 1288 571 1348 des
606 1288 764 1348 Deutschen
799 1288 1030 1348 Schriftsteller¬

1118 1324 1368 1384 Standardbesitz
1391 1322 1440 1382 des
1476 1321 1592 1381 Geistes
1629 1322 1812 1382 geworden,
1834 1323 1892 1383 und
1924 1321 1959 1381 am

555 1330 729 1390 verbandes

1123 1366 1281 1426 wenigsten
1322 1364 1356 1424 ist
1388 1363 1414 1423 es
1454 1364 1489 1424 am
1539 1366 1658 1426 Platze,
1685 1364 1773 1424 wenn
1813 1366 1879 1426 man
1920 1365 1972 1425 den

259 1379 324 1439 Der
343 1381 478 1441 Deutsche
497 1383 844 1443 Schriftstellerverband
868 1384 1073 1444 veranstaltele

1128 1408 1241 1468 Dichter
1269 1407 1354 1467 feiern
1387 1407 1468 1467 will,
1491 1408 1518 1468 zu
1550 1408 1664 1468 sagen:
1687 1409 1777 1469 diesen
1810 1408 1977 1468 Schnitzler

214 1426 322 1486 gestern
359 1426 440 1486 einen
472 1426 690 1486 Gedenkabend
722 1426 772 1486 für
799 1426 917 1486 Arthur
940 1426 1076 1486 Schnitz¬

1127 1455 1168 1515 ja.
1185 1450 1235 1510 den
1265 1450 1389 1510 anderen
1419 1450 1486 1510 nein
1515 1451 1527 1511 —
1574 1452 1644 1512 aber
1666 1454 1736 1514 ...
1753 1450 1836 1510 Aber
1862 1450 1899 1510 ein
1933 1450 1978 1510 ge¬

217 1468 272 1528 ler.
296 1468 389 1528 Heute
417 1469 473 1529 wie
501 1468 529 1528 eh
562 1468 622 1528 und
651 1468 673 1528 je
702 1468 739 1528 ist
763 1468 879 1528 Arthur
907 1468 1070 1528 Schnitzler

1127 1494 1224 1554 linder
1251 1492 1400 1552 Schrecken
1436 1494 1484 1554 hat
1511 1493 1559 1553 den
1595 1494 1745 1554 Vorstand
1776 1494 1868 1554 dieses
1900 1494 1961 1554 Ver

211 1510 259 1570 der
309 1510 432 1570 Dichter
490 1509 852 1569 bitter=revolutionärer
910 1509 1078 1569 Weisheit.

1123 1536 1237 1596 bandes
1268 1533 1334 1593 doch
1366 1537 1493 1597 gepackt,
1516 1535 1564 1595 als
1600 1535 1648 1595 der
1679 1536 1732 1596 vom
1781 1536 1895 1596 Dichter
1927 1534 1975 1594 be¬

214 1555 334 1615 Frisch,
358 1554 404 1614 als
438 1555 539 1615 wären
573 1556 614 1616 sie
638 1554 745 1614 gestern
783 1554 1067 1614 niedergeschrieben

1130 1578 1288 1638 schworene
1320 1577 1406 1637 Geist
1438 1580 1469 1640 so
1506 1578 1583 1638 ganz
1619 1580 1669 1640 dem
1724 1581 1968 1641 ursprünglichen

218 1597 358 1657 worden,
385 1599 495 1659 wirken
540 1597 584 1657 die
624 1596 690 1656 (von
730 1596 871 1656 Heinrich
907 1596 1074 1656 Schnitzler

1130 1622 1297 1682 Programm
1343 1620 1479 1680 zuwider
1511 1622 1560 1682 den
1602 1623 1778 1683 „Leutnant
1806 1622 1910 1682 Gustl“
1947 1620 1969 1680 in

213 1641 275 1701 mit
319 1641 531 1701 schneidender
576 1639 704 1699 Schärfe
753 1640 1066 1700 herausgearbeiteten

1124 1663 1175 1723 das
1231 1664 1407 1724 Programm
1467 1666 1686 1726 schmuggelte.
1729 1665 1793 1725 Der
1841 1665 1982 1725 inneren.

218 1684 275 1744 und
310 1683 372 1743 mit
399 1684 620 1744 hinreißendem
664 1683 876 1743 dramatischen
917 1683 1071 1743 Schwung

1120 1708 1195 1768 ganz
1218 1707 1356 1767 geistigen
1388 1707 1517 1767 Gewalt
1540 1707 1633 1767 dieses
1665 1707 1781 1767 Werkes
1813 1707 1977 1767 vermochte

216 1728 473 1788 vorgetragenen)
500 1724 766 1784 Gedankengänge
798 1724 846 1784 des
900 1724 1077 1784 „Leutnant

1128 1749 1177 1809 der
1209 1748 1295 1808 Saal
1323 1748 1431 1808 freilich
1468 1749 1680 1809 ebensowenig
1713 1753 1744 1813 zu
1781 1751 1971 1811 widerstehen

216 1769 342 1829 Gustl“.
380 1769 477 1829 Heute
501 1769 528 1829 so
580 1768 752 1828 „ketzerisch"
804 1767 864 1827 und
916 1767 972 1827 von
1024 1766 1074 1826 der

1127 1792 1179 1852 wie
1206 1790 1254 1850 der
1281 1792 1625 1852 Ueberzeugungskraft
1652 1792 1700 1852 des
1732 1795 1983 1855 Vortragenden,

218 1814 353 1874 geistigen
386 1811 647 1871 Unerbittlichkeit
666 1811 759 1871 seines
783 1811 913 1871 Dichters
942 1811 1071 1871 zeugend

1127 1836 1184 1896 und
1216 1835 1242 1895 so
1273 1835 1325 1895 gab
1357 1835 1387 1895 es
1419 1836 1454 1896 am
1499 1834 1587 1894 Ende
1618 1836 1679 1896 doch
1716 1835 1795 1895 einen
1831 1838 1976 1898 Applaus

215 1854 272 1914 wie
306 1853 334 1913 eh
368 1856 426 1916 und
460 1857 503 1917 je.
527 1856 633 1916 Dieser
667 1854 913 1914 „Gustl=Geist",
937 1854 985 1914 für
1019 1853 1066 1913 den

1129 1877 1177 1937 der
1200 1877 1346 1937 vielleicht
1383 1878 1395 1938 —
1463 1877 1609 1937 vielleicht

1721 1880 1807 1940 mehr
1835 1880 1884 1940 als
1912 1880 1980 1940 eine

216 1898 328 1958 „Jud"
356 1898 416 1958 und
449 1898 636 1958 „Sozialist“
664 1897 743 1957 nicht
772 1895 874 1955 weiter
903 1897 930 1957 zu
963 1895 1079 1955 analy¬

1129 1922 1453 1982 Respektsbezeugung
1490 1919 1573 1979 war.

215 1939 346 1999 sierende
370 1942 510 2002 Begriffe
539 1939 773 1999 undiskutablen
806 1936 1078 1996 Untermenschen¬

1196 1979 1254 2039 Der
1281 1979 1388 2039 übrige
1415 1978 1518 2038 Abend
1550 1978 1662 2038 verlief
1685 1981 1975 2041 programmgemäß

218 1983 304 2043 tums
331 1984 408 2044 sind,
432 1984 522 2044 dieser
545 1981 630 2041 Geist
650 1981 663 2041 —
708 1981 767 2041 wie
790 1981 930 2041 harmlos
958 1981 1021 2041 war
1044 1981 1075 2041 er

1129 2023 1443 2083 „unrevolutionär“:
1466 2022 1625 2082 Professor
1652 2023 1855 2083 Glücksmann
1887 2023 1984 2083 sprach

218 2027 279 2087 doch
311 2027 460 2087 damals!
496 2027 509 2087 -
580 2026 641 2086 lebt
669 2025 757 2085 heute
784 2024 850 2084 noch
881 2023 938 2083 und
970 2024 1075 2084 würde

1130 2068 1211 2128 kluge
1239 2068 1561 2128 Einleitungsworte,
1580 2066 1652 2126 Lola
1685 2066 1807 2126 Chlud,
1825 2065 1984 2125 degagiert

217 2071 385 2131 Schnitzler
409 2071 464 2131 auf
488 2069 534 2129 die
558 2068 633 2128 Liste
662 2069 895 2129 „zersetzenden“
924 2068 980 2128 und
1013 2068 1078 2128 „de¬

1128 2110 1376 2170 gesellschaftlich,
1438 2111 1508 2171 trug
1561 2109 1706 2169 Gedichie
1758 2110 1828 2170 vor,
1890 2110 1983 2170 Hans

220 2113 402 2173 struktiven“
430 2113 671 2173 Literatentuins
699 2113 817 2173 stellen.

1131 2152 1335 2212 Schweickart,
1357 2152 1419 2212 mit
1446 2152 1494 2212 dem
1543 2152 1671 2212 Wischer
1703 2154 1840 2214 gleichsam
1885 2152 1986 2212 arbei¬

294 2156 358 2216 Der
388 2157 469 2217 nicht
496 2157 564 2217 eben
603 2154 818 2214 revolutionär
853 2155 878 2215 zu
917 2154 1076 2214 nennende

1135 2196 1216 2256 tend,
1234 2196 1279 2256 las
1312 2196 1375 2256 sehr
1403 2196 1475 2256 schön
1512 2195 1557 2255 die
1585 2196 1712 2256 Novelle
1740 2194 1817 2254 „Der
1845 2193 1967 2253 Andere

223 2199 363 2259 Deutsche
391 2199 745 2259 Schriftstellerverband
796 2196 850 2256 hat
892 2196 968 2256 denn
1001 2197 1086 2257 auch,

1133 2241 1188 2301 und
1240 2238 1394 2298 Elisabeth
1427 2238 1544 2298 Forini
1587 2238 1731 2298 (Klavier
1760 2238 1862 2298 Alfred
1891 2238 1989 2298 Rose)

215 2241 275 2301 wie
305 2241 373 2301 man
412 2241 484 2301 hört
511 2242 523 2302 —
575 2240 763 2300 keineswegs
798 2239 973 2299 Bedenken,
999 2240 1080 2300 Gott

1131 2286 1197 2346 sang
1233 2283 1313 2343 zwei
1340 2283 1429 2343 Arien
1469 2283 1527 2343 aus
1567 2281 1994 2341 Schnitzler=Vertonungen.

220 2284 350 2344 behüte!
378 2286 464 2346 gegen
505 2286 554 2346 die
587 2284 709 2344 Lektüre
741 2283 836 2343 dieser
868 2283 922 2343 von
963 2283 1076 2343 schnitz¬

1858 2322 1942 2382 R—o

220 2331 315 2391 lerster
343 2329 579 2389 Menschlichkeit
603 2328 766 2388 erfüllten,
785 2328 894 2388 immer
917 2328 981 2388 noch
1008 2327 1081 2387 resi¬

2476 2842 2505 2902 1.
2517 2835 2676 2895 Oesterr.

2064 2874 2417 2934 OBSERVER
2483 2867 2654 2927 beherdi.
2667 2862 2783 2922 konz.

2061 2916 2169 2976 Büro
2202 2913 2262 2973 für
2279 2900 2767 2960 Zeltungsnachriohten

2009 2958 2285 3018 WIENI
2329 2945 2691 3005 WOLLZEILE

2225 3065 2291 3125 Me
2303 3080 2458 3140 Stande,
2471 3093 2548 3153 Men

2265 3194 2457 3254 12AP

2121 3284 2391 3344 Behnitriler
2423 3271 2542 3331 Teier

1955 3366 2032 3426 Eine
2110 3340 2765 3400 Schnitzler-Gedenkfeier

1917 3414 1969 3474 des
2056 3399 2242 3459 Deutschen
2334 3380 2764 3440 Schriftstellerverbandes

1923 3451 2047 3511 brachte
2081 3445 2148 3505 eine
2177 3435 2465 3495 gedankenreiche
2495 3424 2585 3484 Rede
2615 3419 2768 3479 Heinrich

1920 3492 2174 3552 Glücksmanns,
2209 3480 2367 3540 Gedichte
2406 3473 2464 3533 aus
2498 3468 2555 3528 dem
2608 3463 2776 3523 Nachlaß,

1927 3541 1973 3601 die
2004 3536 2082 3596 Lola
2118 3530 2216 3590 Chlud
2258 3522 2413 3582 vortrug,
2440 3515 2486 3575 die
2517 3510 2656 3570 Novelle
2694 3504 2781 3564 „Der

1931 3581 2072 3641 Andere“
2112 3576 2165 3636 aus
2205 3570 2258 3630 dem
2308 3561 2562 3621 Nachlaßband,
2587 3555 2645 3615 von
2684 3549 2777 3609 Hans

1931 3624 2135 3684 Schweikart
2165 3614 2380 3674 vorgelesen,
2405 3603 2463 3663 und
2498 3602 2551 3662 den
2590 3594 2780 3654 „Leutnant

1936 3671 2064 3731 Gustl“,
2085 3664 2141 3724 den
2179 3659 2235 3719 der
2261 3655 2348 3715 Sohn
2386 3650 2437 3710 des
2468 3642 2638 3702 Dichters,
2680 3634 2788 3694 Hein¬

1935 3717 1993 3777 rich
2028 3707 2229 3767 Schnitzler,
2254 3700 2288 3760 zu
2323 3693 2430 3753 seiner
2460 3686 2598 3746 Geltung
2637 3681 2789 3741 brachte.

1937 3759 1994 3819 Das
2029 3747 2350 3807 Zusammenwirken
2389 3734 2519 3794 solcher
2548 3727 2711 3787 Künstler
2745 3722 2793 3782 er¬

1941 3807 1998 3867 gab
2041 3797 2089 3857 ein
2133 3788 2424 3848 ungewöhnliches
2464 3772 2612 3832 Niveau.
2646 3766 2789 3826 Interes¬

1941 3849 2029 3909 sante
2059 3838 2310 3898 Musikstücke:
2340 3827 2383 3887 ein
2418 3822 2522 3882 Lied,
2537 3816 2590 3876 der
2625 3812 2787 3872 Christine

1944 3893 2002 3953 aus
2057 3886 2115 3946 der
2169 3878 2345 3938 seinerzeit
2385 3868 2448 3928 viel
2478 3861 2659 3921 gespielten
2703 3855 2786 3915 Oper

1945 3932 2126 3992 „Liebelei“
2161 3922 2219 3982 von
2259 3921 2312 3981 dem
2366 3909 2610 3969 tschechischen
2650 3899 2796 3959 Kompo¬

1949 3976 2049 4036 nisten
2086 3970 2190 4030 Franz
2226 3961 2394 4021 Neumann
2431 3954 2490 4014 und
2531 3948 2599 4008 eine
2631 3943 2799 4003 Romanze

1950 4022 2006 4082 aus
2058 4017 2114 4077 dem
2161 4010 2331 4070 Singspiel
2363 4000 2445 4060 „Der
2471 3994 2595 4054 tapfere
2631 3985 2806 4045 Cassian“,

1951 4063 2009 4123 von
2059 4058 2166 4118 Oskar
2196 4051 2328 4111 Strauß,
2373 4042 2465 4102 beide
2520 4035 2574 4095 von
2628 4030 2794 4090 Elisabeth

1952 4105 2069 4165 Forini
2091 4098 2281 4158 gesungen;
2307 4093 2342 4153 am
2389 4084 2528 4144 Klavier
2560 4079 2667 4139 Alfred
2704 4073 2806 4133 Rosé.
