3392 4256
228 261 257 321 2

384 267 967 327 Schnitzler's
1034 276 1259 336 Death

1468 279 1599 339 box
1678 284 1925 344 43/18

405 695 684 755 OBS

826 720 1136 780 RVER

495 759 522 819 I.
536 762 657 822 österr.
666 768 819 828 behördl.
833 782 1135 842 konzessioniertes

442 801 682 861 Unternehmen
715 810 761 870 für
789 824 1182 884 Zeitungs-Ausschnitte

506 864 650 924 WIEN,
678 870 723 930 I.,
750 879 1034 939 WOLLZEILE
1081 893 1119 953 11

599 921 815 981 TELEPHON
849 931 1021 991 R-23-0-43

308 1005 447 1065 Extroit
462 1011 493 1071 de

643 1037 694 1097 JE
740 1046 856 1106 SUIS
900 1054 1168 1114 PARTOUT

294 1104 434 1164 Adresse

620 1126 670 1186 15.
789 1125 828 1185 da
862 1132 1167 1192 .Gothard-XIV

289 1200 370 1260 Date

641 1266 659 1326 7
690 1270 973 1330 NOVEMBRE
1023 1273 1140 1333 1931

292 1301 457 1361 Signature
477 1306 490 1366 :

288 1402 436 1462 Gege

243 1556 799 1616 Arthur

911 1571 1832 1631 Schnitzler

230 1650 343 1710 Arthur
365 1654 543 1714 Schnttzlér
566 1655 651 1715 vient
668 1656 700 1716 de
723 1659 841 1719 mourir
863 1661 874 1721 à
896 1662 1031 1722 Vienne,
1069 1662 1085 1722 «
1107 1663 1188 1723 Mme
1215 1667 1307 1727 Béate
1335 1670 1361 1730 et
1383 1670 1431 1730 son
1459 1671 1513 1731 fils
1535 1672 1567 1732 »,
1578 1672 1588 1732 «
1616 1674 1653 1734 La
1681 1677 1827 1737 Comédie
1854 1682 1902 1742 des

186 1685 343 1745 foudroyé
371 1687 382 1747 à
410 1690 649 1750 soixante-neuf
673 1694 728 1754 ans
756 1694 811 1754 par
835 1697 1039 1757 l'apoplexie.

1070 1699 1148 1759 mots
1173 1698 1203 1758 »,
1220 1699 1231 1759 «
1259 1701 1298 1761 Le
1322 1702 1439 1762 Retour
1463 1704 1498 1764 de
1522 1708 1683 1768 Casanova
1711 1711 1738 1771 ».
1758 1711 1797 1771 En
1829 1715 1915 1775 1924,

186 1720 401 1780 Dramaturge
424 1723 454 1783 et
474 1725 666 1785 romancier,
685 1728 704 1788 il
723 1727 810 1787 avait
829 1729 874 1789 ses
897 1732 1033 1792 admira¬

1066 1732 1081 1792 I
1123 1732 1232 1792 publia
1271 1733 1282 1793 «
1317 1736 1388 1796 Mlle
1419 1738 1487 1798 Else
1522 1741 1551 1801 »,
1582 1741 1639 1801 que
1681 1747 1904 1807 quelques-uns

189 1753 276 1813 teurs
301 1756 457 1816 fervents,
474 1758 554 1818 dont
570 1761 731 1821 beaucoup
755 1763 779 1823 le
803 1765 927 1825 prirent
948 1766 1217 1826 com¬tiennent
1245 1769 1317 1829 pour
1350 1772 1402 1832 son
1434 1774 1655 1834 chef-d'œuvre
1687 1780 1731 1840 et,
1752 1780 1787 1840 en
1824 1784 1908 1844 1923,

186 1787 238 1847 me
265 1789 337 1849 chef
364 1789 398 1849 de
421 1792 493 1852 file.
516 1794 607 1854 Point
634 1796 668 1856 de
695 1798 786 1858 jeune
817 1798 923 1858 acteur
950 1801 1037 1861 vien¬

1063 1798 1073 1858 «
1100 1801 1237 1861 Thérèse
1259 1804 1289 1864 ».
1304 1806 1363 1866 Ces
1385 1807 1511 1867 romans
1534 1812 1678 1872 étudient
1697 1816 1741 1876 les
1764 1819 1908 1879 diverses

187 1822 259 1882 nois
279 1825 335 1885 qui
352 1825 387 1885 ne
408 1825 480 1885 rêve
505 1829 536 1889 de
561 1830 649 1890 Jouer
670 1831 681 1891 «
706 1833 838 1893 Anatole
859 1834 891 1894 »,
903 1835 1023 1895 comme
1053 1836 1193 1896 classes
1222 1838 1253 1898 de
1278 1839 1302 1899 la
1330 1841 1447 1901 société
1475 1848 1636 1908 viennoise
1664 1852 1692 1912 et
1717 1852 1761 1912 les
1789 1854 1909 1914 problè¬

184 1855 223 1915 en
251 1861 433 1921 Angleterre
461 1861 492 1921 on
520 1864 589 1924 rêve
617 1865 648 1925 de
676 1867 874 1927 représenter
898 1867 909 1927 «
937 1870 1030 1930 Ham¬
1069 1870 1135 1930 mes
1159 1870 1194 1930 de
1221 1872 1244 1932 la
1268 1873 1311 1933 vie
1335 1876 1502 1936 familiale.

183 1891 235 1951 let
255 1892 267 1952 ;
288 1895 320 1955 et
344 1896 441 1956 Berlin
470 1896 550 1956 aima
575 1899 733 1959 l'écrivain
762 1902 935 1962 autrichien
964 1905 976 1965 à
1001 1905 1024 1965 la

1100 1902 1145 1962 On
1172 1903 1183 1963 a
1214 1906 1255 1966 dit
1278 1906 1308 1966 de
1335 1911 1512 1971 Schnitzler
1536 1908 1543 1968 —
1589 1913 1618 1973 et
1642 1917 1706 1977 cela
1733 1917 1762 1977 ne
1793 1920 1834 1980 lul
1854 1920 1906 1980 dé¬

186 1926 327 1986 librairie
363 1929 472 1989 autant
504 1932 590 1992 qu'au
625 1934 766 1994 théâtre.
794 1935 829 1995 La
865 1938 958 1998 gloire
994 1936 1025 1996 de

1063 1938 1192 1998 plaisait
1220 1940 1306 2000 point
1330 1939 1341 1999 —
1392 1944 1466 2004 qu'il
1487 1946 1569 2006 était
1593 1948 1616 2008 le
1644 1950 1769 2010 jumeau
1800 1954 1906 2014 physi¬

186 1962 368 2022 Schnitzler
392 1965 423 2025 ne
443 1965 494 2025 fut
514 1968 593 2028 nulle
617 1969 687 2029 part
708 1969 774 2029 plus
798 1971 944 2031 brillante
968 1973 1031 2033 qu'à

1063 1972 1119 2032 que
1142 1974 1176 2034 de
1207 1975 1317 2035 Freud.
1336 1976 1363 2036 Il
1382 1977 1427 2037 est
1446 1981 1564 2041 certain
1587 1983 1644 2043 que
1671 1986 1693 2046 la
1716 1987 1845 2047 plupart
1868 1989 1898 2049 de

190 1992 378 2052 New-York,
397 1997 427 2057 où
461 1997 517 2057 l'on
552 1999 597 2059 vit
623 2004 812 2064 triompher,
835 2004 944 2064 l'autre
975 2006 1027 2066 an-
1065 2006 1117 2066 ses
1144 2007 1272 2067 œuvres
1299 2011 1420 2071 lulsent
1443 2013 1510 2073 d'un
1544 2016 1646 2076 vernis
1676 2019 1819 2079 freudien
1850 2023 1906 2083 qui

174 2028 261 2088 née,
274 2031 326 2091 sur
346 2031 422 2091 deux
443 2034 555 2094 scènes
576 2039 853 2099 simultanément,
866 2040 897 2100 ce
922 2041 1018 2101 même
1043 2042 1103 2102 en
1131 2042 1207 2102 gêne
1236 2042 1260 2102 la
1284 2044 1400 2104 vérité.
1421 2048 1493 2108 Très
1518 2052 1714 2112 intelligent,
1731 2056 1811 2116 mais
1836 2056 1907 2116 sen¬

182 2058 196 2118 «
222 2064 354 2124 Anatole
376 2064 387 2124 »
409 2064 420 2124 -
461 2069 519 2129 que
542 2070 618 2130 John
644 2073 831 2133 Barrymore
853 2075 941 2135 avait
960 2076 1033 2136 vou¬

1061 2076 1135 2136 sible
1167 2079 1363 2139 également,
1387 2082 1457 2142 quoi
1482 2085 1560 2145 qu'il
1584 2085 1615 2145 en
1647 2088 1713 2148 eût,
1737 2090 1894 2150 l'écrivain

182 2099 209 2159 lu
241 2099 318 2159 jadis
342 2099 486 2159 Incarner
513 2099 525 2159 —
568 2102 599 2162 et
623 2103 646 2163 le
674 2103 685 2163 «
709 2108 884 2168 Perroquet
908 2108 978 2168 vert
998 2108 1024 2168 ».
1068 2108 1122 2168 eut
1149 2108 1172 2168 le
1204 2111 1270 2171 tort
1298 2111 1333 2171 de
1364 2114 1484 2174 vouloir
1512 2116 1582 2176 tout
1610 2123 1816 2183 comprendre
1848 2126 1902 2186 par

220 2132 306 2192 Mais
330 2135 482 2195 certains,
503 2136 533 2196 en
565 2137 683 2197 France
711 2139 737 2199 et
761 2141 859 2201 même
887 2143 918 2203 en
950 2144 1028 2204 Alle¬

1063 2144 1284 2204 l'intélligence
1315 2147 1349 2207 au
1383 2149 1437 2209 lieu
1471 2149 1505 2209 de
1536 2153 1650 2213 laisser
1678 2156 1734 2216 une
1765 2159 1853 2219 place
1887 2161 1894 2221 à

184 2168 312 2228 magne,
343 2170 487 2230 tiennent
521 2171 658 2231 l'auteur
692 2174 836 2234 viennols
871 2177 950 2237 pour
985 2177 1018 2237 un

1061 2177 1250 2237 l'intuition,
1269 2183 1447 2243 nécessaire
1474 2185 1485 2245 à
1516 2186 1550 2246 un
1577 2186 1641 2246 être
1668 2192 1792 2252 humain
1823 2195 1898 2255 pour

182 2199 318 2259 écrivain
354 2203 525 2263 médiocre,
545 2207 599 2267 qui
623 2210 829 2270 collectionne
857 2212 1024 2272 minutieu¬
1040 2210 1102 2270 en
1134 2213 1282 2273 pénétrer
1314 2215 1348 2275 un
1388 2219 1488 2279 autre.
1516 2221 1578 2281 Une
1614 2225 1781 2285 Viennoise
1813 2228 1906 2288 spiri¬

185 2234 309 2294 sement
330 2236 366 2296 de
391 2237 497 2297 menus
523 2240 596 2300 faits
622 2243 700 2303 pour
721 2243 753 2303 en
782 2246 948 2306 composer
973 2248 1022 2308 des

1060 2246 1152 2306 tuelle
1177 2246 1208 2306 et
1226 2251 1425 2311 charmante,
1439 2252 1492 2312 qui
1510 2258 1655 2318 repoussa
1680 2260 1701 2320 le
1726 2261 1899 2321 sentiment

182 2270 309 2330 drames
339 2272 452 2332 gentils
482 2273 511 2333 et
540 2275 591 2335 des
621 2278 745 2338 romans
774 2279 1026 2339 sentimentaux.

1056 2279 1155 2339 offert
1177 2281 1214 2341 du
1243 2284 1419 2344 romancier
1445 2287 1606 2347 mondain,
1628 2293 1771 2353 expliqua
1800 2295 1811 2355 :
1837 2296 1848 2356 «

183 2302 363 2362 Schnitzler
384 2305 416 2365 ne
440 2306 553 2366 mérite
577 2308 585 2368 «
614 2310 645 2370 ni
662 2310 714 2370 cet
734 2313 822 2373 excès
847 2313 1116 2373 d'honneurest
1133 2316 1278 2376 toulours
1302 2317 1334 2377 en
1363 2320 1439 2380 train
1467 2321 1503 2381 de
1528 2322 1600 2382 vous
1625 2326 1709 2386 forer
1733 2327 1789 2387 des
1814 2332 1898 2392 trous

186 2338 217 2398 ni
237 2338 320 2398 cette
344 2341 493 2401 indignité
521 2341 552 2401 ».
568 2342 603 2402 Si
624 2344 674 2404 son
702 2347 808 2407 œuvre
832 2348 966 2408 manque
990 2350 1025 2410 de

1057 2348 1136 2408 dans
1167 2351 1273 2411 l'âme,
1296 2353 1325 2413 et
1352 2356 1417 2416 cela
1447 2356 1538 2416 cause
1569 2359 1625 2419 une
1656 2362 1819 2422 sensation
1853 2365 1902 2425 dé¬

196 2374 340 2434 jrandeur
372 2374 404 2434 et
429 2375 464 2435 de
497 2376 601 2436 forcé,
626 2380 654 2440 si
683 2380 710 2440 sa
747 2381 843 2441 vicion
876 2383 931 2443 eut
960 2385 1012 2445 peu
1040 2384 1048 2444 ;
1065 2384 1229 2444 sagréàble
1254 2385 1266 2445 !
1282 2385 1294 2445 »
1318 2386 1358 2446 Et
1375 2389 1519 2449 l'ouvrier
1540 2392 1640 2452 oublie
1661 2398 1901 2458 généralement

187 2406 371 2466 d'ampleur,
392 2407 427 2467 du
460 2411 564 2471 moins
593 2415 790 2475 posséda-t-il
815 2417 875 2477 une
907 2419 1023 2479 intelli¬
1061 2419 1120 2479 que
1149 2419 1173 2479 la
1205 2421 1330 2481 foreuse
1358 2422 1499 2482 déforme
1528 2424 1572 2484 les
1600 2431 1728 2491 cellules
1757 2434 1813 2494 par
1842 2434 1893 2494 son

188 2440 276 2500 gence
299 2442 476 2502 analytique
504 2447 565 2507 très
588 2449 704 2509 subtife
727 2449 759 2509 et
777 2452 804 2512 le
827 2452 882 2512 don
910 2454 943 2514 de
966 2452 1026 2512 fai¬

1060 2452 1128 2512 seul
1149 2453 1294 2513 contact,
1315 2457 1464 2517 faussant
1489 2461 1574 2521 ainsi
1590 2461 1634 2521 les
1663 2466 1901 2526 observations.

188 2478 212 2538 re
238 2475 372 2535 palpiter
398 2476 423 2536 la
449 2478 511 2538 vie.

1093 2487 1104 2547 A
1135 2484 1158 2544 la
1189 2488 1338 2548 présence
1365 2493 1560 2553 perpétuelle
1584 2493 1614 2553 et
1638 2499 1837 2559 déplaisante
1860 2502 1894 2562 de

218 2509 334 2569 Arthur
358 2513 536 2573 Schnitzler
560 2515 587 2575 se
616 2518 765 2578 consagra
789 2518 915 2578 surtout
939 2520 947 2580 à
971 2520 1027 2580 l'é-

1059 2520 1086 2580 la
1110 2520 1236 2580 «libido
1260 2521 1274 2581 »
1298 2522 1372 2582 dans
1396 2526 1442 2586 les
1462 2528 1588 2588 romans
1607 2532 1644 2592 de
1668 2533 1864 2593 Schnitzler,
1879 2532 1902 2592 il

183 2542 255 2602 tude
281 2544 473 2604 compliquée
504 2547 534 2607 lu
564 2550 649 2610 cour
675 2553 820 2613 humain.
838 2554 936 2614 Mais,
953 2556 1004 2616 psy

1056 2553 1124 2613 faut
1151 2555 1275 2615 ajouter
1301 2559 1425 2619 l'action
1456 2562 1619 2622 constante
1650 2565 1739 2625 d'une
1770 2568 1889 2628 fatalité

178 2578 332 2638 chologue
362 2581 390 2641 et
416 2583 616 2643 psychiatre,
637 2584 662 2644 il
684 2586 733 2646 fut
754 2589 879 2649 d'abord
909 2589 946 2649 un
976 2589 1025 2649 ar¬

1052 2589 1279 2649 malfaisante,
1306 2592 1359 2652 par
1398 2592 1469 2652 quoi
1500 2594 1545 2654 les
1580 2598 1713 2658 pauvres
1747 2601 1895 2661 humains

178 2615 269 2675 tiste.
284 2613 337 2673 Ses
360 2616 485 2676 romans
508 2619 580 2679 sont
600 2621 766 2681 composés
789 2622 861 2682 avec
884 2625 918 2685 un
945 2625 1017 2685 sens

1057 2622 1127 2682 sont
1155 2624 1331 2684 emportés,
1359 2628 1504 2688 heurtés,
1524 2631 1645 2691 roulés.
1669 2634 1708 2694 Et
1736 2637 1900 2697 pourtant,

175 2649 414 2709 curiausement
434 2652 547 2712 sémite
571 2652 606 2712 de
630 2654 657 2714 la
681 2655 881 2715 décoration,
897 2659 1014 2719 chaque

1058 2656 1216 2716 l'écrivain
1241 2660 1399 2720 déclaxait
1420 2662 1474 2722 que
1499 2664 1549 2724 s'il
1570 2664 1657 2724 avait
1674 2667 1723 2727 été
1749 2669 1898 2729 détermi¬

174 2679 289 2739 scèno,
302 2683 421 2743 chaque
443 2689 660 2749 paragraphe,
674 2690 793 2750 chaque
814 2692 882 2752 état
904 2692 1019 2752 d'âme,
1058 2690 1155 2750 niste,
1173 2693 1194 2753 il
1211 2693 1245 2753 ne
1267 2694 1364 2754 l'était
1382 2695 1463 2755 plus.
1480 2696 1501 2756 Il
1519 2698 1595 2758 était
1612 2701 1821 2761 sentimental
1839 2707 1889 2767 par

175 2717 364 2777 présentant
388 2717 417 2777 un
445 2720 551 2780 dessin
578 2723 752 2783 minutieux
779 2724 809 2784 et
829 2726 961 2786 parfait.

1050 2726 1160 2786 nature
1191 2726 1202 2786 ;
1229 2726 1252 2786 Il
1267 2726 1316 2786 fut
1340 2729 1465 2789 réaliste
1492 2732 1546 2792 par
1569 2735 1828 2795 raisonnement.

213 2750 314 2810 Après
334 2751 419 2811 avoir
440 2753 513 2813 fait,
530 2755 558 2815 en
587 2756 676 2816 1893,
688 2757 720 2817 un
749 2760 822 2820 coup
847 2759 879 2819 de
904 2762 1013 2822 maître

1091 2759 1145 2819 Les
1171 2761 1296 2821 ouvres
1323 2762 1355 2822 de
1382 2763 1573 2823 Schnitzler,
1592 2766 1621 2826 du
1651 2771 1768 2831 moins,
1788 2774 1897 2834 seront

175 2782 250 2842 avec
273 2783 284 2843 «
307 2786 436 2846 Anatole
455 2788 485 2848 »,
501 2789 679 2849 Schnitzler
702 2792 800 2852 donna
823 2795 880 2855 une
903 2796 1012 2856 longue

1053 2795 1233 2855 longtemps
1269 2797 1397 2857 goûtées
1433 2798 1511 2858 pour
1547 2804 1715 2864 l'élégance
1750 2806 1785 2866 de
1825 2808 1891 2868 leun

175 2819 257 2879 sérle
281 2819 449 2879 d'ccuvres,
465 2824 570 2884 parmi
586 2828 758 2888 lesquelles
786 2828 793 2888 :
813 2828 824 2888 «
852 2828 969 2888 Mourir
993 2831 1020 2891 »,

1050 2828 1209 2888 structure
1240 2831 1270 2891 un
1300 2831 1357 2891 peu
1388 2834 1486 2894 grêle,
1506 2834 1528 2894 la
1555 2835 1677 2895 finesse
1704 2840 1756 2900 des
1784 2842 1897 2902 décou¬

215 2853 261 2913 Le
295 2855 378 2915 Volle
412 2856 446 2916 de
480 2858 622 2918 Béatrice
656 2861 685 2921 »,
707 2861 719 2921 «
757 2861 795 2921 Le
829 2863 1021 2923 Lieutenant

1053 2863 1144 2923 pures
1178 2863 1325 2923 ajourées
1360 2864 1393 2924 et
1420 2867 1575 2927 colorléos
1606 2869 1662 2929 qui
1689 2872 1723 2932 en
1761 2872 1833 2932 font
1864 2876 1886 2936 le

178 2887 270 2947 Gustl
295 2887 322 2947 »,
347 2887 359 2947 «
392 2890 622 2950 Marionnettes
655 2893 682 2953 »,
707 2893 719 2953 «
751 2893 791 2953 Le
820 2896 949 2956 Chemin
982 2896 1017 2956 II¬

1050 2896 1163 2956 détail,
1182 2896 1212 2956 et
1236 2899 1258 2959 la
1281 2899 1466 2959 tendresse,
1482 2902 1595 2962 teintée
1622 2904 1656 2964 de
1683 2907 1895 2967 morbidesse,

174 2920 225 2980 bre
250 2920 278 2980 ».
294 2920 334 2980 En
363 2922 442 2982 1908.
459 2923 483 2983 il
499 2926 591 2986 recut
608 2926 631 2986 le
656 2927 668 2987 «
692 2929 760 2989 Prix
785 2932 973 2992 Grillparzer
994 2930 1005 2990 »
1026 2930 1042 2990 l
1055 2929 1131 2989 avec
1155 2933 1287 2993 laquelle
1316 2935 1448 2995 l'auteur
1473 2938 1573 2998 étudia
1601 2940 1746 3000 l'amour,
1766 2942 1790 3002 la
1815 2942 1886 3002 folie

172 2956 206 3016 et
228 2956 395 3016 continua,
413 2958 463 3018 dès
490 2960 567 3020 lors,
589 2962 686 3022 mêmz
713 2965 854 3025 pendant
876 2965 901 3025 la
928 2966 1095 3026 guer¬t
1112 2966 1137 3026 la
1164 2967 1257 3027 mort.

175 2992 226 3052 re,
247 2992 277 3052 sa
309 2995 489 3055 production
526 2998 685 3058 régulière
717 3001 748 3061 et
774 3001 928 3061 triomphi
939 3001 964 3061 le
1001 3004 1011 3064 :

1266 3010 1472 3070 Marguerite
1502 3013 1859 3073 YERTA-MELERA.

490 3315 533 3375 N°
555 3320 593 3380 DE
621 3322 756 3382 DEDIT.

636 3402 880 3462 IILISTI

279 3437 412 3497 Extroit
431 3438 459 3498 de
484 3440 497 3500 :

567 3460 642 3520 Aur
664 3467 780 3527 salnt
802 3476 994 3536 Georges,
1009 3482 1070 3542 13,
1085 3481 1119 3541 IX

281 3538 415 3598 Adresse
436 3534 449 3594 :
462 3534 469 3594 —

559 3606 590 3666 2

284 3636 364 3696 Date
385 3634 394 3694 :

281 3735 451 3795 Signature
468 3730 478 3790 :

295 3831 465 3891 Cxngutien
491 3828 503 3888 :

433 3842 461 3902 Le
498 3859 673 3919 romancier
706 3861 738 3921 et
772 3863 861 3923 poète
902 3869 1065 3929 autrichien

351 3894 465 3954 Arthur
485 3896 670 3956 Schnitzler,
682 3899 756 3959 dont
776 3902 815 3962 les
835 3902 925 3962 livres
945 3908 1067 3968 avaient

352 3933 454 3993 acquis
475 3934 532 3994 une
557 3938 731 3998 renommée
760 3944 965 4004 européenne,
983 3950 1064 4010 vient

348 3971 388 4031 de
417 3974 536 4034 mourir

2072 1979 2189 2039 Extralt
2198 1982 2231 2042 de
2249 1988 2375 2048 RO

2071 2048 2262 2108 Adremecl,
2280 2057 2366 2117 Rue
2402 2085 2671 2145 Poaubourg.

2446 2144 2575 2204 PARIS
2616 2160 2664 2220 3.

2065 2155 2141 2215 Date
2162 2156 2177 2216 :

2068 2225 2155 2285 Signé
2175 2228 2184 2288 :

2073 2466 2678 2526 SORRIER

2124 2536 2206 2596 Mort
2275 2534 2448 2594 Schtsler.
2461 2527 2474 2587 —
2513 2526 2620 2586 Arthur
2638 2521 2767 2581 Sohnits-

2042 2569 2104 2629 ler,
2119 2567 2141 2627 le
2167 2564 2228 2624 plus
2251 2560 2434 2620 cees
2456 2556 2631 2616 romanciers
2657 2551 2683 2611 et
2701 2547 2767 2607 dra¬

2047 2595 2197 2655 maturges
2227 2585 2425 2645 autrieMlens,
2444 2583 2491 2643 est
2517 2583 2590 2643 mort
2616 2578 2627 2638 à
2664 2575 2748 2635 Vienn

2047 2623 2119 2683 dans
2142 2619 2170 2679 sa
2196 2613 2469 2673 soixante-dixième
2495 2607 2599 2667 année.
2618 2603 2770 2663 Paycholo-

2047 2653 2099 2713 gue
2123 2645 2248 2705 raffiné,
2258 2639 2446 2699 observateur
2470 2635 2671 2695 mélancolique
2694 2629 2720 2689 et
2737 2628 2766 2688 ai

2050 2677 2081 2737 yu
2110 2675 2138 2735 de
2164 2672 2186 2732 la
2215 2671 2271 2731 vie,
2288 2668 2309 2728 il
2329 2667 2468 2727 inaugura
2497 2662 2563 2722 avec
2586 2661 2633 2721 son
2662 2655 2773 2715 Lieute¬

2031 2704 2123 2764 nant
2148 2697 2237 2757 Gusse
2266 2697 2294 2757 un
2329 2693 2412 2753 genre
2441 2692 2516 2752 qu'on
2548 2688 2646 2748 appela
2678 2684 2773 2744 depuis

2058 2729 2064 2789 «
2091 2726 2256 2786 monologue
2282 2720 2421 2780 intérieur
2444 2720 2470 2780 ».
2487 2717 2513 2777 Il
2534 2715 2543 2775 y
2570 2713 2725 2773 enregistre
2748 2708 2771 2768 le

2052 2754 2108 2814 flux
2137 2753 2165 2813 de
2188 2749 2302 2809 pensées
2327 2746 2526 2806 incohérentes
2549 2741 2596 2801 qui
2613 2737 2754 2797 traversen

2056 2783 2075 2843 le
2102 2778 2217 2838 cerveau
2247 2777 2303 2837 d'un
2333 2774 2415 2834 jeune
2442 2770 2554 2830 officier
2577 2768 2666 2828 ayant
2689 2762 2771 2822 perdi

2046 2810 2079 2870 au
2106 2807 2146 2867 jeu
2172 2805 2199 2865 et
2216 2804 2311 2864 acculé
2335 2801 2364 2861 au
2391 2798 2514 2858 suicide.
2527 2797 2577 2857 Son
2604 2795 2676 2855 oycle
2700 2792 2756 2852 Ana

2054 2837 2107 2897 tole
2139 2834 2183 2894 est
2209 2832 2259 2892 une
2288 2829 2360 2889 at'te
2392 2828 2421 2888 de
2449 2822 2673 2882 marivaudages
2699 2819 2765 2879 avec

2049 2866 2077 2926 au
2103 2861 2215 2921 centre,
2231 2859 2282 2919 une
2308 2854 2334 2914 sa
2353 2851 2385 2911 de
2408 2852 2439 2912 de
2462 2852 2513 2912 don
2539 2850 2612 2910 Juan
2642 2845 2769 2905 viennois

2054 2889 2174 2949 cynique
2203 2885 2231 2945 et
2254 2881 2393 2941 aimale.
2416 2881 2450 2941 La
2482 2878 2574 2938 Ronde
2603 2875 2647 2935 cat
2670 2871 2701 2931 un
2733 2870 2758 2930 en

2054 2916 2239 2976 chainement
2264 2911 2294 2971 de
2325 2906 2474 2966 dialogues
2505 2904 2581 2964 entre
2611 2898 2760 2958 amoureus

2058 2944 2118 3004 d'un
2141 2941 2273 3001 réalisme
2293 2936 2429 2996 spirituel
2448 2934 2470 2994 et
2490 2929 2611 2989 souvent
2630 2925 2762 2985 scabreug

2056 2971 2173 3031 Medecin
2210 2970 2240 3030 de
2267 2966 2314 3026 son
2351 2961 2468 3021 métier,
2488 2960 2511 3020 il
2535 2958 2625 3018 donne
2656 2953 2726 3013 dans

2058 2998 2186 3058 nouvelle
2240 2988 2348 3048 Mourir
2398 2986 2576 3046 l'historique
2626 2980 2764 3040 saisissas

2061 3025 2144 3085 d'une
2174 3022 2261 3082 idylie
2291 3016 2490 3076 interrompue
2524 3010 2571 3070 par
2604 3007 2727 3067 l'agonie

2073 3050 2127 3110 Lun
2144 3052 2190 3112 des
2207 3049 2349 3109 angureue
2382 3046 2451 3106 dent
2468 3044 2499 3104 un
2523 3041 2594 3101 vrand
2627 3040 2697 3100 ssyf

2867 2126 3074 2186 NOVEMBRE

2906 2187 3017 2247 1931
