3392 4320
149 231 207 291 T'od

112 288 243 348 insicht
259 288 401 348 Schnitz

114 339 162 399 che
212 336 398 396 Aesthetik

115 386 124 446 b
160 385 222 445 er,
248 386 326 446 „als
362 383 413 443 die

131 432 352 492 bezeichnet

126 484 191 544 das
236 481 412 541 moderne

114 530 304 590 ebensogut
334 527 418 587 Ver¬

159 580 322 640 nennen.

123 629 187 689 sich
226 630 414 690 gegensei¬

118 679 425 739 Tragikomische,

109 729 196 789 gen,
220 727 277 787 daß
318 727 422 787 dort,

114 774 202 834 fühl
235 775 324 835 oder
361 772 413 832 wo

130 825 310 885 anfängt,
353 824 422 884 das

117 873 187 933 keit
234 873 407 933 aufhören

138 924 205 984 auf
233 922 289 982 die
328 921 417 981 Illu¬

108 972 318 1032 hannsthals
338 968 417 1028 Pro¬

103 1019 128 1079 r
169 1019 234 1079 den
285 1019 420 1079 „Para-

113 1070 301 1130 enspieler

159 1118 222 1178 der
261 1118 395 1178 Kunst“

110 1166 324 1226 chnitzlers,
341 1165 395 1225 „be

117 1213 315 1273 sondern
354 1213 420 1273 auf

112 1262 184 1322 der
207 1261 324 1321 zeigte
347 1263 419 1323 das,

124 1307 310 1367 unseren
354 1305 396 1365 Er

111 1353 174 1413 es
201 1354 374 1414 Hamlet.

133 1411 317 1471 Schöpfer
352 1412 408 1472 ge¬

116 1461 174 1521 das
213 1461 411 1521 Orchester

217 1512 414 1572 gerauscht

159 1557 301 1617 begann
339 1560 407 1620 sein

112 1607 235 1667 früher
268 1607 401 1667 schrieb

115 1658 187 1718 lle,
214 1658 271 1718 die
303 1658 407 1718 heute

134 1706 182 1766 ist
207 1706 271 1766 wie
305 1708 417 1768 einst.

111 1757 303 1817 alsbilder,
325 1757 412 1817 stets

123 1805 179 1865 die
210 1805 250 1865 er
277 1805 348 1865 nur
380 1806 405 1866 in

124 1852 152 1912 im
204 1852 317 1912 „Weg
357 1855 408 1915 ins

115 1903 410 1963 ürgerlich-pro¬

112 1954 199 2014 inen
233 1953 315 2013 drei
343 1952 414 2012 Ro-

116 2002 404 2062 Desterreichisch

107 2049 153 2109 ler
190 2049 305 2109 Farbe
348 2051 410 2111 der

108 2100 190 2160 keit,
226 2098 288 2158 von
333 2101 410 2161 sen¬

112 2148 177 2208 ten
214 2151 408 2211 deutschen

115 2199 170 2259 ner
196 2199 288 2259 alten
314 2201 415 2261 Stadt

109 2247 302 2307 andschaft
339 2248 417 2308 um¬

119 2297 314 2357 eurlaubte
345 2297 409 2357 sich

112 2345 126 2405 n
158 2345 311 2405 Rokoko
347 2345 408 2405 von

120 2394 178 2454 Die
211 2395 398 2455 unvergeßs

116 2440 146 2500 en
187 2444 387 2504 Geronimo

118 2494 258 2554 lisiert,
281 2494 394 2554 „Fräu

113 2542 146 2602 an
185 2545 348 2605 Martino
382 2545 415 2605 di

113 2593 253 2653 räsler,
296 2595 416 2655 Bade¬

117 2640 304 2700 driainsel
341 2640 413 2700 ein¬

117 2691 127 2751 r
164 2691 419 2751 Ortsangabe.

112 2736 167 2796 tl“
204 2739 281 2799 war
307 2739 414 2799 habs¬

109 2790 158 2850 pch
197 2791 266 2851 das
292 2793 417 2853 „Spiel

995 112 1076 172 DIE
1111 115 1485 175 LITERARISCHE
1527 121 1655 181 WELT

475 231 504 291 im
551 234 895 294 Morgengrauen“.
926 234 1078 294 „Bertha
1119 235 1306 295 Garlan“,

1654 261 1900 321 Persönliche
1932 258 2241 318 Erinnerungen
2280 261 2324 321 an
2356 263 2507 323 Arthur
2539 265 2753 325 Schnitzler

473 279 548 339 cine
602 279 823 339 verwitwete
872 282 1018 342 Bovary
1067 283 1098 343 in
1143 283 1280 343 Nieder

475 328 688 388 österreich.
732 332 828 392 „Das
867 333 954 393 neue
993 331 1104 391 Lied“
1143 330 1171 390 in
1215 332 1278 392 dem

1407 330 1500 390 Egon
1555 333 1718 393 Friedell
1763 333 1891 393 rühmt
1935 332 1974 392 an
2034 333 2171 393 Arthur

2238 330 2318 390 Blick
2355 333 2410 393 als
2436 333 2695 393 Diagnostiker
2726 338 2787 398 urd
2823 345 3046 405 ausgepräg¬

1353 377 1570 437 Schnitzler,
1590 377 1623 437 er
1653 380 1739 440 habe
1769 380 1832 440 das
1861 380 2073 440 Sittenstück
2108 380 2170 440 auf

477 377 679 437 magischen
710 379 827 439 Bande
857 378 1228 438 „Dämmerseelen“:
1243 380 1296 440 die

2236 380 2285 440 ten
2322 380 2600 440 Forschersinn.
2636 385 2686 445 An
2723 384 2782 444 der
2819 388 2932 448 Klinik
2969 391 3041 451 war

1356 423 1426 483 cine
1483 428 1723 488 menschliche
1780 427 1846 487 und
1907 428 2170 488 künstlerische

474 425 712 485 zerreißende
762 430 1005 490 Traurigkeit
1050 428 1148 488 eines
1184 426 1273 486 Sonn

2230 428 2279 488 ich
2315 426 2401 486 viele
2432 430 2528 490 Male
2559 433 2701 493 Zeuge,
2722 434 2781 494 wie
2812 437 3035 497 verblüffend

1358 473 1456 533 Höhe
1486 476 1669 536 gehoben,
1695 478 1748 538 die
1778 476 1832 536 die
1868 477 2065 537 Franzosen
2100 479 2153 539 nie

480 476 555 536 tags
582 473 611 533 im
653 475 790 535 Wiener
816 479 964 539 Vorort.
990 479 1076 539 „Die
1107 477 1280 537 Fremde“

2234 478 2285 538 ihm
2332 477 2571 537 interessante
2600 483 2834 543 hypnotische
2867 487 3040 547 Versuche

1355 521 1445 581 mals
1464 524 1682 584 erreichten;
1705 524 1796 584 seine
1824 524 1941 584 Wesen
1973 527 2164 587 bestünden

484 524 671 584 Innsbruck
704 525 769 585 und
803 527 853 587 die
882 527 1032 587 ehernen
1065 527 1206 587 Statuen
1234 527 1294 587 der

2238 527 2428 587 gelangen.
2459 528 2524 588 Die
2550 533 2848 593 entscheidenden
2883 536 3044 596 Erfolge,

1356 569 1451 629 nicht
1479 572 1573 632 mehr
1601 574 1660 634 aus
1688 575 1783 635 einer
1806 574 1896 634 oder
1920 573 2010 633 zwei
2033 576 2178 636 Seelen,

485 572 696 632 Hofkirche.
722 575 832 635 „Frau
863 575 968 635 Beate
994 576 1059 636 und
1090 576 1140 636 ihr
1161 575 1246 635 Sohn
1287 576 1301 636 :

2237 575 2286 635 die
2316 575 2350 635 er
2380 575 2428 635 als
2454 577 2601 637 Dichter
2626 580 2734 640 fand,
2755 582 2813 642 hat
2838 581 2902 641 sein
2937 583 3040 643 Vater

1353 619 1504 679 sondern
1559 621 1618 681 aus
1669 624 1769 684 einem
1834 625 1971 685 ganzen
2026 622 2158 682 Gesell

482 621 608 681 Aussee
646 621 711 681 und
749 624 940 684 erlösende
979 623 1100 683 Nacht
1128 622 1151 682 in
1189 623 1287 683 lauen

2236 622 2327 682 nicht
2380 624 2481 684 mehr
2535 625 2669 685 erlebt.
2737 628 2833 688 Viele
2897 631 3035 691 werden

1356 668 1585 728 schaftsstaat
1614 670 1675 730 von
1713 670 1857 730 Seelen.
1886 672 1961 732 Das
1990 673 2092 733 trifft
2116 673 2177 733 zu,

486 668 637 728 Wellen,
713 671 778 731 mit
845 673 910 733 dem
996 672 1289 732 gespenstischen

2239 670 2381 730 wissen,
2406 673 2470 733 daß
2510 676 2648 736 Arthur
2678 679 2874 739 Schnitzler
2909 679 3046 739 keines¬

1361 715 1442 775 doch
1481 718 1518 778 es
1548 720 1691 780 erklärt
1721 720 1801 780 noch
1845 720 1946 780 nicht
1975 720 2037 780 den
2075 721 2147 781 Zau

484 721 646 781 Flackern
686 720 745 780 der
775 721 927 781 Masken
962 721 1021 781 von
1056 721 1193 781 Kainz,
1214 721 1277 781 dem

2236 720 2326 780 wegs
2357 724 2553 784 ungesellig
2589 727 2680 787 war,
2706 726 2776 786 was
2802 729 2857 789 oft
2883 730 3044 790 behaup¬

1356 761 1433 821 ber,
1462 765 1490 825 in
1529 766 1591 826 den
1635 769 1841 829 jedermann
1885 769 2033 829 verfiel,
2058 769 2163 829 schon

485 772 732 832 Königspieler
764 769 825 829 des
852 771 1130 831 Burgtheaters.
1152 769 1291 829 Wiener

2236 768 2279 828 tet
2308 769 2452 829 wurde.
2491 772 2534 832 Er
2563 774 2650 834 blieb
2689 775 2832 835 immer,
2857 778 2948 838 trotz
2982 778 3044 838 der

1359 811 1415 871 bei
1452 813 1518 873 der
1560 813 1673 873 ersten
1720 818 1962 878 Begegnung,
1994 818 2060 878 gar
2113 816 2174 876 bei

480 819 661 879 Konturen
697 819 760 879 hat
785 819 839 879 die
874 819 1228 879 „Traumnovelle“,
1238 818 1297 878 hat

2237 817 2475 877 Schwermut,
2499 822 2560 882 von
2598 822 2658 882 der
2687 822 2752 882 sein
2790 822 2907 882 Wesen
2940 825 3047 885 über¬

1355 861 1565 921 dauerndem
1633 864 1795 924 Verkehr
1844 867 1910 927 mit
1954 866 2044 926 ihm.
2097 867 2174 927 Ge¬

1218 866 1295 926 Das

481 867 532 927 die
574 867 728 927 „Flucht
760 865 790 925 in
832 867 888 927 die
930 868 1173 928 Finsternis“.

2239 867 2368 927 haucht
2392 870 2530 930 schien,
2550 870 2597 930 ein
2632 870 2803 930 heiterer,
2823 874 3043 934 lebensfreu¬

1362 910 1526 970 wöhnlich
1574 912 1641 972 sind
1688 915 1791 975 Laien
1828 915 1889 975 bei
1921 915 2169 975 persönlicher

480 915 553 975 war
588 915 617 975 so
657 915 858 975 ergreifend
903 915 937 975 an
977 916 1197 976 Schnitzler,
1222 915 1286 975 daß

2239 915 2354 975 diger,
2392 918 2736 978 eindrucksfähiger
2779 921 2922 981 Mensch
2970 924 3038 984 und

1358 961 1569 1021 Begegnung
1618 963 1684 1023 mit
1724 963 1785 1023 von
1830 964 1934 1024 ihnen
1983 964 2165 1024 verehrten

477 965 514 1025 er
547 963 659 1023 seiner
692 961 986 1021 Künstlerschaft
1015 963 1047 1023 so
1080 963 1155 1023 treu
1188 965 1304 1025 blieb,

2242 963 2308 1023 war
2345 966 2520 1026 jeglichem
2578 969 2722 1029 Talent,
2749 968 2821 1028 war
2858 972 2946 1032 allen
2982 972 3049 1032 Be¬

1361 1007 1418 1067 und
1471 1010 1724 1070 bewunderten
1773 1013 1940 1073 Dichtern
1988 1011 2050 1071 arg
2093 1013 2174 1073 ent-

479 1013 574 1073 nicht
603 1012 737 1072 einmal
766 1009 828 1069 den
867 1010 1015 1070 Versuch
1054 1013 1211 1073 machte,
1236 1013 1293 1073 die

2232 1012 2440 1072 strebungen
2484 1015 2547 1075 der
2575 1018 2714 1078 Jungen
2747 1016 2810 1076 wie
2843 1019 2907 1079 der
2935 1020 3025 1080 Jüng

1356 1056 1514 1116 täuscht,
1534 1061 1578 1121 sie
1609 1059 1716 1119 haben
1752 1060 1796 1120 sie
1826 1061 1890 1121 sich
1925 1062 2014 1122 ganz
2044 1062 2171 1122 anders

480 1061 628 1121 äußeren
665 1060 777 1120 Dinge
809 1061 1196 1121 umzuretouchieren.
1218 1061 1291 1121 Der

2240 1061 2303 1121 sten
2335 1062 2414 1122 voll
2435 1062 2626 1122 Verstehen
2658 1066 2837 1126 geöffnet.
2870 1067 2938 1127 Vor
2965 1070 3049 1130 Jah-

1359 1106 1586 1166 vorgestellt.
1654 1107 1742 1167 Was
1794 1111 1862 1171 das
1914 1109 2017 1169 Werk
2075 1112 2173 1172 cines

483 1112 705 1172 Sektionsrat
726 1107 858 1167 Robert
884 1108 913 1168 in
949 1109 1040 1169 „Der
1061 1112 1162 1172 Fluch
1193 1112 1213 1172 ,
1234 1112 1294 1172 den

2240 1109 2289 1169 ren
2325 1111 2390 1171 hat
2421 1110 2455 1170 er
2486 1114 2621 1174 einmal
2647 1115 2677 1175 in
2713 1115 2808 1175 einem
2853 1118 3034 1178 Gespräch

485 1159 588 1219 Wahn
633 1157 682 1217 ein
727 1157 988 1217 grauenhaftes
1033 1159 1126 1219 Ende
1166 1160 1289 1220 finden

1358 1157 1550 1217 Künstlers
1575 1158 1673 1218 ihnen
1704 1159 1742 1219 zu
1768 1160 1999 1220 versprechen
2025 1163 2176 1223 scheint,

2239 1160 2319 1220 über
2379 1162 2541 1222 Hebbels
2607 1165 2845 1225 Tagebücher
2899 1168 3050 1228 gesagt:

480 1207 574 1267 läßt,
602 1204 707 1264 zahlt
746 1204 990 1264 Trinkgelder
1032 1206 1117 1266 noch
1160 1207 1186 1267 in
1235 1208 1298 1268 der

1353 1203 1426 1263 soll
1448 1204 1538 1264 seine
1570 1206 1697 1266 Person
1730 1207 1905 1267 erfüllen.
1937 1209 2011 1269 Das
2038 1210 2176 1270 gelingt

2237 1210 2402 1270 „Hebbel
2428 1210 2490 1270 hat
2516 1212 2577 1272 sich
2610 1211 2723 1271 selbst
2744 1213 2775 1273 in
2806 1213 2914 1273 seinen
2952 1213 3049 1273 Wer¬

481 1252 799 1312 Kronenwährung
845 1254 915 1314 und
961 1253 1051 1313 paßt
1087 1255 1152 1315 sich
1199 1257 1299 1317 nicht

1356 1252 1481 1312 selten,
1502 1255 1588 1315 aber
1614 1255 1750 1315 Arthur
1777 1258 1902 1318 gelang
1933 1257 1968 1317 es
1995 1258 2171 1318 vortreff¬

2240 1261 2294 1321 ken
2325 1258 2381 1318 nie
2412 1259 2589 1319 erreicht.
2645 1258 2725 1318 Wem
2771 1261 2806 1321 es
2837 1262 3044 1322 beschieden

474 1300 569 1360 einer
603 1300 794 1360 erlogenen
838 1303 1062 1363 Gegenwart
1096 1303 1153 1363 an.

1358 1300 1446 1360 lich:
1471 1302 1510 1362 er
1545 1304 1731 1364 entsprach
1772 1306 1953 1366 durchaus
1983 1306 2047 1366 der
2082 1308 2169 1368 Vor¬

2244 1308 2326 1368 war,
2347 1309 2487 1369 Arthur
2513 1309 2715 1369 Schnitzler
2741 1309 2776 1369 zu
2808 1312 2968 1372 kennen,
2990 1312 3051 1372 mit

1354 1351 1529 1411 stellung,
1561 1353 1617 1413 die
1659 1352 1726 1412 der
1763 1354 1902 1414 Bürger
1944 1356 2006 1416 von
2053 1357 2146 1417 einem

2232 1357 2502 1417 anzuschauen,
2525 1358 2586 1418 wie
2608 1358 2647 1418 er
2669 1359 2780 1419 Glück
2814 1360 2874 1420 und
2908 1362 3051 1422 Erfolg,

532 1360 599 1420 Wie
635 1366 811 1426 unerhört
843 1366 1008 1426 gekonnt
1034 1366 1080 1426 ist
1112 1367 1179 1427 das
1210 1369 1298 1429 alles

1353 1399 1500 1459 Dichter
1549 1400 1627 1460 hat.
1676 1402 1797 1462 Dabei
1840 1404 1918 1464 war
1961 1403 2019 1463 ihm
2088 1407 2162 1467 jede

2236 1404 2292 1464 wie
2324 1404 2364 1464 er
2396 1407 2576 1467 Untreue,
2597 1409 2763 1469 Schmerz
2799 1409 2861 1469 und
2903 1410 3047 1470 Verein¬

472 1412 501 1472 in
542 1411 657 1471 seiner
698 1413 819 1473 Reife,
850 1416 965 1476 seiner
1006 1416 1303 1476 Verhaltenheit!

1359 1446 1487 1506 „Pose“
1524 1449 1704 1509 durchaus
1735 1452 1874 1512 fremd.
1911 1451 1972 1511 Die
2009 1454 2153 1514 Vorstel

2237 1455 2376 1515 samung
2417 1456 2561 1516 ertrug,
2588 1458 2649 1518 dem
2701 1458 2799 1518 stand
2841 1458 2902 1518 und
2939 1461 3052 1521 steht,

475 1461 697 1521 Schnitzler,
713 1464 803 1524 Erbe
830 1462 893 1522 der
920 1464 1169 1524 Grillparzer,
1180 1465 1296 1525 Ebner

1357 1497 1435 1557 lung
1473 1497 1536 1557 des
1568 1498 1721 1558 Bürgers
1753 1503 1885 1563 scheint
1918 1503 2002 1563 ganz
2039 1506 2165 1566 richtig

2234 1503 2322 1563 trotz
2362 1504 2425 1564 der
2460 1506 2637 1566 stärksten
2677 1508 2946 1568 Bewunderung
2986 1509 3045 1569 für

480 1512 539 1572 und
584 1513 696 1573 Saar,
731 1514 824 1574 hatte
869 1512 986 1572 Musik
1037 1513 1100 1573 aus
1135 1515 1292 1575 edelster

1346 1545 1390 1605 zu
1430 1548 1528 1608 sein,
1555 1547 1594 1607 er
1630 1549 1740 1609 weiß,
1773 1551 1843 1611 wem
1901 1550 1936 1610 er
1977 1553 2162 1613 vertrauen

2231 1554 2301 1614 sein
2340 1554 2534 1614 Schaffen,
2567 1557 2680 1617 dieser
2718 1557 2853 1617 adelige
2891 1557 3037 1617 Mensch

481 1560 661 1620 Tradition
698 1562 728 1622 in
760 1563 852 1623 sich,
878 1563 940 1623 und
977 1563 1079 1623 schon
1116 1563 1141 1623 in
1178 1563 1296 1623 „Ster¬

1357 1596 1454 1656 darf.
1497 1598 1719 1658 Schnitziers
1762 1602 1854 1662 „Der
1891 1601 1969 1661 Ruf
2006 1601 2068 1661 des
2105 1604 2151 1664 Le

2230 1602 2360 1662 immer
2391 1604 2471 1664 noch
2507 1605 2617 1665 höher
2649 1603 2693 1663 als
2724 1605 2814 1665 seine
2845 1607 3046 1667 Schöpfun¬

473 1608 532 1668 ben
597 1610 705 1670 klang
744 1612 1030 1672 überwältigend
1069 1610 1123 1670 ihr
1156 1613 1296 1673 Rhyth¬

1356 1642 1459 1702 bens“
1499 1644 1656 1704 erschien
1700 1649 1808 1709 1906,
1838 1650 1891 1710 ihn
1936 1651 2004 1711 rief
2039 1652 2167 1712 immer

2231 1652 2321 1712 gen.

2685 1652 2779 1712 Felix
2816 1655 2994 1715 SALTEN

469 1658 567 1718 mus.
613 1659 657 1719 Er
697 1657 770 1717 war
811 1657 859 1717 ein
905 1661 934 1721 in
974 1661 1126 1721 dunkles
1166 1661 1299 1721 Gebiet

1357 1691 1485 1751 wieder
1522 1696 1588 1756 das
1620 1697 1759 1757 Leben.
1796 1700 1878 1760 1926
1920 1700 2032 1760 folgte
2069 1703 2167 1763 „Der

473 1707 533 1767 der
589 1707 695 1767 Seele
756 1709 1055 1769 vordringender
1107 1710 1293 1770 Gestalter

2279 1739 2322 1799 Er
2350 1739 2442 1799 hatte
2470 1741 2567 1801 einen
2595 1742 2888 1802 merkwürdigen
2921 1743 3040 1803 blauen

1354 1744 1451 1804 Gang
1494 1745 1560 1805 zum
1618 1747 1804 1807 Weiher“,
1836 1748 1902 1808 mir
1939 1749 2006 1809 das
2043 1751 2167 1811 liebste

478 1757 583 1817 durch
636 1757 689 1817 ein
743 1760 901 1820 „Zuviel
944 1760 980 1820 an
1034 1760 1176 1820 Gefühl
1224 1760 1287 1820 und

2235 1787 2350 1847 Blick,
2377 1791 2503 1851 scharf
2541 1793 2603 1853 und
2651 1791 2888 1851 diagnostisch
2931 1793 3052 1853 wach,

1354 1793 1467 1853 seiner
1488 1794 1633 1854 Werke,
1649 1796 1757 1856 gleich
1789 1796 1897 1856 neben
1929 1798 1990 1858 der
2017 1798 2166 1858 „Flucht

475 1808 620 1868 Geist“.
662 1807 739 1867 Sein
787 1808 880 1868 Blick
927 1808 1088 1868 forschte
1125 1807 1192 1867 wie
1234 1809 1296 1869 der

2236 1837 2324 1897 wenn
2383 1838 2422 1898 er
2477 1840 2737 1900 beobachtete,
2792 1840 3052 1900 träumerisch,

1352 1840 1380 1900 in
1419 1841 1471 1901 die
1505 1843 1745 1903 Finsternis“.
1775 1846 2048 1906 Oesterreicher
2082 1846 2173 1906 wer¬

478 1853 537 1913 des
578 1855 829 1915 Psychiaters.
875 1858 1082 1918 Klinischer
1123 1857 1293 1917 Prozesse

2234 1885 2327 1945 wenn
2362 1886 2396 1946 er
2431 1887 2544 1947 Musik
2579 1891 2702 1951 hörte,
2727 1889 2790 1949 und
2825 1891 3046 1951 wunderbar

1353 1889 1414 1949 den
1461 1893 1492 1953 ja
1534 1894 1610 1954 sehr
1647 1894 1755 1954 selten
1797 1894 1879 1954 nach
1921 1897 2070 1957 Gebühr
2107 1896 2148 1956 ge

473 1906 606 1966 kundig
656 1903 734 1963 war
774 1903 813 1963 er
858 1905 921 1965 von
972 1906 1035 1966 dem
1100 1906 1292 1966 Erlöschen

2236 1935 2319 1995 warm
2371 1937 2431 1997 und
2470 1939 2736 1999 teilnehmend,
2760 1939 2854 1999 wenn
2887 1939 2961 1999 man
2999 1938 3050 1998 al¬

1350 1940 1505 2000 schätzt,
1553 1942 1600 2002 sie
1652 1943 1765 2003 gehen
1808 1945 1912 2005 einen
1959 1945 2162 2005 „einsamen

475 1954 585 2014 seines
621 1954 716 2014 Felix
757 1954 792 2014 an
833 1954 888 2014 bis
919 1956 959 2016 zu
995 1956 1060 2016 der
1096 1957 1292 2017 Gehirner¬

2240 1985 2292 2045 lein
2335 1986 2403 2046 mit
2435 1987 2493 2047 ihm
2547 1990 2699 2050 sprach.
2742 1990 2800 2050 Ein
2843 1987 3049 2047 unvergeß¬

1362 1987 1485 2047 Weg“,
1507 1989 1542 2049 es
1569 1990 1609 2050 ist
1636 1990 1687 2050 ja,
1709 1993 1781 2053 was
1807 1990 1868 2050 wir
1900 1993 2060 2053 erleben,
2082 1996 2169 2056 alles

475 2003 660 2063 krankung
698 2002 754 2062 des
780 2005 1049 2065 Sektionsrats;
1070 2005 1168 2065 jeder
1195 2005 1282 2065 Fort

2233 2034 2341 2094 licher
2367 2036 2459 2096 Blick
2491 2036 2563 2096 war
2589 2037 2672 2097 das,
2688 2037 2739 2097 ein
2765 2037 2945 2097 ruhender
2972 2037 3038 2097 und

1353 2037 1440 2097 doch
1482 2040 1657 2100 zunächst
1694 2039 1745 2099 ein
1781 2043 2137 2103 „Zwischenspiel“.

473 2057 561 2117 gang
595 2050 656 2110 der
690 2053 935 2113 Vernichtung
963 2053 1012 2113 ist
1035 2055 1079 2115 da
1108 2055 1174 2115 mit
1202 2054 1279 2114 divi

2231 2082 2263 2142 ei
2291 2084 2506 2144 hüllender;
2539 2086 2625 2146 ganz
2668 2085 2733 2145 und
2776 2087 2889 2147 sicher
2928 2085 3040 2145 fühlte

1776 2099 1954 2159 Hermann
1996 2102 2116 2162 BAHR

477 2100 699 2160 natorischer
739 2103 945 2163 Sicherheit
981 2104 1197 2164 aufnotiert.
1252 2103 1291 2163 So

2233 2132 2307 2192 man
2338 2133 2403 2193 sich
2435 2133 2530 2193 darin
2560 2133 2762 2193 geborgen,
2782 2136 2842 2196 wie
2869 2136 2903 2196 zu
2934 2136 3024 2196 einem

474 2151 536 2211 hat
580 2148 618 2208 er
666 2149 734 2209 den
777 2154 1157 2214 Gedankenmonolog
1202 2154 1297 2214 eines

2231 2181 2321 2241 Arzt
2352 2182 2478 2242 sprach
2519 2183 2594 2243 man
2635 2184 2847 2244 vertraulich
2888 2184 2923 2244 zu
2959 2185 3054 2245 ihm,

474 2199 690 2259 Leutnants,
710 2202 805 2262 eines
830 2202 964 2262 kleinen
998 2204 1214 2264 Mädchens,
1229 2202 1291 2262 den

1400 2224 1476 2284 Sein
1510 2226 1653 2286 Anfang
1682 2227 1758 2287 war
1783 2228 1907 2288 ebenso
1941 2228 2074 2288 schwer
2104 2228 2165 2288 wie

2239 2229 2293 2289 und
2328 2231 2436 2291 genau
2471 2231 2500 2291 so
2530 2231 2628 2291 hörte
2658 2229 2692 2289 er
2717 2233 2781 2293 zu,
2796 2233 2919 2293 scharf
2944 2232 3046 2292 über¬

469 2247 641 2307 ziellosen
696 2250 853 2310 Taumel
898 2250 1001 2310 unter
1046 2252 1267 2312 Selbstmord

1354 2271 1417 2331 sein
1455 2276 1570 2336 Ende.
1603 2275 1682 2335 Nur
1709 2276 1772 2336 daß
1810 2277 1862 2337 die
1895 2279 2026 2339 Jugend
2064 2276 2170 2336 über¬

2232 2276 2379 2336 legend,
2415 2279 2512 2339 rasch
2562 2282 2922 2342 zusammenfassend
2971 2282 3035 2342 und

478 2298 618 2358 zwang,
654 2300 860 2360 belauscht.
901 2298 940 2358 So
981 2300 1102 2360 fragte
1138 2302 1197 2362 er,
1228 2300 1293 2360 der

1361 2321 1492 2381 winden
1529 2326 1614 2386 kann
1652 2324 1715 2384 und
1751 2324 1815 2384 das
1847 2326 1951 2386 Alter
1979 2324 2174 2384 überwun-

2231 2327 2293 2387 mit
2342 2329 2438 2389 einem
2510 2331 2731 2391 besonderen
2779 2330 3039 2390 menschlichen

474 2346 528 2406 die
577 2347 769 2407 Wahrheit
803 2350 985 2410 chaotisch
1030 2351 1182 2411 nannte,
1217 2351 1290 2411 eine

1355 2372 1414 2432 den
1463 2374 1571 2434 wird.
1616 2374 1753 2434 Arthur
1793 2375 1995 2435 Schnitzler
2035 2375 2162 2435 befand

2242 2375 2366 2435 Wissen
2404 2378 2636 2438 begreifend.
2676 2381 2729 2441 Ich
2767 2381 2854 2441 habe
2892 2381 2946 2441 ihn
2984 2380 3048 2440 un¬

484 2396 771 2456 „erschütternde
805 2397 867 2457 und
906 2396 1145 2456 verwirrende
1174 2399 1279 2459 Reali

1347 2420 1411 2480 sich
1442 2422 1471 2482 in
1502 2421 1711 2481 dauerndem
1756 2423 1925 2483 Konflikt
1951 2426 2015 2486 mit
2036 2426 2149 2486 seinem

2232 2425 2331 2485 ruhig
2376 2427 2526 2487 gesehen

2662 2428 3054 2488 Ungerechtigkeiten,

473 2443 546 2503 tät“
587 2444 670 2504 aus.
710 2446 813 2506 Seine
853 2446 1075 2506 Menschen,
1105 2446 1296 2506 umstrickt

1358 2470 1481 2530 Vater,
1516 2471 1574 2531 der
1615 2470 1678 2530 vom
1733 2472 1994 2532 dichterischen
2039 2474 2171 2534 Talent

2244 2474 2543 2534 Taktlosigkeiten
2580 2476 2729 2536 konnten
2765 2478 2832 2538 sein
2869 2479 3049 2539 unglaub¬

473 2492 535 2552 vom
597 2494 742 2554 Fatum,
778 2497 958 2557 erblassen
1003 2496 1068 2556 und
1118 2496 1294 2556 verstum¬

1356 2518 1416 2578 des
1450 2521 1584 2581 Sohnes
1622 2518 1682 2578 wie
1720 2521 1780 2581 von
1818 2521 1920 2581 einer
1954 2522 2158 2582 schlimmen

2231 2521 2336 2581 liches
2379 2524 2602 2584 Feingefühl
2634 2527 2734 2587 rasch
2777 2527 2946 2587 erbittern

478 2545 573 2605 men.
604 2545 700 2605 Aber
726 2545 796 2605 ihre
827 2545 984 2605 Antlitze
1015 2545 1121 2605 gehen
1152 2545 1217 2605 auf
1243 2545 1293 2605 die

1359 2566 1575 2626 Verfehlung
1612 2571 1762 2631 sprach.
1799 2568 1928 2628 Dieser
1959 2572 2088 2632 Vater,
2115 2572 2161 2632 ein

2231 2572 2381 2632 niemals
2407 2572 2487 2632 aber
2513 2575 2704 2635 unsicher:
2715 2574 2750 2634 er
2776 2577 2891 2637 wußte
2917 2578 3052 2638 genau,

474 2593 569 2653 einer
603 2593 713 2653 neuen
752 2593 832 2653 Zeit
862 2596 972 2656 über.
1011 2593 1044 2653 In
1083 2593 1144 2653 der
1178 2595 1293 2655 öster¬

1354 2619 1668 2679 hervorragender
1713 2620 1821 2680 Arzt,
1856 2620 2066 2680 Professor,
2101 2622 2169 2682 Re¬

2235 2621 2294 2681 wie
2320 2620 2355 2680 er
2381 2622 2421 2682 zu
2452 2623 2553 2683 jedem
2599 2626 2842 2686 Geschehnis,
2858 2625 2897 2685 zu
2928 2626 3029 2686 jedem

474 2642 690 2702 reichischen
725 2643 833 2703 Prosa
863 2643 975 2703 Franz
1010 2638 1162 2698 Werfels
1192 2643 1285 2703 leben

1356 2667 1604 2727 gierungsrat,
1634 2668 1729 2728 hatte
1773 2667 1863 2727 seine
1907 2670 2088 2730 Patienten
2132 2670 2160 2730 in

2235 2670 2421 2730 Menschen
2454 2672 2557 2732 stand
2595 2673 2655 2733 aus
2684 2673 2781 2733 einem
2829 2673 3043 2733 unalterier¬

478 2691 519 2751 sie
545 2691 612 2751 mit
634 2691 695 2751 der
722 2691 830 2751 hellen
867 2694 976 2754 Kraft
997 2694 1090 2754 einer
1122 2694 1288 2754 jüngeren

1353 2715 1416 2775 den
1462 2716 1609 2776 Kreisen
1654 2716 1718 2776 des
1758 2718 1900 2778 Wiener
1940 2719 2073 2779 Hofes,
2108 2718 2171 2778 des

2233 2718 2330 2778 baren
2377 2720 2439 2780 und
2481 2721 2791 2781 unbestechlichen
2827 2724 3023 2784 Gerechtig

480 2741 694 2801 Generation
734 2742 826 2802 fort.

1353 2766 1564 2826 Hochadels
1589 2766 1654 2826 und
1690 2766 1750 2826 der
1777 2766 2094 2826 Künstlerschaft.
2124 2768 2169 2828 Er

2237 2769 2475 2829 keitsgefühl:
2502 2771 2600 2831 unter
2632 2772 2720 2832 allen
2756 2772 2948 2832 Künstlern
2985 2772 3047 2832 der

1352 2814 1440 2874 hielt
1478 2815 1566 2875 mich
1609 2817 1748 2877 einmal
1786 2816 1823 2876 an
1870 2816 1935 2876 und
1983 2817 2174 2877 wetterte:

2231 2817 2310 2877 Zeit
2347 2819 2436 2879 habe
2474 2818 2526 2878 ich
2569 2820 2658 2880 kaum
2717 2820 2811 2880 einen
2854 2823 3038 2883 gütigeren

1359 2864 1438 2924 „Ihr
1484 2864 1575 2924 wißt
1616 2863 1645 2923 ja
1691 2864 1807 2924 nicht,
1852 2865 1927 2925 was
1979 2865 2039 2925 für
2089 2867 2164 2927 eine

2231 2867 2393 2927 gekannt
2431 2867 2495 2927 und
2539 2867 2652 2927 gewiß
2701 2870 2825 2930 (außer
2864 2870 3047 2930 Rolland)

1352 2912 1470 2972 Sünde
1500 2912 1553 2972 ihr
1583 2912 1735 2972 begeht,
1755 2912 1848 2972 wenn
1883 2912 1937 2972 ihr
1972 2915 2104 2975 Arthur
2134 2915 2163 2975 in

2230 2915 2349 2975 keinen
2394 2917 2651 2977 gerechteren.
2696 2918 2859 2978 Gerecht
2890 2920 2929 2980 zu
2974 2921 3043 2981 sein

1347 2960 1462 3020 seinen
1506 2960 1770 3020 Schreibereien
1809 2963 1992 3023 bestärkt.
2031 2966 2074 3026 Er
2108 2966 2170 3026 hat

2235 2963 2305 3023 war
2346 2964 2401 3024 ihm
2467 2964 2517 3024 ein
2563 2966 2638 3026 fast
2679 2969 2941 3029 funktionelles
2982 2968 3047 3028 Be¬

1347 3012 1416 3072 alle
1456 3011 1583 3071 Gaben
1623 3011 1662 3071 zu
1702 3013 1800 3073 einem
1855 3014 2037 3074 tüchtigen
2082 3015 2170 3075 Arzt

2230 3014 2394 3074 dürfnis:
2421 3014 2607 3074 vielleicht
2638 3016 2721 3076 wird
2758 3017 2829 3077 erst
2862 3018 2933 3078 eine
2965 3018 3052 3078 spä¬

1356 3061 1415 3121 und
1466 3061 1531 3121 zum
1592 3061 1743 3121 Dichter
1784 3061 1849 3121 gar
1895 3063 2035 3123 keine!“
2096 3064 2166 3124 Der

2236 3064 2301 3124 tere
2339 3062 2437 3122 Zeit,
2464 3062 2528 3122 der
2556 3062 2594 3122 er
2627 3064 2719 3124 seine
2758 3065 2865 3125 durch
2905 3067 3039 3127 fünfzig

1355 3108 1463 3168 Vater
1488 3110 1620 3170 konnte
1650 3108 1714 3168 sich
1744 3112 1852 3172 dabei
1877 3112 1940 3172 auf
1960 3112 2024 3172 das
2054 3112 2171 3172 Urteil

2248 3112 2335 3172 Jahre
2372 3112 2593 3172 unerbittlich
2635 3113 2888 3173 fortgesetzten
2930 3118 3048 3178 Tage¬

897 3118 1080 3178 Soeben

1350 3160 1589 3220 Sonnenthals
1632 3157 1804 3217 berufen,
1852 3160 1917 3220 der
1969 3160 2001 3220 in
2049 3161 2147 3221 einem

2233 3162 2361 3222 bücher
2395 3160 2629 3220 hinterlassen
2668 3163 2743 3223 hat,
2768 3163 2953 3223 einsehen,
2978 3165 3039 3225 wie

1353 3208 1453 3268 Brief
1468 3210 1691 3270 geschrieben
1717 3208 1832 3268 hatte,
1853 3208 1989 3268 Arthur
2010 3211 2151 3271 Schnitz

2226 3211 2353 3271 chrlich
2386 3211 2450 3271 und
2488 3211 2600 3271 streng
2627 3211 2744 3271 dieser
2761 3214 2873 3274 große
2895 3213 3050 3273 Psycho¬

881 3227 1101 3287 erschien

1350 3258 1399 3318 ler
1444 3258 1498 3318 sei
1543 3260 1662 3320 „ganz
1712 3258 1929 3318 talentlos".
1984 3261 2171 3321 Johannes

2231 3260 2310 3320 loge
2347 3259 2442 3319 jedes
2479 3258 2584 3318 Wort
2611 3260 2674 3320 und
2717 3261 2795 3321 jede
2833 3261 2901 3321 Tat
2928 3262 3044 3322 seines

1350 3306 1503 3366 Brahms
1538 3305 1607 3365 rief
1637 3304 1706 3364 mir
1736 3306 1873 3366 einmal
1903 3308 2007 3368 überm
2067 3309 2160 3369 Tisch

2230 3309 2373 3369 eigenen
2413 3306 2551 3366 Lebens
2582 3309 2793 3369 überwacht
2818 3309 2897 3369 hat.
2937 3312 3050 3372 Unse¬

944 3336 1040 3396 das

1347 3355 1411 3415 zu,
1435 3357 1486 3417 als
1515 3356 1551 3416 er
1580 3357 1799 3417 Schnitzlers
1832 3357 1967 3417 Namen
2000 3357 2065 3417 von
2098 3358 2163 3418 mir

2230 3355 2289 3415 rer
2314 3357 2534 3417 Generation
2564 3357 2613 3417 ist
2638 3359 2751 3419 dieses
2781 3360 2889 3420 große
2919 3359 3046 3419 Doku¬

1351 3405 1542 3465 erwähnen
1571 3405 1696 3465 hörte:
1720 3405 1836 3465 „Ach,
1856 3408 1920 3468 das
1944 3406 1990 3466 ist
2014 3408 2097 3468 auch
2131 3406 2163 3466 so

2230 3405 2325 3465 ment
2355 3406 2455 3466 nicht
2484 3407 2584 3467 mehr
2618 3408 2838 3468 zugedacht,
2862 3408 2948 3468 aber
2977 3408 3039 3468 wir

889 3444 1091 3504 neueste

1350 3456 1402 3516 ein
1436 3456 1628 3516 moderner
1662 3454 1988 3514 Schweinchund!“
2031 3457 2064 3517 In
2098 3455 2170 3515 sol¬

2231 3455 2344 3515 hatten
2391 3456 2498 3516 dafür
2540 3455 2601 3515 das
2638 3456 2792 3516 Beispiel
2829 3456 2942 3516 seines
2978 3457 3045 3517 Le¬

1352 3505 1436 3565 cher
1481 3503 1570 3563 Luft
1610 3503 1823 3563 verbrachte
1868 3505 2071 3565 Schnitzler
2116 3506 2169 3566 die

2236 3503 2311 3563 bens
2341 3503 2447 3563 noch,
2467 3503 2532 3563 und
2563 3501 2598 3561 es
2624 3503 2698 3563 war
2724 3505 2824 3565 jedem
2870 3504 2930 3564 der
2961 3506 3046 3566 Jün¬

932 3554 1058 3614 Buch

2230 3554 2333 3614 geren
2373 3554 2550 3614 gegeben,
2580 3551 2638 3611 von
2679 3554 2791 3614 seiner
2826 3555 3048 3615 exemplari-

1348 3554 1463 3614 ersten
1499 3554 1600 3614 Jahre
1631 3552 1741 3612 seiner
1767 3553 2010 3613 literarischen
2050 3557 2146 3617 Tätig

2225 3601 2319 3661 schen
2355 3602 2514 3662 Haltung
2549 3602 2584 3662 zu
2614 3602 2758 3662 lernen,
2784 3603 2833 3663 die
2864 3604 3042 3664 furchtlos

1347 3602 1440 3662 keit.
1486 3600 1529 3660 Er
1569 3602 1633 3662 hat
1668 3601 1751 3661 sehr
1792 3602 1964 3662 darunter
2004 3605 2176 3665 gelitten,

1350 3650 1387 3710 am
1448 3651 1592 3711 meisten
1635 3650 1719 3710 aber
1757 3650 1794 3710 an
1841 3651 1901 3711 der
1944 3653 2163 3713 Einstellung

2236 3651 2302 3711 war
2332 3651 2393 3711 und
2423 3650 2494 3710 frei
2514 3652 2580 3712 und
2609 3650 2671 3710 von
2705 3653 2796 3713 einem
2839 3653 3045 3713 einzigarti¬

945 3661 1031 3721 von

1349 3700 1464 3760 seines
1509 3700 1655 3760 Vaters,
1695 3700 1757 3760 den
1801 3698 1841 3758 er
1886 3701 2049 3761 verehrte
2099 3701 2160 3761 und

2231 3704 2288 3764 gen
2310 3700 2405 3760 Adel
2432 3698 2491 3758 der
2512 3700 2740 3760 Gesinnung.
2762 3700 2911 3760 Wieviel
2933 3701 2969 3761 er
2996 3703 3043 3763 als

1353 3750 1473 3810 dessen
1524 3748 1749 3808 Widerstand
1800 3748 1840 3808 er
1881 3751 2041 3811 begriff.
2087 3751 2147 3811 Ihm

2231 3748 2375 3808 Dichter
2417 3748 2499 3808 gilt,
2531 3748 2628 3808 steht
2666 3750 2691 3810 in
2738 3750 2800 3810 den
2841 3751 3043 3811 Literatur¬

2231 3799 2453 3859 geschichten
2493 3798 2556 3858 und
2596 3799 2684 3859 kann
2719 3799 2808 3859 doch
2848 3799 2946 3859 jeder
2976 3799 3040 3859 nur

1355 3798 1427 3858 war
1455 3799 1490 3859 es
1523 3799 1604 3859 auch
1646 3798 1719 3858 eine
1751 3797 2024 3857 fortwährende
2061 3802 2174 3862 Qual,

2225 3844 2283 3904 für
2322 3845 2389 3905 sich
2438 3847 2543 3907 allein
2587 3846 2800 3906 bemessen:
2844 3847 2911 3907 mit
2955 3848 3017 3908 dem

1352 3848 1417 3908 daß
1450 3847 1486 3907 er
1515 3847 1566 3907 als
1594 3847 1771 3907 Assistent
1795 3847 1907 3907 seines
1940 3850 2066 3910 Vaters
2090 3849 2145 3909 täg

2231 3894 2417 3954 Menschen
2454 3895 2541 3955 aber
2569 3894 2614 3954 ist
2637 3893 2733 3953 einer
2765 3894 2829 3954 der
2857 3896 3048 3956 neunund-

1347 3895 1409 3955 lich
1443 3897 1467 3957 in
1501 3894 1563 3954 der
1588 3895 1780 3955 klinischen
1814 3897 2016 3957 Ambulanz
2041 3897 2170 3957 Dienst

2234 3943 2377 4003 neunzig
2409 3945 2610 4005 Gerechten
2643 3945 2961 4005 dahingegangen,
2983 3945 3046 4005 auf

1352 3945 1470 4005 leisten
1515 3945 1652 4005 mußte.
1693 3945 1929 4005 Gleichwohl
1959 3947 2052 4007 hatte
2092 3945 2161 4005 sein

578 3978 1135 4038 Hauser

2234 3993 2339 4053 denen
2370 3995 2455 4055 nach
2492 3994 2551 4054 der
2577 3993 2668 4053 alten
2699 3996 2865 4056 Legende
2891 3992 2957 4052 der
2982 3992 3042 4052 Be-

1351 3993 1459 4053 Vater
1499 3993 1616 4053 recht,
1651 3993 1705 4053 als
1740 3993 1779 4053 er
1814 3995 1867 4055 ihm
1927 3996 1996 4056 alle
2036 3995 2158 4055 Gaben

1345 4044 1448 4104 eines
1478 4044 1585 4104 guten
1625 4041 1757 4101 Arztes
1787 4044 1987 4104 zusprach.
2027 4044 2164 4104 Arthur

2234 4044 2324 4104 stand
2385 4042 2535 4102 unseres
2586 4044 2823 4104 moralischen
2874 4044 3039 4104 Weltalls

2667 4091 2785 4151 Stefan
2833 4091 2982 4151 ZWEIG

2232 4091 2334 4151 ruht.

1348 4091 1549 4151 Schnitzler
1601 4091 1706 4151 besaß
1772 4091 1873 4151 einen
1934 4093 2161 4153 scherischen

472 4143 573 4203 CH
663 4145 1134 4205 CHICAGO
