3392 4384
1500 393 1627 453 box
1703 393 1929 453 43/26

204 416 325 476 12.
383 411 883 471 Schuitzler
950 407 977 467 s
1054 404 1279 464 Deatl

524 819 617 879 Wil

628 858 843 918 TELEPHON
884 870 1042 930 K-23-0.

423 990 642 1050 Ausschnitt
664 996 759 1056 aus:
824 1019 1097 1079 Folkszeitung,
1119 1053 1202 1113 Wien

766 1145 788 1205 2
825 1147 870 1207 5.
895 1158 1023 1218 OKT.
1036 1172 1139 1232 1937

416 1211 529 1271 vom:

480 1360 863 1420 Schnitzlers
920 1359 1247 1419 Nachlaß.

544 1432 751 1492 Schauspiel,
774 1429 904 1489 Tonfilm
955 1429 1014 1489 und
1048 1426 1195 1486 Novelle.

521 1492 601 1552 Man
636 1492 706 1552 kann
742 1491 812 1551 nach
838 1490 888 1550 dem
929 1489 1014 1549 Tode
1040 1489 1125 1549 eines
1151 1487 1296 1547 Dichters

435 1539 485 1599 nie
511 1536 612 1596 sofort
663 1535 877 1595 entscheiden,
923 1532 958 1592 ob
1010 1530 1096 1590 nicht
1122 1530 1151 1590 in
1188 1529 1289 1589 seinem

439 1580 645 1640 Schreibtisch
686 1578 756 1638 noch
792 1577 953 1637 irgendein
994 1575 1201 1635 wertvolles,
1232 1572 1307 1632 viel¬

438 1624 526 1684 leicht
551 1623 723 1683 besonders
773 1621 925 1681 geliebtes
975 1617 1044 1677 und
1094 1617 1221 1677 deshalb
1256 1614 1305 1674 der

435 1668 692 1728 Oeffentlichkeit
718 1664 986 1724 vorenthaltenes
1012 1662 1107 1722 Werk
1133 1664 1163 1724 zu
1194 1659 1299 1719 finden

441 1710 497 1770 sein
534 1713 626 1773 wird.
647 1710 693 1770 Im
740 1710 833 1770 Falle
859 1707 962 1767 Artur
988 1706 1178 1766 Schnitzlers
1210 1701 1308 1761 aller¬

435 1754 528 1814 dings
564 1755 626 1815 sind
684 1751 983 1811 Ueberraschungen
1046 1748 1299 1808 voraussichtlich

438 1797 535 1857 leider
564 1796 643 1856 nicht
671 1796 699 1856 zu
756 1794 938 1854 erwarten.
981 1792 1074 1852 Denn
1112 1790 1196 1850 wenn
1234 1790 1303 1850 auch

1336 1811 1505 1871 Schaffens
1542 1810 1606 1870 und
1638 1811 1844 1871 Stizzierung
1881 1808 1981 1868 seines
2019 1806 2135 1866 Lebens
2172 1805 2198 1865 so

435 1841 512 1901 über
539 1839 585 1899 die
611 1840 829 1900 Einzelheiten
867 1838 934 1898 noch
971 1836 1069 1896 nichts
1101 1832 1235 1892 bekannt
1262 1832 1298 1892 ist

1335 1856 1518 1916 wertvollen
1558 1853 1692 1913 Blätter
1727 1852 1810 1912 nicht
1860 1850 1919 1910 vor
1974 1852 2098 1912 dreißig
2158 1849 2206 1909 bis

439 1885 471 1945 so
498 1884 572 1944 steht
615 1883 690 1943 doch
716 1883 782 1943 mit
825 1882 1001 1942 ziemlicher
1027 1879 1211 1939 Gewißheit
1237 1880 1312 1940 fest,
1339 1896 1456 1956 vierzig
1482 1900 1607 1960 Jahren
1633 1898 1666 1958 in
1692 1896 1741 1956 die
1768 1895 2019 1955 Oeffentlichkeit
2045 1895 2195 1955 gelangen

437 1930 492 1990 daß
522 1929 573 1989 die
599 1926 750 1986 Freunde
776 1925 806 1985 im
853 1925 1060 1985 allgemeinen
1116 1922 1197 1982 über
1228 1919 1308 1979 seine

1339 1942 1482 2002 können.

446 1971 767 2031 Gesamtproduktion
814 1968 990 2028 orentiert
1028 1964 1106 2024 sind,
1139 1963 1204 2023 und
1241 1960 1306 2020 nur

1415 1986 1463 2046 An
1506 1984 1726 2044 Fragmenten
1792 1979 1899 2039 dürfte
1959 1979 2049 2039 wohl
2104 1981 2205 2041 nichts

438 2014 462 2074 in
493 2014 541 2074 den
577 2014 665 2074 ersten
701 2013 848 2073 Stunden
884 2011 977 2071 haben
1007 2011 1056 2071 sich
1086 2008 1308 2068 verschiedent¬

1330 2029 1590 2089 Wesentlicheres
1626 2027 1807 2087 vorliegen,
1832 2025 1910 2085 denn
1946 2026 2122 2086 Schnitzler
2152 2023 2205 2083 be¬

437 2062 487 2122 lich
518 2057 624 2117 falsche
656 2056 854 2116 Nachrichten
890 2053 1083 2113 verbreitet.

1341 2074 1491 2134 schäftigte
1522 2071 1567 2131 sich
1603 2071 1633 2131 in
1664 2071 1718 2131 den
1754 2069 1855 2129 letzten
1891 2070 2016 2130 Jahren
2052 2068 2118 2128 viel
2148 2068 2208 2128 mit

516 2101 714 2161 Schnitzlers
766 2099 859 2159 Sohn
913 2098 1131 2158 Heinrich
1189 2093 1225 2153 ist
1251 2092 1303 2152 der

1337 2116 1386 2176 der
1411 2116 1602 2176 Aufteilung
1632 2113 1730 2173 seiner
1755 2113 1857 2173 Werke
1888 2113 1946 2173 und
1972 2113 2025 2173 hat
2050 2113 2118 2173 stets
2148 2110 2207 2170 mit

435 2145 587 2205 alleinige
613 2143 805 2203 Verwalter
851 2143 907 2203 des
958 2140 1177 2200 literarischen
1213 2137 1308 2197 Nach¬

1336 2158 1522 2218 besonderer
1548 2158 1704 2218 Sorgfalt
1725 2154 1917 2214 gearbeitet.
1937 2154 2012 2214 Erst
2033 2154 2144 2214 schrieb
2175 2154 2204 2214 er

437 2190 530 2250 lasses
562 2188 623 2248 und
655 2187 727 2247 auch
764 2184 904 2244 befähigt
935 2185 966 2245 zu
1003 2184 1096 2244 dessen
1133 2181 1288 2241 Sichtung

1338 2204 1362 2264 in
1398 2202 1499 2262 seiner
1535 2202 1600 2262 nach
1636 2202 1742 2262 Tagen
1778 2199 1833 2259 für
1865 2198 1914 2258 ihn
1950 2196 2041 2256 selbst
2093 2196 2208 2256 unles¬

439 2232 585 2292 Trotzdem
651 2229 731 2289 wird
787 2229 838 2289 ihm
899 2229 969 2289 Dr.
1015 2226 1151 2286 Richard
1182 2221 1308 2281 Beer¬

1339 2244 1427 2304 baren
1457 2244 1584 2304 Schrift
1605 2243 1619 2303 —
1668 2243 1756 2303 selbst
1782 2241 1840 2301 mit
1860 2241 1914 2301 der
1939 2241 2027 2301 Hand
2052 2243 2101 2303 die
2126 2241 2199 2301 erste

440 2275 695 2335 Hoffmann
750 2271 804 2331 als
873 2270 1035 2330 Berater,
1080 2269 1134 2329 dem
1198 2266 1301 2326 letzten

1335 2289 1469 2349 Fassung
1511 2287 1635 2347 nieder,
1667 2285 1728 2345 und
1765 2286 1905 2346 diktierte
1962 2286 2045 2346 dann
2108 2287 2195 2347 gleich

439 2317 554 2377 Willen
591 2317 640 2377 des
671 2316 818 2376 Dichters
854 2314 1092 2374 entsprechend,
1133 2314 1187 2374 zur
1219 2310 1309 2370 Seite

1337 2331 1432 2391 seiner
1467 2331 1654 2391 Sekretärin
1693 2328 1774 2388 diese
1808 2329 1957 2389 Skizzen,
2005 2328 2096 2388 indem
2169 2328 2202 2388 er

443 2363 561 2423 stehen.
581 2359 650 2419 Das
680 2358 847 2418 Material
872 2358 906 2418 ist
931 2357 1207 2417 außerordentlich
1242 2351 1305 2411 um¬

1335 2375 1487 2435 während
1517 2375 1565 2435 des
1595 2372 1723 2432 Diktats
1753 2372 1821 2432 noch
1851 2372 2121 2432 Verbesserungen
2151 2371 2204 2431 ge¬

442 2403 610 2463 fangreich.
630 2402 704 2462 Vor
729 2402 808 2462 allem
853 2401 888 2461 ist
913 2399 942 2459 da
977 2399 1031 2459 das
1062 2398 1303 2458 abendfüllende

1333 2417 1509 2477 danklicher
1560 2417 1635 2477 oder
1686 2416 1868 2476 stilistischer
1919 2414 1984 2474 Art
2030 2414 2211 2474 vornahm.

439 2447 655 2507 Theaterstück
703 2447 819 2507 „Zug
851 2445 930 2505 der
962 2441 1220 2501 Schatten",
1247 2438 1300 2498 das

1338 2462 1549 2522 Monatelang
1580 2460 1640 2520 ließ
1671 2459 1701 2519 er
1727 2459 1954 2519 Manuskripte
2005 2459 2126 2519 liegen,
2146 2459 2186 2519 um

444 2492 645 2552 vollkommen
681 2491 898 2551 fertiggestellt
924 2486 958 2546 ist
984 2486 1045 2546 und
1071 2483 1312 2543 aufführungs¬

1330 2507 1373 2567 sie
1402 2507 1502 2567 später
1537 2504 1652 2564 wieder
1705 2503 1950 2563 hervorzuholen
2013 2501 2075 2561 und
2129 2501 2200 2561 noch

433 2536 502 2596 reif
522 2534 626 2594 wäre.
666 2534 765 2594 Dann
805 2531 883 2591 wird
934 2529 1007 2589 man
1038 2528 1072 2588 an
1127 2528 1230 2588 Prosa
1261 2525 1309 2585 die

1335 2549 1459 2609 einmal
1488 2547 1693 2607 Korrekturen
1732 2546 1966 2606 anzubringen.
1990 2546 2061 2606 Und
2091 2546 2114 2606 so
2148 2546 2200 2606 hat

441 2578 571 2638 Novelle
602 2577 717 2637 „Der
749 2573 1051 2633 Sekundant“
1107 2570 1238 2630 finden,
1264 2567 1308 2627 die

1330 2592 1382 2652 er,
1407 2592 1460 2652 der
1489 2590 1556 2650 noch
1591 2590 1628 2650 am
1677 2589 1783 2649 Abend
1817 2588 1874 2648 vor
1904 2588 2000 2648 seinem
2072 2589 2135 2649 Tod
2174 2589 2197 2649 zu

433 2623 610 2683 Schnitzler
640 2620 729 2680 wohl
779 2618 931 2678 zweimal
980 2614 1182 2674 umdiktiert,
1227 2611 1305 2671 aber

1332 2636 1420 2696 einem
1469 2635 1596 2695 Freund
1631 2634 1797 2694 begeistert
1822 2632 1880 2692 von
1920 2632 1968 2692 der
2023 2632 2198 2692 Schönheit

440 2665 555 2725 immer
589 2662 704 2722 wieder
733 2662 790 2722 zur
820 2662 920 2722 letzten
955 2659 1156 2719 Ausfeilung
1191 2654 1306 2714 zurück¬

1335 2677 1379 2737 des
1410 2677 1527 2737 Lebens
1558 2677 1679 2737 sprach,
1700 2678 1724 2738 so
1750 2675 1806 2735 hat
1827 2675 1861 2735 er
1887 2674 1933 2734 bis
1964 2674 1988 2734 in
2019 2675 2070 2735 die
2096 2675 2196 2735 letzten

439 2710 557 2770 gestellt
578 2707 650 2767 hat.
666 2705 799 2765 Zahllos
825 2704 887 2764 sind
914 2704 959 2764 die
981 2701 1300 2761 Aphorismen

1330 2722 1482 2782 Stunden
1522 2721 1743 2781 unermüdlich
1802 2718 1964 2778 geschaffen
2029 2719 2093 2779 und
2152 2721 2200 2781 ge¬

440 2755 489 2815 zum
535 2752 657 2812 Thema
691 2748 874 2808 „Kritik
902 2748 985 2808 und
1019 2744 1308 2804 Fälschung“.

1333 2764 1483 2824 arbeitet,
1504 2767 1558 2827 tief
1584 2764 1729 2824 gekränkt
1750 2764 1835 2824 durch
1886 2762 2102 2822 Verkennung
2137 2761 2192 2821 und

444 2799 469 2859 in
501 2797 546 2857 der
573 2795 655 2855 Idee
681 2792 851 2852 verwandt
872 2793 933 2853 mit
954 2791 1057 2851 „Fink
1079 2791 1140 2851 und
1167 2788 1305 2848 Flieder¬

1338 2810 1565 2870 Mißachtung,
1586 2807 1697 2867 schwer
1723 2806 1854 2866 geprüft
1880 2806 1936 2866 vom
2002 2806 2123 2866 Leben,
2149 2806 2199 2866 das

432 2838 563 2898 busch“.
604 2835 776 2895 Außerdem
842 2835 903 2895 hat
949 2835 984 2895 er
1035 2833 1080 2893 ein
1136 2829 1303 2889 Tonfilm¬

1332 2853 1381 2913 ihn
1416 2851 1583 2911 wahrhaft
1614 2850 1687 2910 hart
1712 2850 1855 2910 anpackte
1910 2850 1968 2910 und
2023 2850 2092 2910 doch
2151 2850 2200 2910 bis

441 2882 642 2942 manuskript
673 2880 900 2940 hinterlassen,
926 2876 981 2936 das
1017 2874 1112 2934 jedoch
1148 2874 1228 2934 über
1259 2871 1304 2931 die

1337 2895 1452 2955 zuletzt,
1473 2895 1564 2955 wenn
1600 2893 1670 2953 auch
1706 2894 1731 2954 in
1767 2893 1812 2953 sich
1843 2895 1984 2955 gekehrt,
2031 2892 2101 2952 aber
2132 2892 2197 2952 doch

438 2925 531 2985 ersten
611 2923 763 2983 Anfänge
813 2922 867 2982 der
941 2919 1163 2979 Behandlung
1217 2916 1300 2976 eines

1338 2937 1470 2997 Aufrecht
1503 2938 1545 2998 ein
1582 2938 1698 2998 ganzer
1752 2937 1927 2997 Künstler,
1976 2938 2018 2998 ein
2082 2940 2198 3000 ganzer

434 2969 702 3029 Kriminalfalles
737 2967 822 3027 nicht
847 2964 966 3024 hinaus
996 2963 1140 3023 gediehen
1180 2961 1229 3021 ist.

1341 2983 1481 3043 Mensch.

517 3012 622 3072 Neben
662 3009 720 3069 den
783 3009 1029 3069 Aphorismen,
1083 3006 1131 3066 die
1190 3004 1310 3064 außer¬

437 3056 603 3116 ordentlich
634 3053 735 3113 Tiefes
766 3052 826 3112 und
852 3051 902 3111 dem
948 3050 1075 3110 Dichter
1100 3047 1185 3107 selbst
1207 3044 1312 3104 Wert¬

436 3101 534 3161 volles
564 3098 751 3158 enthalten,
776 3097 840 3157 sind
870 3095 918 3155 die
969 3092 1303 3152 autobiographischen

433 3143 706 3203 Aufzeichnungen
743 3140 803 3200 von
839 3140 956 3200 großer
1007 3137 1221 3197 Bedeutung.
1247 3134 1307 3194 Sie

435 3189 491 3249 hat
513 3186 765 3246 Schnizler
808 3184 853 3244 oft
880 3182 941 3242 und
973 3181 1019 3241 oft
1045 3179 1071 3239 in
1108 3179 1298 3239 Gesprächen

437 3234 497 3294 mit
522 3230 618 3290 seinen
659 3227 824 3287 Freunden
860 3227 931 3287 als
967 3224 1022 3284 das
1068 3223 1193 3283 Beste
1244 3220 1304 3280 be¬

432 3274 648 3334 zeichnet,
669 3270 726 3330 das
757 3270 788 3330 er
814 3270 839 3330 je
866 3270 1051 3330 geschrieben
1088 3266 1154 3326 hat.
1196 3265 1242 3325 Es
1274 3261 1304 3321 ist

429 3318 606 3378 allerdings
651 3314 709 3374 kein
754 3313 965 3373 einheitliches
1025 3310 1138 3370 Werk,
1168 3309 1295 3369 sondern

434 3364 503 3424 eine
533 3362 636 3422 Folge
671 3358 725 3418 von
770 3357 1011 3417 Tagebüchern,
1042 3355 1085 3415 die
1141 3352 1204 3412 aus
1239 3349 1288 3409 dem

434 3406 630 3466 vierzehnten
665 3403 867 3463 Lebensjahr
897 3400 945 3460 des
980 3400 1123 3460 Dichters
1158 3394 1305 3454 herüber¬

434 3450 549 3510 reichen
583 3447 625 3507 bis
660 3445 683 3505 in
717 3446 798 3506 seine
828 3443 928 3503 letzten
962 3442 1130 3502 Stunden.
1154 3439 1216 3499 Sie
1241 3439 1307 3499 ent¬

434 3494 534 3554 halten
578 3491 694 3551 intime
728 3487 973 3547 Bemerkungen
1036 3486 1113 3546 über
1171 3483 1310 3543 Privat¬

438 3536 585 3596 personen
619 3533 714 3593 seiner
743 3531 948 3591 Umgebung,
967 3528 1048 3588 über
1072 3527 1210 3587 Familie
1239 3525 1301 3585 und

435 3579 652 3639 Eigenleben,
678 3575 972 3635 selbstverständlich
1009 3573 1076 3633 auch
1113 3570 1190 3630 über
1222 3567 1309 3627 Welt

435 3625 496 3685 und
523 3624 616 3684 Zeit:
637 3621 709 3681 tiefe
730 3618 974 3678 psychologische
995 3615 1218 3675 Erkenntnisse
1244 3615 1306 3675 und

437 3666 659 3726 rückhaltslose
685 3663 927 3723 Bekenntnisse.
953 3660 1038 3720 Eben
1074 3657 1200 3717 deshalb
1236 3657 1306 3717 aber

435 3711 495 3771 und
530 3708 590 3768 mit
621 3705 772 3765 Rücksicht
803 3705 858 3765 auf
910 3703 1050 3763 einzelne
1107 3700 1308 3760 Persönlich¬

438 3752 526 3812 keiten
561 3752 678 3812 werden
713 3749 786 3809 diese
816 3749 864 3809 für
890 3748 944 3808 den
974 3746 1115 3806 Dichter.
1135 3743 1297 3803 Menschen

440 3797 499 3857 und
540 3794 686 3854 Küstler,
733 3794 792 3854 für
828 3794 878 3854 die
934 3791 1141 3851 Würdigung
1207 3785 1302 3845 seines
