3392 4384
1399 351 1525 411 box
1605 351 1793 411 44/3

114 372 241 432 12.
293 369 896 429 Schnitzler's
956 363 1193 423 Death

2622 960 2689 1020 18.
2716 957 2842 1017 Oktober
2868 954 2952 1014 1936

1731 975 1835 1035 Neues
1866 972 1992 1032 Wiener
2023 972 2171 1032 Journal

1036 987 1205 1047 Sonntag

249 994 322 1054 Nr.
347 993 461 1053 15.415

2939 1029 3190 1089 NNINNNENUNNR.

2430 1041 2660 1101 VETTTNIRNNE.

1543 1047 1935 1107 .

1536 1094 1880 1154 tat

198 1103 404 1163 Pfadfinder,
418 1103 586 1163 entstanden
613 1103 670 1163 und
690 1103 760 1163 auch
794 1103 819 1163 in
846 1099 1020 1159 Oesterreich
1047 1097 1104 1157 hat
1118 1097 1228 1157 „Papa
1248 1091 1376 1151 Teiber“

208 1151 287 1211 seine
314 1151 462 1211 „Mädels
489 1151 546 1211 und
578 1148 705 1208 Buben“
737 1150 789 1210 von
822 1149 895 1209 einst
917 1145 1117 1205 aufgerufen.
1139 1144 1208 1204 Von
1240 1142 1287 1202 den
1308 1138 1382 1198 pro¬

201 1199 351 1259 minenten
378 1196 528 1256 „Buben“
565 1196 632 1256 seien
669 1196 829 1256 erwähnt:
856 1195 907 1255 der
933 1193 1239 1253 Grönlandforscher
1271 1187 1379 1247 Dozent

205 1247 268 1307 Dr.
285 1247 428 1307 Tollner,
444 1244 491 1304 der
513 1244 768 1304 Kulturreferent
790 1243 837 1303 der
864 1241 1124 1301 Vaterländischen
1156 1238 1257 1298 Front
1273 1235 1379 1295 Doktor

205 1294 236 1354 v.
264 1291 613 1351 Winkler=Hermaden,
635 1291 687 1351 der
719 1290 868 1350 Filmstar
895 1288 984 1348 Peter
1016 1286 1128 1346 Lorre,
1149 1285 1202 1345 der
1229 1281 1382 1341 Regisseur

208 1342 262 1402 der
296 1341 495 1401 Salzburger
528 1339 794 1399 „Meistersinger“
828 1339 894 1399 Dr.
917 1333 1055 1393 Herbert
1083 1335 1182 1395 Graf,
1210 1331 1260 1391 der
1293 1328 1381 1388 Leiter

206 1389 255 1449 der
284 1387 572 1447 Bundesfilmstelle
600 1387 666 1447 Dr.
690 1384 816 1444 Ludwig
845 1384 950 1444 Gesek,
973 1383 1022 1443 der
1050 1379 1267 1439 Schauspieler
1295 1375 1377 1435 Hans

209 1435 330 1495 Frank,
347 1435 397 1495 der
425 1433 568 1493 bekannte
602 1434 807 1494 evangelische
835 1431 1062 1491 Kanzelvedner
1090 1429 1150 1489 Dr.
1173 1425 1300 1485 Herbert
1323 1423 1372 1483 von

195 1483 334 1543 Krimm.
357 1483 413 1543 Sie
442 1483 497 1543 alle
526 1480 615 1540 haben
655 1481 772 1541 einmal
796 1480 851 1540 das
880 1477 1255 1537 „Pfadfindergelöbnis"
1290 1472 1311 1532 in
1334 1471 1384 1531 die

2470 1527 2846 1587 UHHAUS
2901 1521 3062 1581 DER
3126 1518 3241 1578 WI

208 1530 295 1590 Hand
328 1530 434 1590 „Papa
466 1527 622 1587 Teubers"
654 1527 811 1587 abgelegt,
831 1526 886 1586 und
919 1527 955 1587 sie
981 1525 1037 1585 alle
1063 1524 1181 1584 wollten
1214 1520 1313 1580 mittun
1345 1519 1370 1579 in

2040 1536 2210 1596 DAS
2278 1536 2363 1596 SC

209 1578 262 1638 der
290 1575 518 1635 Gemeinschaft
540 1575 729 1635 ehemaliger
757 1573 957 1633 Pfadfinder.

2044 1586 2322 1646 SCHUHPALAST:
2334 1579 2761 1639 MARIAHILFERSTR.ECKE
2785 1572 3016 1632 KAISERSTR.,
3022 1570 3229 1630 FILIALEN-III.
3236 1569 3270 1629 LA

313 1622 523 1682 Gelegentlich
556 1623 606 1683 der
632 1623 747 1683 großen
779 1622 836 1682 vom
875 1618 1149 1678 Oesterreichischen
1182 1615 1379 1675 Pfadfinder¬

2048 1632 2281 1692 MAUPTSTR.S.,
2289 1628 2596 1688 VM.NEUBAUGASSE
2611 1621 2705 1681 28-V.
2713 1614 3188 1674 SCHONSRUNMERSTR.3S-XXI.
3196 1611 3282 1671 SCHLO

201 1668 286 1728 bund
315 1671 371 1731 für
400 1671 450 1731 das
485 1668 751 1728 Jubiläumsjahr
786 1668 860 1728 1937
895 1668 1053 1728 geplanten
1088 1664 1388 1724 Veranstaltungen,

208 1717 312 1777 wollen
351 1717 400 1777 die
435 1715 561 1775 „alten“
595 1715 655 1775 und
690 1717 739 1777 die
773 1714 933 1774 „aktiven“
967 1713 1155 1773 Pfadfinder
1188 1711 1381 1771 Oesterreichs

206 1766 272 1826 auch
323 1764 388 1824 ihre
417 1764 616 1824 Dankbarkeit
644 1763 699 1823 und
727 1763 827 1823 Treue
872 1762 921 1822 für
949 1760 999 1820 den
1033 1760 1126 1820 leider
1171 1761 1204 1821 zu
1238 1759 1298 1819 früh
1326 1754 1381 1814 aus

206 1813 255 1873 dam
306 1813 400 1873 Leben
445 1812 651 1872 geschiedenen
696 1811 1046 1871 Pfadfindermärtyrer
1080 1808 1280 1868 Feldmeister
1308 1804 1391 1864 Karl

210 1858 336 1918 Barteis
372 1859 458 1919 durch
510 1859 556 1919 die
585 1859 759 1919 Schaffung
811 1859 897 1919 einer
944 1856 1118 1916 bleibenden
1176 1854 1389 1914 Wohlfahrts¬

207 1907 402 1967 einrichtung
426 1907 471 1967 für
495 1906 540 1966 die
564 1907 864 1967 Pfadfinderjugend
887 1904 1042 1964 beweisen.
1060 1904 1157 1964 Heute
1175 1904 1209 1964 ist
1233 1903 1273 1963 die
1296 1899 1388 1959 Pfad¬

212 1954 472 2014 finderbewegung
500 1952 568 2012 über
597 1951 636 2011 die
659 1954 749 2014 ganze
772 1951 851 2011 Erde
874 1951 1049 2011 verbreitet,
1067 1951 1224 2011 unzählige
1247 1948 1382 2008 Jungens

202 2004 257 2064 und
297 2002 425 2062 Mädels
453 1999 559 2059 dienen
593 1999 687 2059 dieser
716 2002 838 2062 schönen
873 2002 967 2062 Idee,
995 2002 1022 2062 zu
1056 2001 1107 2061 der
1141 2001 1185 2061 sich
1219 1998 1285 2058 auch
1319 1996 1385 2056 noch

209 2047 430 2107 Weißhaarige
458 2047 629 2107 bekennen,
652 2047 696 2107 die
724 2047 773 2107 als
802 2047 989 2107 Pfadfinder
1018 2047 1072 2107 und
1107 2046 1383 2106 Pfadfinderinnen

211 2095 333 2155 schönste
365 2095 419 2155 und
444 2092 616 2152 sorgloseste
641 2093 843 2153 Jugendtage
868 2095 1058 2155 verbrachten
1089 2095 1144 2155 und
1175 2094 1297 2154 manche
1317 2092 1390 2152 gute

214 2144 278 2204 Tat
308 2140 409 2200 getveu
431 2140 517 2200 ihren
547 2140 713 2200 Satzungen
743 2138 923 2198 vollführten

238 2299 628 2359 Ueberführung
680 2296 983 2356 griechischer
1022 2292 1362 2352 Königsjärge

637 2372 749 2432 nach
792 2372 977 2432 Athen.

699 2432 916 2492 Florenz,
939 2432 991 2492 17.
1014 2429 1164 2489 Oktober.
1195 2427 1352 2487 (Stefan.)

321 2487 367 2547 In
402 2483 455 2543 der
477 2483 599 2543 Krypta
627 2481 681 2541 der
709 2482 858 2542 russischen
892 2478 994 2538 Kirche
1022 2477 1144 2537 wurden
1179 2479 1287 2539 gestern
1315 2474 1402 2534 nach¬

224 2534 322 2594 mittag
353 2532 395 2592 die
427 2531 537 2591 Nischen
574 2529 777 2589 freigemacht,
802 2529 820 2589 in
857 2528 943 2588 denen
980 2525 1022 2585 sich
1054 2525 1096 2585 die
1128 2525 1225 2585 Särge
1257 2523 1397 2583 befinden,

217 2582 326 2642 welche
356 2579 401 2639 die
425 2579 570 2639 irdischen
599 2579 709 2639 Hüllen
738 2576 790 2636 des
820 2576 941 2636 Königs
965 2574 1231 2634 Konstantin
1266 2573 1323 2633 und
1347 2571 1399 2631 der

1570 2588 1647 2648 AUS
1672 2585 1890 2645 SCHWARZEM
1930 2582 2031 2642 ODER

219 2629 420 2689 Königinnen
461 2623 593 2683 Sofia
634 2624 696 2684 und
726 2623 841 2683 Olga
877 2622 934 2682 von
969 2620 1199 2680 Griechenland
1234 2619 1406 2679 enthalten.

1583 2635 1771 2695 BRAUNEM
1812 2629 1960 2689 BOXCAL

229 2677 289 2737 Sie
313 2676 434 2736 werden
473 2674 649 2734 demnächst
680 2671 740 2731 nach
779 2671 999 2731 Griechenland
1031 2670 1244 2730 übergeführt
1268 2668 1404 2728 werden.

237 2834 601 2894 Luftpostbrief
628 2829 1092 2889 Berlin-Brasilien
1144 2829 1181 2889 in
1220 2826 1382 2886 vierzig

3115 2892 3188 2952 AuS
3214 2891 3254 2951 ER

689 2905 955 2965 Stunden.

3125 2937 3226 2997 ODER
3254 2934 3293 2994 BI

762 2969 958 3029 Berlin,
981 2967 1031 3027 17.
1054 2967 1207 3027 Oktober.
1237 2966 1367 3026 (DNB.)

333 3022 396 3082 Die
428 3018 800 3078 Lufthanfa=Flugzeuge
851 3015 990 3075 brachten
1053 3015 1103 3075 die
1135 3015 1167 3075 am
1224 3014 1274 3074 15.
1300 3012 1331 3072 d.
1363 3012 1413 3072 M.

233 3071 380 3131 morgens
417 3068 445 3128 in
482 3066 665 3126 Frankfurt
695 3065 729 3125 am
777 3062 872 3122 Main
926 3060 1132 3120 abgefertigte
1186 3060 1410 3120 Südamerika¬

234 3121 372 3181 Luftpost
402 3116 424 3176 in
460 3116 575 3176 vierzig
605 3113 749 3173 Stunden
785 3112 854 3172 nach
883 3110 1057 3170 Brasilien.
1081 3107 1144 3167 Der
1173 3109 1416 3169 Dornier=Wal,

1511 3144 1570 3204 Da
1645 3143 1680 3203 da
1718 3140 1938 3200 hrumsahen
1963 3139 1986 3199 ie
2001 3137 2049 3197 der
2075 3132 2270 3192 Banstertcht
2295 3127 2343 3187 deit
2356 3125 2452 3185 dernaih
2478 3124 2551 3184 uange
2908 3117 3066 3177 aenn
3092 3113 3188 3173 Ehste
3226 3111 3237 3171 2

237 3167 283 3227 der
311 3167 365 3227 den
392 3166 473 3226 Flug
508 3164 581 3224 über
609 3162 656 3222 den
691 3161 832 3221 Atlantik
860 3158 1035 3218 ausführte,
1057 3155 1198 3215 erreichte
1226 3158 1334 3218 bereits
1355 3156 1395 3216 am

2140 3173 2218 3233 mus
2246 3170 2284 3230 da
2314 3166 2526 3226 gépataes
2555 3161 2686 3221 dais
2714 3159 2754 3219 de
2782 3158 2913 3218 leen
2941 3158 3007 3218 una
3049 3157 3087 3217 a

235 3219 369 3279 Freitag
400 3214 511 3274 abend,
542 3212 608 3272 nach
639 3212 758 3272 vierzig
789 3207 930 3267 Stunden
961 3206 1043 3266 also,
1066 3206 1237 3266 Brasilien.

2648 3365 3236 3425 Schiihees.

873 3399 1027 3459 Vor
1099 3397 1324 3457 funf
1396 3391 1780 3451 Sahren
1869 3382 2129 3442 stard
2236 3374 2565 3434 Artit

1996 3444 2066 3504 Von

1468 3522 2072 3582 Universitätsprofessor
2103 3517 2195 3577 Dr.
2217 3513 2420 3573 Eduard
2452 3508 2646 3568 Castle.

572 3608 660 3668 Artur
694 3604 839 3664 Schnitzler
872 3601 912 3661 ist
929 3600 976 3660 ein
1010 3601 1106 3661 halbes
1132 3601 1212 3661 Jahr
1245 3600 1293 3660 vor
1318 3600 1406 3660 seinem
1456 3600 1513 3660 wir
1554 3597 1699 3657 feststellen
1741 3593 1756 3653 —
1806 3592 1878 3652 was
1920 3591 2065 3651 übrigens
2106 3588 2186 3648 schon
2236 3587 2284 3647 die
2325 3585 2447 3645 ältesten
2497 3580 2625 3640 Kritiker
2659 3572 2747 3632 sogar
2789 3568 2844 3628 erst
2878 3568 3007 3628 fünfzig
3048 3568 3153 3628 Jahre
3194 3565 3266 3625 nach

1456 3648 1699 3708 hervorgehoben
1731 3644 1824 3704 haben
1863 3642 1918 3702 —,
1938 3641 1994 3701 daß
2032 3639 2063 3699 er
2095 3637 2150 3697 nur
2182 3634 2269 3694 einen
2301 3634 2413 3694 kleinen
2452 3629 2626 3689 Ausschnitt
2658 3620 2782 3680 werden
2802 3618 2914 3678 dürfe?

443 3652 603 3712 siebzigsten
635 3646 831 3706 Geburtstag,
857 3643 888 3703 am
930 3641 981 3701 21.
1002 3639 1126 3699 Oktober
1158 3639 1245 3699 1931,
1272 3639 1344 3699 einem
1386 3637 1416 3697 an

2997 3675 3181 3735 Romüdie
3205 3670 3256 3730 des

438 3689 600 3749 Leistungen
642 3686 697 3746 und
729 3684 861 3744 Erfolgen
897 3680 999 3740 reichen
1035 3678 1121 3738 Leben
1158 3678 1198 3738 jäh
1234 3678 1310 3738 durch
1341 3675 1412 3735 einer

1451 3699 1502 3759 der
1535 3694 1658 3754 Wiener
1692 3690 1887 3750 Gesellschaft
1914 3687 2070 3747 schildert,
2110 3684 2168 3744 daß
2208 3682 2331 3742 Anatol
2359 3681 2416 3741 und
2450 3680 2508 3740 der
2534 3678 2625 3738 junge

451 3730 656 3790 Schlaganfall
683 3725 815 3785 entrissen
853 3719 984 3779 worden;
1033 3719 1080 3779 der
1123 3716 1207 3776 frühe
1250 3714 1308 3774 Tod
1351 3712 1424 3772 einer

2772 3732 2809 3792 In
2838 3728 2886 3788 der
2915 3730 2972 3790 Tat
3001 3728 3048 3788 übt
3078 3725 3192 3785 manche
3222 3722 3277 3782 sein

451 3771 588 3831 geliebten
620 3766 738 3826 Tochter
778 3764 827 3824 hat
859 3760 1027 3820 vermutlich
1066 3758 1115 3818 das
1148 3757 1228 3817 Ende
1254 3754 1423 3814 vorbereitet
1449 3743 1629 3803 Medardus
1668 3740 1749 3800 nicht
1781 3737 1949 3797 schlechthin
1988 3736 2063 3796 der
2095 3733 2238 3793 Wiener,
2283 3733 2339 3793 das
2377 3730 2464 3790 „süße
2503 3726 2614 3786 Mädel

2660 3786 2737 3846 aus,
2760 3782 2809 3842 dem
2852 3779 2923 3839 man
2952 3776 3030 3836 gern
3059 3773 3187 3833 erliegt.
3230 3769 3279 3829 Vo

1455 3794 1538 3854 nicht
1559 3791 1732 3851 schlechthin
1760 3787 1829 3847 die
1857 3782 2009 3842 Wienerin
2045 3783 2092 3843 ist.

454 3803 512 3863 und
545 3800 742 3860 beschleunigt.

2657 3831 2718 3891 auf
2737 3827 2785 3887 der
2818 3827 2897 3887 Reise
2922 3824 2990 3884 nach
3021 3820 3163 3880 längever
3194 3818 3261 3878 Zeit

357 3862 418 3922 Von
449 3860 502 3920 den
534 3857 771 3917 Schriftstellern
804 3857 856 3917 der
880 3854 1102 3914 Generation,
1119 3851 1171 3911 der
1195 3851 1226 3911 er
1257 3851 1417 3911 angehörte

1584 3869 1663 3929 Die
1688 3868 1896 3928 Menschen
1929 3864 1944 3924 —
2001 3860 2265 3920 komplizierte
2299 3857 2506 3917 Subjekte.

2664 3883 2697 3943 in
2733 3881 2774 3941 die
2801 3878 2920 3938 Hände.
2947 3876 2997 3936 Ich
3024 3869 3134 3929 konnte
3161 3867 3237 3927 mich

244 3910 278 3970 ist
300 3912 321 3972 in
350 3910 398 3970 den
428 3907 519 3967 letzten
548 3907 667 3967 Jahren
696 3906 780 3966 einer
802 3905 873 3965 nach
895 3904 944 3964 dem
980 3902 1113 3962 anderen
1150 3900 1425 3960 dahingegangen:

1563 3930 1724 3990 Schnitzler
1772 3925 1949 3985 beschäftigt
1989 3920 2042 3980 sich
2082 3919 2151 3979 fäst
2190 3919 2306 3979 immer
2345 3915 2414 3975 nur
2462 3912 2523 3972 mit
2555 3910 2616 3970 dem

248 3960 521 4020 Hofmannsthal,
546 3957 655 4017 Bahr,
686 3954 819 4014 Wasser¬

1457 3980 1659 4040 Individuum
1709 3974 1770 4034 und
1807 3970 1905 4030 seiner
1937 3967 2152 4027 Psychologie.
2195 3967 2324 4027 „Sollte
2356 3966 2386 4026 es
2417 3963 2527 4023 Ihnen
2565 3960 2632 4020 noch

243 4009 353 4069 mann,
387 4006 469 4066 Karl
509 4003 613 4063 Kraus
658 4003 696 4063 u.
719 4000 763 4060 m.
786 4000 802 4060 a

1456 4031 1539 4091 nicht
1570 4023 1755 4083 aufgefallen
1792 4018 1881 4078 sein,"
1918 4015 2002 4075 heißt
2032 4014 2062 4074 es
2099 4012 2122 4072 in
2159 4014 2242 4074 einem
2297 4012 2392 4072 seiner
2423 4008 2639 4068 Schauspiele,

255 4058 296 4118 Es
327 4055 382 4115 hat
412 4054 539 4114 beinahe
570 4051 625 4111 den
662 4048 825 4108 Anschein,

1463 4080 1546 4140 „was
1571 4072 1625 4132 für
1650 4069 1860 4129 komplizierte
1885 4063 2029 4123 Subjekte
2054 4060 2113 4120 wir
2139 4062 2294 4122 Menschen
2326 4059 2355 4119 im
2392 4057 2530 4117 Grunde
2555 4054 2638 4114 sind?

254 4106 302 4166 als
327 4102 356 4162 ob
387 4103 429 4163 die
455 4102 527 4162 Zeit
552 4099 697 4159 versinken
729 4097 825 4157 sollte,

1456 4127 1503 4187 So
1539 4120 1633 4180 vieles
1669 4118 1722 4178 hat
1752 4115 1882 4175 zugleich
1918 4111 2012 4171 Raum
2060 4108 2089 4168 in
2125 4108 2201 4168 uns!
2249 4108 2343 4168 Liebe
2380 4105 2438 4165 und
2474 4102 2562 4162 Trug

253 4152 308 4212 aus
353 4148 408 4208 der
465 4146 525 4206 und
565 4146 620 4206 für
665 4146 709 4206 die
749 4143 820 4203 jene

1458 4170 1562 4230 Treue
1596 4165 1651 4225 und
1685 4161 1910 4221 Treulosigkeit
1944 4155 1960 4215 —
2010 4153 2171 4213 Anbetung
2204 4156 2259 4216 für
2293 4152 2336 4212 die
2370 4152 2436 4212 eine
2464 4149 2524 4209 und
2558 4146 2640 4206 Ver¬

703 4189 826 4249 haben.

453 4196 648 4256 geschrieben

257 4197 403 4257 Männer

1461 4218 1571 4278 langen
1604 4215 1676 4275 nach
1703 4212 1787 4272 einer
1814 4208 1944 4268 anderen
1984 4204 2049 4264 oder
2083 4203 2147 4263 nach
2180 4200 2363 4260 mehreren.
2383 4200 2455 4260 Wir
2482 4198 2631 4258 versuchen
