3344 4384
195 222 431 282 med'Arthur
459 219 673 279 Schnitzler,
696 219 753 279 var
781 216 843 276 un-

132 273 189 333 der
213 272 365 332 Krigeni
384 269 417 329 en
447 270 632 330 everfyldt
647 267 851 327 Sporvogn.

146 321 269 381 Visteg
302 320 340 380 ud
373 320 562 380 samtidig,
577 318 619 378 da
648 320 714 380 min
747 318 841 378 Bolig

139 372 190 432 var
251 369 448 429 Narheden
481 369 518 429 af
542 367 631 427 hans
659 368 766 428 Villa.
795 365 846 425 Vi

132 419 255 479 fulgtes
283 418 314 478 ad
346 419 446 479 nogle
470 419 607 479 Skridt,
621 416 652 476 og
680 415 830 475 allerede

132 470 167 530 da
190 468 296 528 sagde
324 467 381 527 han
413 467 448 527 el
466 467 532 527 Par
551 467 742 527 oplysende
769 463 831 523 Ord

134 520 169 580 om
218 520 272 580 sig
308 518 406 578 selv.

178 566 327 626 Digler?
374 569 434 629 Jeg
491 567 528 627 er
556 566 607 626 for
636 569 696 629 det
720 569 846 629 forste,

129 619 239 679 andet
268 619 304 679 og
341 617 456 677 tredie
494 617 618 677 Lege.
651 616 715 676 leg
748 617 839 677 foler

132 670 192 730 mig
232 670 331 730 langt
366 667 461 727 mere
496 667 557 727 som
609 667 709 727 Lege
770 664 830 724 end

143 718 187 778 som
240 718 435 778 Forfatter.
475 715 568 775 Mine
604 715 750 775 Varker
799 715 839 775 er

137 769 389 829 udelukkende
430 767 646 827 Diagnoser.

181 817 275 877 Efter
334 817 461 877 mange
502 817 592 877 Aars
642 817 859 877 Samkvem.

132 867 194 927 der
219 867 275 927 for
305 867 372 927 mig
406 864 506 924 betod
545 864 684 924 Lykke,
704 864 761 924 saa
795 867 847 927 jeg

137 918 191 978 ham
233 916 343 976 sidste
377 915 468 975 Cang
501 915 547 975 tre
579 913 672 973 Dage
700 912 750 972 for
778 912 837 972 han

136 968 238 1028 dode.
270 966 336 1026 Han
363 966 421 1026 saa
448 966 581 1026 daarlig
608 963 670 1023 ud,
683 963 741 1023 det
759 962 843 1022 hav-

138 1019 173 1079 de
206 1017 269 1077 han
302 1017 397 1077 gjort
421 1014 484 1074 den
517 1014 626 1074 sidste
663 1011 740 1071 Tid;
764 1011 836 1071 men

138 1067 174 1127 nu
212 1067 276 1127 var
309 1067 373 1127 han
415 1063 502 1123 uden
540 1062 604 1122 den
647 1061 743 1121 Aand
804 1061 845 1121 og

155 1169 381 1229 Lidenskab,
401 1169 467 1229 der
497 1169 602 1229 ellers
632 1166 742 1226 livode
776 1165 814 1225 op

158 1214 239 1274 hans
272 1214 393 1274 gualne
427 1214 573 1274 Nnsigt.

196 1262 271 1322 an
311 1262 390 1322 talte
426 1262 500 1322 med
536 1263 602 1323 mig
638 1262 673 1322 om
722 1261 770 1321 sin
810 1259 858 1319 le-

155 1309 303 1369 gemlige
333 1310 510 1370 Tilstand.
525 1312 649 1372 og,han
678 1309 855 1369 bekendte

148 1363 197 1423 sig
234 1363 411 1423 smilende
444 1360 507 1420 som
581 1362 617 1422 en
676 1360 840 1420 ulyksali

155 1413 323 1473 Blanding
354 1413 388 1473 af
418 1413 517 1473 Lae
547 1412 586 1472 og
616 1411 834 1471 Hypokonde

158 1467 190 1527 og
224 1465 369 1525 stillede
402 1462 477 1522 selv
515 1462 735 1522 Diagnosen.
773 1462 862 1522 Nog

159 1514 199 1574 les
226 1512 279 1572 lod
310 1514 368 1574 paa
399 1512 434 1572 en
462 1512 590 1572 nervos
617 1510 870 1570 Mavelidelse.

158 1563 229 1623 men
269 1563 331 1623 der
367 1563 429 1623 var
465 1563 562 1623 dem,
589 1563 647 1623 som
701 1563 749 1623 lod
794 1561 869 1621 for-

158 1614 253 1674 mode
292 1614 370 1674 det,
401 1614 465 1674 der
500 1612 565 1672 var
600 1611 730 1671 verre.
782 1611 860 1671 Kun

155 1665 310 1725 Hjertet,
324 1664 429 1724 sagde
462 1664 549 1724 han,
567 1662 604 1722 er
627 1662 865 1722 overrasken-

155 1715 193 1775 de
217 1714 347 1774 sundt.
372 1713 415 1773 Et
439 1713 506 1773 Pai
531 1713 636 1773 Dusin
671 1713 786 1773 Timer
811 1710 868 1770 se-

153 1763 229 1823 nere
265 1763 463 1823 standsede
504 1762 598 1822 dette
640 1763 788 1823 Hjerte;
815 1763 873 1823 in-

153 1817 212 1877 gen
249 1814 285 1874 al
318 1814 354 1874 de
391 1813 500 1873 andre
537 1814 771 1874 Sygdomme,
799 1812 862 1872 vir-

154 1865 266 1925 kelige
302 1865 394 1925 eller
425 1865 624 1925 indbildte.
650 1865 691 1925 fik
733 1865 789 1925 Tid

155 1919 187 1979 at
210 1915 293 1975 gore
322 1914 386 1974 det
415 1915 451 1975 af
480 1913 553 1973 med
591 1913 693 1973 ham.

205 1963 294 2023 Ivem
341 1963 406 2023 der
454 1963 528 2023 har
581 1963 697 2023 kendt
726 1963 862 2023 Aithur

157 2014 347 2074 Schnitzler
379 2014 392 2074 i
424 2014 512 2074 hans
543 2014 654 2074 sidste
690 2014 778 2074 Aar.
805 2012 863 2072 be-

155 2065 253 2125 varer
289 2065 431 2125 Mindet
459 2065 499 2125 om
548 2064 583 2124 et
615 2065 718 2125 stort,
745 2065 869 2125 adelt,

155 2118 271 2178 amukt
296 2119 329 2179 og
359 2117 426 2177 frit
446 2116 620 2176 smilende
655 2116 872 2176 Menneske.

155 2166 223 2226 hvis
251 2164 458 2224 personlige
486 2164 670 2224 tiltalende
699 2164 735 2224 og
768 2165 868 2225 mun-

158 2219 201 2279 tre
240 2217 444 2277 fornemme
508 2214 687 2274 Holdning
751 2215 862 2275 aldrig

148 2267 331 2327 svigtede,
350 2267 423 2327 men
456 2268 510 2328 som
552 2265 634 2325 altid
662 2265 740 2325 blev
768 2264 864 2324 mere

158 2319 355 2379 ulykkelig.
389 2316 558 2376 Grunden
592 2316 702 2376 hertil
727 2316 784 2376 var
813 2314 866 2374 ik-

153 2369 189 2429 ke
221 2367 322 2427 alene
350 2367 592 2427 Tragedierne
625 2367 634 2427 i
657 2367 748 2427 haus
772 2367 858 2427 egen

155 2417 296 2477 Familie
326 2414 369 2474 og
404 2416 496 2476 hans
527 2415 618 2475 dle
654 2414 721 2474 Ven
761 2416 863 2476 Hugo

158 2468 213 2528 von
245 2468 550 2528 Holmannsthals
574 2465 666 2525 Dod.
694 2465 864 2525 Grunden

158 2518 217 2578 kan
263 2516 400 2576 enhver
438 2516 519 2576 lese
561 2518 606 2578 sig
653 2518 694 2578 til
726 2517 739 2577 i
777 2519 863 2579 hans

166 2567 308 2627 Varker
336 2567 427 2627 efter
460 2564 560 2624 1318.
593 2564 689 2624 Denn
754 2567 877 2627 Mand.

150 2617 264 2677 denne
297 2617 434 2677 Digter.
453 2617 572 2677 denne
600 2617 705 2677 Lage
729 2614 843 2674 twnkt

158 2668 195 2728 nu
228 2669 294 2729 kun
327 2668 388 2728 paa
417 2668 510 2728 dette
539 2667 577 2727 at
596 2668 685 2728 blive
714 2667 873 2727 gammel

161 2722 188 2782 og
225 2723 288 2783 paa
325 2716 471 2776 Doden.
499 2716 576 2776 lan
613 2716 676 2776 var
704 2719 772 2779 lige
804 2717 859 2777 caa

160 2771 253 2831 langt
282 2769 423 2829 fjernet
447 2769 498 2829 fra
536 2767 573 2827 en
612 2767 752 2827 hviken
790 2767 846 2827 som

160 2820 249 2880 helst
273 2819 499 2879 Resignation
533 2817 589 2877 som
632 2816 678 2876 fra
707 2814 745 2874 en
774 2813 872 2873 lede-

155 2868 203 2928 los
233 2871 358 2931 Frygt.
392 2865 470 2925 Men
504 2868 780 2928 Sporgsmaalet
805 2865 867 2925 var

158 2920 235 2980 altid
273 2916 543 2976 nrvirende,
562 2917 598 2977 en
631 2919 745 2979 stadig
783 2916 874 2976 Mar-

164 2970 225 3030 tren
263 2970 300 3030 af
329 2967 542 3027 Tankerne.
571 2967 670 3027 Hans
703 2967 883 3027 Arbejde.

163 3022 222 3082 den
264 3019 379 3079 sidste
421 3018 620 3078 Strakning
685 3018 726 3078 af
782 3018 874 3078 hans

158 3070 413 3130 glansfulde,
438 3068 693 3128 kunstneriske
757 3064 871 3124 Lobe-

164 3122 246 3182 bane
285 3119 342 3179 var
377 3119 453 3179 helt
483 3119 724 3179 overskygget
754 3116 878 3176 deraf.

208 3170 401 3230 Schnitzler
426 3169 624 3229 arbejdede
654 3170 768 3230 stadig
803 3168 862 3228 paa

163 3221 240 3281 fere
265 3221 414 3281 Verker
434 3221 618 3281 samtidig.
633 3218 686 3278 som
725 3218 788 3278 han
812 3215 860 3275 lod

163 3274 242 3334 ligge
278 3268 391 3328 lange
432 3268 625 3328 ufuldendt
655 3269 690 3329 og
730 3264 873 3324 naftile-

159 3322 216 3382 de.
257 3319 332 3379 Man
377 3319 425 3379 vil
457 3319 549 3379 finde
581 3319 673 3379 store
709 3316 864 3376 literire

158 3370 528 3430 Efterladenskaber.

199 3424 261 3484 Jeg
300 3421 434 3481 frygter
463 3421 540 3481 for,
560 3421 598 3481 at
627 3421 689 3481 han
728 3420 742 3480 i
771 3416 862 3476 mine

164 3471 329 3531 Dromme
353 3470 403 3530 vil
422 3470 495 3530 staa
524 3468 689 3528 saaledes
713 3468 768 3528 for
791 3468 883 3528 mig:

163 3522 249 3582 lille,
273 3522 355 3582 graa
461 3519 643 3579 Ansigtet,
686 3516 844 3576 sammen

165 3573 347 3633 krumpen
379 3570 387 3630 i
406 3568 468 3628 den
499 3567 659 3627 elegante
682 3566 877 3626 Overfrak-

155 3622 212 3682 ke.
249 3621 324 3681 Han
360 3621 521 3681 trwkker
552 3618 619 3678 paa
651 3615 878 3675 Skuldrene.

162 3672 518 3732 Schnitzler-Lokken
554 3666 665 3726 flyver
688 3666 772 3726 over
799 3666 866 3726 den

167 3721 411 3781 vidunderlige
450 3716 591 3776 Pande,
615 3716 873 3776 llageskaget-

164 3770 261 3830 livide
292 3770 363 3830 Har
382 3769 487 3829 sitrer
533 3767 590 3827 Jeg
617 3767 674 3827 ser
697 3767 754 3827 nam
795 3764 865 3824 stan

166 3821 344 3881 fortvivlel
368 3817 579 3877 trakkende
613 3815 674 3875 paa
702 3815 876 3875 Skuldre-

165 3872 202 3932 ne
230 3872 295 3932 paa
324 3869 577 3929 Afslutningen
610 3866 643 3926 af
667 3866 755 3926 hans
779 3866 877 3926 glor-

166 3922 235 3982 rige
269 3916 471 3976 halvfjerds
504 3916 593 3976 Aar.
617 3913 706 3973 efter
735 3915 772 3975 et
796 3913 880 3973 san-

164 3970 250 4030 dant
273 3967 456 4027 Arbejde,
474 3967 657 4027 saadanne
684 3963 880 4023 Triumfer.

169 4019 238 4079 Han
268 4019 332 4079 var
352 4018 415 4078 dog
445 4015 593 4075 fremfor
619 4015 672 4075 alt
693 4015 726 4075 en
762 4015 880 4075 Lage.

174 4072 278 4132 stadig
318 4070 394 4130 med
439 4069 611 4129 l'ingeren
678 4066 739 4126 paa
778 4065 866 4125 egen

171 4120 271 4180 Puls.
290 4122 325 4182 og
355 4120 420 4180 han
450 4117 586 4177 vidste,
605 4119 640 4179 at
665 4116 783 4176 Doden
813 4116 883 4176 vil-

180 4176 192 4236 1
232 4169 404 4229 komme.

1123 631 1840 691 OBSERVER

1211 694 1237 754 I.
1250 694 1370 754 sterr.
1379 697 1530 757 behrdl.
1543 698 1840 758 konzessioniertes

1165 734 1399 794 Unternehmen
1431 738 1478 798 fr
1504 740 1895 800 Zeitungs-Ausschnitte

1224 794 1360 854 WIEN,
1387 799 1438 859 I.,
1465 799 1746 859 WOLLZEILE
1792 801 1837 861 11

1316 848 1530 908 TELEPIION
1566 849 1740 909 R-23-0-43

1171 969 1323 1029 Bladet:

1242 1090 1443 1150 Aalborg
1480 1085 1795 1145 Stiftstidende

1177 1259 1314 1319 skriver
1344 1259 1403 1319 den

1483 1335 1542 1395 8.
1564 1338 1694 1398 NOV.
1706 1342 1826 1402 1931

1123 1447 1312 1507 Digteren.

1153 1510 1226 1570 Det
1244 1509 1415 1569 forflles
1467 1509 1500 1569 om
1547 1512 1677 1572 Arthur
1707 1512 1866 1572 Schnitz

1126 1564 1187 1624 r.
1202 1565 1394 1625 donnylig
1422 1564 1545 1624 adode
1573 1565 1710 1625 Digter,
1731 1566 1765 1626 at
1786 1566 1847 1626 han

1122 1619 1250 1679 engang
1295 1617 1380 1677 uden
1418 1620 1627 1680 Opfordring
1665 1620 1794 1680 sagde:

1116 1671 1175 1731 leg
1206 1671 1241 1731 er
1267 1671 1317 1731 for
1348 1671 1407 1731 det
1428 1674 1554 1734 forste,
1574 1674 1685 1734 andet
1726 1675 1760 1735 og
1796 1672 1861 1732 tre

1120 1724 1170 1784 die
1201 1724 1277 1784 ikke
1308 1727 1435 1787 Digter
1461 1727 1532 1787 men
1568 1727 1690 1787 Lge.
1726 1727 1787 1787 Jeg
1818 1724 1868 1784 fo

1122 1779 1166 1839 ler
1190 1779 1253 1839 mig
1281 1781 1372 1841 mere
1400 1781 1454 1841 som
1500 1780 1594 1840 Lge
1623 1781 1681 1841 end
1709 1781 1763 1841 som
1805 1779 1863 1839 no

1115 1836 1172 1896 get
1197 1832 1316 1892 andet.
1360 1834 1431 1894 Alle
1465 1835 1551 1895 mine
1585 1835 1729 1895 Vrker
1758 1833 1791 1893 er

1116 1886 1330 1946 Diagnoser.

1163 1939 1228 1999 Der
1266 1939 1303 1999 er
1336 1942 1444 2002 noget
1472 1942 1509 2002 om
1562 1942 1636 2002 det,
1665 1942 1702 2002 vi
1730 1942 1857 2002 bruger

1112 1996 1212 2056 ogsaa
1242 1993 1308 2053 ofte
1338 1993 1370 2053 om
1419 1996 1582 2056 Digteren
1611 1996 1673 2056 den
1692 1996 1865 2056 Vending,

1119 2050 1188 2110 hvis
1217 2050 1278 2110 han
1316 2050 1352 2110 da
1386 2048 1423 2108 er
1452 2050 1488 2110 af
1513 2050 1573 2110 den
1635 2050 1719 2110 rette
1752 2050 1864 2110 Slags,

1114 2104 1149 2164 at
1169 2104 1233 2164 han
1269 2104 1333 2164 har
1383 2104 1556 2164 Fingeren
1611 2105 1675 2165 paa
1731 2104 1859 2164 Tidens

1120 2157 1215 2217 Puls.
1250 2157 1320 2217 Han
1356 2157 1441 2217 foler
1472 2157 1527 2217 det
1553 2158 1653 2218 Indre
1749 2157 1849 2217 altsaa

1119 2212 1204 2272 mere
1242 2211 1296 2271 end
1333 2211 1369 2271 vi
1392 2211 1524 2271 andre,
1543 2211 1593 2271 for
1625 2212 1662 2272 vi
1680 2214 1739 2274 ser
1785 2214 1853 2274 kun

1109 2263 1396 2323 Symptomerne,
1416 2265 1472 2325 som
1521 2265 1559 2325 de
1593 2265 1688 2325 ytrer
1717 2267 1765 2327 sig
1794 2265 1856 2325 ud

1109 2319 1216 2379 adtil,
1235 2317 1305 2377 men
1334 2319 1394 2379 han
1422 2319 1478 2379 ser
1502 2319 1610 2379 baade
1638 2319 1717 2379 ydre
1746 2320 1783 2380 og
1812 2319 1858 2379 in

1112 2371 1168 2431 dre
1197 2372 1419 2432 Symptomer
1448 2371 1485 2431 og
1514 2373 1589 2433 det,
1608 2372 1669 2432 der
1698 2372 1731 2432 er
1760 2372 1858 2432 deres

1119 2426 1242 2486 Aarsag
1272 2429 1306 2489 og
1341 2426 1443 2486 altsaa
1479 2426 1538 2486 det
1563 2426 1754 2486 egentlige,
1774 2430 1857 2490 Syg

1112 2479 1229 2539 domen
1266 2479 1353 2539 eller
1385 2480 1526 2540 maaske
1563 2480 1662 2540 netop
1700 2480 1858 2540 Sundhe-

1109 2535 1195 2595 den.
1234 2534 1281 2594 De
1311 2534 1416 2594 sande
1450 2536 1589 2596 Digtere
1619 2534 1652 2594 er
1681 2535 1776 2595 dem,
1796 2536 1853 2596 der

1107 2589 1218 2649 digter
1243 2588 1295 2648 for
1325 2588 1358 2648 os
1388 2588 1421 2648 om
1470 2589 1546 2649 det,
1566 2588 1629 2648 der
1677 2589 1730 2649 er,
1769 2588 1846 2648 men

1104 2644 1156 2704 som
1203 2641 1236 2701 vi
1265 2641 1373 2701 endnu
1411 2642 1492 2702 ikke
1521 2644 1586 2704 har
1615 2644 1771 2704 erkendt
1814 2646 1846 2706 og

1108 2698 1196 2758 forst
1223 2698 1343 2758 senere
1380 2698 1450 2758 maa
1486 2698 1703 2758 indromme,
1726 2698 1762 2758 at
1789 2698 1846 2758 han

1112 2753 1169 2813 har
1199 2752 1295 2812 vdst
1320 2752 1426 2812 lnge
1460 2752 1518 2812 for
1547 2752 1595 2812 vi.

1152 2806 1222 2866 Den
1258 2806 1423 2866 virkelige
1459 2806 1580 2866 Digter
1616 2806 1650 2866 er
1681 2806 1716 2866 en
1752 2806 1847 2866 Slags

1103 2859 1240 2919 Profet,
1261 2860 1295 2920 og
1325 2859 1408 2919 naar
1438 2861 1497 2921 det
1517 2861 1625 2921 gamle
1655 2859 1719 2919 Ord
1749 2860 1778 2920 si
1803 2862 1856 2922 er,

1104 2915 1143 2975 at
1169 2913 1264 2973 ingen
1306 2913 1341 2973 er
1371 2914 1498 2974 Profet
1523 2914 1538 2974 i
1564 2915 1608 2975 sit
1634 2915 1715 2975 eget
1746 2915 1786 2975 Le
1811 2914 1856 2974 id,

1104 2969 1151 3029 vil
1179 2967 1241 3027 det
1265 2968 1368 3028 ogsaa
1406 2969 1453 3029 let
1482 2969 1633 3029 forstaas
1666 2969 1760 3029 netop

1108 3023 1179 3083 det,
1205 3023 1266 3083 der
1296 3022 1358 3082 her
1388 3021 1426 3081 er
1455 3024 1551 3084 sagt;
1576 3023 1629 3083 tbi
1653 3024 1740 3084 hvem

1106 3076 1177 3136 med
1212 3075 1274 3135 det
1298 3075 1380 3135 gode
1414 3077 1630 3137 indromme,
1650 3077 1688 3137 at
1713 3077 1770 3137 han
1809 3075 1852 3135 el

1103 3129 1155 3189 ler
1180 3130 1242 3190 hun
1276 3130 1396 3190 fejler
1425 3131 1564 3191 nogets,
1584 3129 1703 3189 forend
1733 3131 1853 3191 Symp-

1103 3183 1256 3243 tomerne
1314 3182 1352 3242 er
1381 3182 1505 3242 blevet
1554 3182 1764 3242 aabenlyse,

1103 3238 1222 3298 forend
1252 3236 1309 3296 det
1328 3237 1385 3297 gor
1410 3236 1496 3296 ondt
1515 3239 1611 3299 enten
1640 3239 1649 3299 i
1669 3239 1726 3299 ens
1755 3239 1841 3299 Krop

1103 3292 1189 3352 eller
1219 3290 1280 3350 ens
1310 3290 1516 3350 Tegnebog,
1560 3291 1574 3351 i
1618 3291 1848 3351 Samfundets

1113 3346 1193 3406 Krop
1224 3344 1309 3404 eller
1336 3343 1538 3403 Tegnebog,
1554 3348 1563 3408 i
1584 3344 1644 3404 det
1665 3346 1847 3406 aandelige

1106 3400 1190 3460 eller
1215 3399 1276 3459 det
1300 3398 1427 3458 sociale
1461 3400 1536 3460 Liv.

1151 3454 1213 3514 Det
1243 3453 1412 3513 fortlles
1462 3451 1514 3511 fra
1573 3453 1611 3513 de
1665 3454 1849 3514 saakaldte

1106 3507 1233 3567 vilde
1262 3507 1389 3567 Negres
1423 3507 1503 3567 Liv,
1522 3508 1560 3568 at
1584 3507 1645 3567 de,
1665 3507 1720 3567 saa
1749 3507 1853 3567 snart

1106 3563 1143 3623 de
1171 3561 1227 3621 ser
1251 3561 1283 3621 et
1307 3561 1377 3621 vist
1397 3561 1537 3621 Insek.,
1557 3561 1636 3621 ved,
1660 3561 1697 3621 at
1716 3562 1754 3622 nu
1787 3561 1852 3621 bli

1106 3617 1157 3677 ver
1190 3614 1251 3674 der
1280 3615 1510 3675 Hungersnod
1548 3615 1562 3675 i
1586 3615 1660 3675 nr
1689 3616 1839 3676 Fremtid

1103 3672 1134 3732 og
1171 3669 1288 3729 derfor
1312 3670 1480 3730 spnder
1508 3669 1544 3729 de
1581 3669 1740 3729 Remmen
1777 3672 1849 3732 ind.

1103 3722 1261 3782 Digteren
1366 3722 1525 3782 Profeten
1625 3722 1752 3782 Seeren
1789 3724 1843 3784 ser

1101 3779 1138 3839 et
1162 3777 1312 3837 saadant
1340 3776 1462 3836 Insekt
1490 3776 1574 3836 eller
1603 3777 1640 3837 er
1688 3779 1758 3839 selv
1814 3779 1846 3839 et

1101 3833 1261 3893 saadant.
1285 3830 1360 3890 Men
1399 3832 1436 3892 vi
1465 3830 1734 3890 civiliseredex
1768 3834 1847 3894 lg

1107 3884 1163 3944 vor
1184 3886 1261 3946 blot
1282 3887 1360 3947 ikke
1391 3887 1463 3947 ner
1489 3888 1540 3948 saa
1572 3887 1690 3947 meget
1706 3888 1835 3948 Marke

1115 3959 1159 4019 til
1179 3958 1272 4018 ham,
1292 3958 1346 4018 som
1391 3958 1425 4018 de
1455 3955 1597 4015 Vildes
1622 3954 1666 4014 til
1686 3949 1784 4009 deres
1804 3952 1858 4012 la

1123 4015 1219 4075 sekt.

1699 4061 1820 4121 pan.
