3392 4320
2628 188 2740 248 Lod
2814 186 2926 246 des

2170 187 2465 247 gerührt.

335 189 406 249 In
467 187 670 247 seiner
707 192 1041 252 Wohnung
1104 192 1329 252 gestern
1404 192 1631 252 Mittag
1704 191 1810 251 vom
1884 191 2098 251 Schlag

2133 294 2732 354 Bewußtlosigkeit.

558 297 917 357 veruhmten
987 298 1267 358 Dichters
1336 296 1471 356 nach
1539 296 2079 356 siebenstundiger

1213 380 1372 440 kehrte,
1405 380 1449 440 um
1508 380 1577 440 sich
1617 377 1750 437 sofort
1790 379 1821 439 in
1873 377 1943 437 sein
1988 377 2071 437 Ar¬

1204 437 1494 497 beitszimmer
1536 437 1890 497 zurückzuziehen,
1926 437 1984 497 wo
2021 436 2061 496 er

2169 473 2390 533 Artur
2457 476 2874 536 Schnitzler.

1217 497 1317 557 seine
1353 494 1594 554 Sekretärin
1636 494 1877 554 erwartete.

1254 551 1332 611 Als
1369 552 1429 612 die
1466 552 1708 612 Sekretärin
1751 551 1799 611 um
1854 550 1938 610 412
1981 551 2059 611 Uhr

2216 549 2280 609 Von
2319 554 2427 614 Oskar
2460 554 2606 614 Maurus
2645 556 2818 616 Fontana.

1205 610 1377 670 mittags
1420 610 1487 670 das
1525 610 1876 670 Arbeitszimmer
1914 609 2048 669 betrat

2130 622 2402 682 Abschiednehmen
2446 622 2461 682 —
2515 624 2568 684 das
2617 625 2686 685 war
2729 623 2777 683 der
2820 625 2948 685 Inhalt

1206 670 1303 730 fand
1348 667 1396 727 sie
1440 665 1508 725 den
1558 667 1742 727 Dichter,
1781 667 1879 727 über
1929 666 2058 726 seinen

2093 667 2193 727 seiner
2224 667 2320 727 letzten
2351 668 2478 728 Werke,
2499 667 2615 727 immer
2646 670 2777 730 wieder.
2808 670 2854 730 Es
2885 670 2950 730 war

1203 724 1469 784 Schreibtifch
1510 725 1702 785 gebeugt,
1723 724 2055 784 bewußtlos
2096 712 2162 772 eine
2189 711 2295 771 innere
2316 710 2448 770 Unruhe
2469 710 2495 770 in
2529 711 2635 771 ihnen,
2655 712 2728 772 noch
2749 712 2868 772 einmal
2888 710 2941 770 den

2093 754 2188 814 Kreis
2218 754 2268 814 des
2294 754 2444 814 geliebten
2480 754 2596 814 Lebens
2637 754 2661 814 zu
2697 757 2953 817 durchschreiten,

1202 786 1304 846 auf.
1363 783 1446 843 Dem
1543 782 1645 842 rasch
1724 782 2057 842 herbeigeholten

2090 796 2164 856 noch
2196 798 2317 858 einmal
2339 797 2386 857 die
2413 797 2571 857 Gestalten
2614 795 2666 855 der
2704 798 2872 858 Phantasie
2915 799 2941 859 zu

1202 840 1424 900 Hausarzt
1467 842 1617 902 gelang
1672 840 1714 900 es
1769 839 1883 899 nicht
1932 840 2064 900 mehr,
2095 840 2234 900 grüßen.
2277 841 2336 901 Sie
2361 842 2439 902 alle,
2470 842 2548 902 seine
2585 840 2753 900 Menschen
2796 842 2856 902 und
2880 843 2946 903 ihre

1207 898 1341 958 Artur
1383 897 1613 957 Schnitzler
1654 897 1802 957 wieder
1850 896 1918 956 zum
1986 892 2066 952 Be¬
2094 885 2277 945 Schicksale,
2298 884 2351 944 ließ
2386 884 2547 944 Schnitzler
2575 884 2609 944 an
2644 885 2697 945 sich
2725 887 2954 947 vorbeiziehen.

2093 927 2135 987 Er
2162 927 2210 987 saß
2242 928 2299 988 auf
2321 927 2406 987 einer
2433 927 2539 987 Bank,
2566 927 2645 987 Laub
2677 930 2788 990 mochte
2815 930 2874 990 auf
2895 930 2942 990 ihn

1204 957 1406 1017 wußtsein
1441 958 1474 1018 zu
1509 957 1705 1017 bringen.
1726 957 1827 1017 Nach
1855 955 2064 1015 sieben¬

2092 969 2219 1029 gefallen
2272 972 2330 1032 sein
2389 970 2452 1030 und
2500 971 2542 1031 ein
2591 972 2691 1032 wenig
2734 975 2850 1035 Sonne
2893 974 2940 1034 ihn

1207 1016 1500 1076 stündiger
1560 1013 1740 1073 tiefer
1801 1010 2047 1070 Bewußt

2087 1013 2257 1073 warmen.
2298 1013 2369 1073 Der
2404 1013 2520 1073 Reigen
2576 1016 2676 1076 seines
2727 1016 2843 1076 Lebens
2884 1016 2943 1076 und

2092 1056 2189 1116 seines
2242 1058 2366 1118 Werkes
2419 1058 2522 1118 tanzte
2559 1058 2595 1118 an
2642 1059 2693 1119 ihm
2746 1059 2860 1119 vorbei
2897 1060 2948 1120 ins

1197 1073 1481 1133 losigkeit
1516 1070 1630 1130 hörte
1665 1068 1800 1128 Artur
1834 1070 2057 1130 Schnitzler

2087 1101 2235 1161 Dunkle,
2262 1101 2288 1161 in
2325 1101 2377 1161 das
2415 1101 2441 1161 er
2473 1101 2536 1161 nun
2574 1103 2668 1163 selber
2711 1105 2853 1165 gesunken
2901 1103 2954 1163 ist.

1203 1133 1320 1193 gegen
1360 1130 1418 1190 ¼7
1445 1130 1523 1190 Uhr
1557 1129 1706 1189 abends
1740 1130 1812 1190 auf
1838 1127 1877 1187 zu
1910 1127 2066 1187 atmen.

2093 1142 2172 1202 Voll
2204 1145 2436 1205 sinnbildlicher
2474 1145 2574 1205 Kraft
2607 1147 2675 1207 war
2707 1149 2760 1209 es,
2792 1148 2876 1208 wenn
2914 1146 2939 1206 in

1241 1195 1384 1255 Artur
1433 1196 1807 1256 Schnitzler,
1862 1194 1928 1254 der
2001 1193 2036 1253 im
2097 1187 2181 1247 einem
2224 1187 2314 1247 dieser
2339 1189 2434 1249 letzten
2465 1190 2664 1250 Schauspiele
2683 1190 2730 1250 die
2755 1192 2941 1252 Aufhörerin

2093 1228 2142 1288 die
2178 1231 2379 1291 Beginnerin
2420 1234 2581 1294 umarmte
2627 1234 2687 1294 und
2733 1234 2818 1294 küßte

1204 1255 1279 1315 70.
1321 1255 1584 1315 Lebensjahr
1641 1252 1779 1312 stand,
1821 1251 2063 1311 hinterläßt

2093 1274 2230 1334 begrüßt
2267 1276 2321 1336 das
2358 1278 2527 1338 scheidende
2558 1279 2647 1339 Leben
2684 1279 2737 1339 das
2769 1280 2949 1340 komm.nde

1204 1315 1321 1375 einen
1363 1313 1500 1373 Sohn,
1542 1312 1756 1372 Heinrich,
1798 1311 1859 1371 der
1908 1309 2059 1369 derzeit
2095 1317 2211 1377 Leben.

1204 1373 1272 1433 als
1315 1370 1605 1430 Schauspieler
1648 1370 1723 1430 und
1766 1368 1980 1428 Regisseur
2022 1366 2056 1426 in

2129 1376 2184 1436 Da
2215 1379 2283 1439 war
2314 1381 2344 1441 er
2370 1381 2419 1441 der
2450 1381 2511 1441 alte
2537 1384 2659 1444 Dichter
2691 1384 2752 1444 und
2784 1384 2863 1444 nahm

2095 1420 2274 1480 rührendes
2304 1421 2381 1481 Bild

1201 1429 1354 1489 Berlin
1404 1428 1501 1488 tätig
1551 1427 1599 1487 ist
1643 1425 1719 1485 und
1762 1425 2056 1485 telegraphisch

2463 1425 2611 1485 einsam,
2636 1426 2695 1486 wie
2725 1428 2754 1488 er
2784 1428 2944 1488 geworden

367 1430 536 1490 Gestern
579 1433 850 1493 nachmittags
885 1434 961 1494 hat
987 1435 1055 1495 der
1090 1435 1173 1495 Tod

2088 1463 2176 1523 war,
2204 1465 2342 1525 Abschied
2376 1466 2432 1526 von
2471 1467 2526 1527 dem
2570 1469 2870 1529 „Zwisenspiel“,
2898 1473 2947 1533 der

1202 1488 1253 1548 an
1299 1485 1358 1545 die
1389 1485 1531 1545 Bahre
1569 1484 1696 1544 seines
1742 1482 1898 1542 Vaters
1937 1480 2063 1540 beru¬

317 1488 430 1548 einen
471 1488 535 1548 der
561 1489 690 1549 besten
723 1491 788 1551 der
822 1491 1024 1551 deutschen
1066 1491 1154 1551 Dich

2097 1506 2220 1566 Sinne,
2251 1509 2307 1569 von
2344 1511 2395 1571 dem
2442 1510 2564 1570 „weiten
2601 1512 2708 1572 Land"
2735 1515 2945 1575 stimmungs¬

315 1547 376 1607 ter
422 1545 498 1605 aus
544 1546 612 1606 den
652 1546 796 1606 Reihen
851 1549 919 1609 der
958 1547 1164 1607 Lebenden
1203 1546 1263 1606 fen
1302 1544 1470 1604 wurde.
1494 1544 1554 1604 An
1593 1542 1661 1602 dem
1716 1539 1960 1599 Sterbebett
1991 1540 2051 1600 des

2091 1550 2196 1610 hafter
2224 1554 2495 1614 Dämmerseelen,
2524 1556 2573 1616 von
2607 1557 2662 1617 der
2690 1559 2867 1619 „Komödie
2895 1558 2945 1618 der

1202 1602 1393 1662 Dichters
1439 1602 1598 1662 weilten
1644 1599 1719 1659 sein
1765 1599 1956 1659 Bruder,
1989 1597 2052 1657 der
2092 1596 2321 1656 Verführung"
2380 1599 2462 1659 durch
2508 1599 2565 1659 das
2610 1601 2744 1661 Theater
2790 1600 2846 1660 und
2892 1602 2942 1662 das

319 1604 574 1664 abberufen.
630 1605 769 1665 Artur
816 1606 1174 1666 Schnitzler,

315 1663 380 1723 der
418 1661 668 1721 feinfühlige
699 1661 824 1721 Poet,
847 1663 972 1723 dessen
1010 1664 1157 1724 Namen
1202 1659 1401 1719 bekannte
1432 1657 1594 1717 Wiener
1624 1657 1808 1717 Chirurg
1838 1656 2052 1716 Professor
2098 1638 2296 1698 Abenteuer,
2327 1639 2378 1699 von
2424 1638 2474 1698 der
2512 1643 2689 1703 „Komödie
2727 1643 2777 1703 der
2815 1643 2940 1703 Worte"

2092 1682 2227 1742 zwischen
2255 1685 2309 1745 den
2343 1685 2527 1745 Menschen,
2550 1685 2592 1745 die
2621 1688 2772 1748 einander
2806 1688 2854 1748 nie
2882 1687 2946 1747 ver¬

312 1719 389 1779 und
444 1718 568 1778 Werk
647 1721 716 1781 dem
810 1721 1160 1781 österreichischen
1199 1718 1284 1778 Dr.
1316 1718 1471 1778 Julius
1519 1715 1767 1775 Schnitzler,
1799 1715 1884 1775 und
1924 1714 2047 1774 dessen

2093 1725 2181 1785 stehen
2220 1727 2358 1787 können,
2393 1728 2458 1788 auch
2504 1729 2536 1789 in
2576 1729 2630 1789 der
2676 1731 2808 1791 nächsten
2853 1733 2947 1793 Nähe

2084 1768 2189 1828 nicht,
2222 1772 2277 1832 vom
2322 1774 2498 1834 „Leutnant
2521 1772 2653 1832 Gustl",
2682 1774 2759 1834 ewig
2803 1778 2941 1838 zwischen

1207 1775 1383 1835 Kinder.

320 1776 551 1836 Schrifttum
609 1778 640 1838 in
689 1778 784 1838 aller
825 1778 945 1838 Welt
978 1779 1161 1839 Geltung

2084 1813 2191 1873 Duell
2214 1813 2271 1873 und
2294 1816 2446 1876 Triumph
2475 1816 2525 1876 der
2549 1816 2706 1876 Amouren
2735 1819 2871 1879 stehend,
2888 1821 2939 1881 von

1246 1834 1333 1894 Die
1358 1834 1572 1894 Nachricht
1605 1831 1668 1891 vom
1717 1831 1828 1891 jähen
1868 1831 2043 1891 Ableben

316 1835 537 1895 verschafft
561 1837 648 1897 hat,
664 1838 711 1898 ist
728 1837 885 1897 gestern
918 1834 964 1894 um
1012 1834 1059 1894 ½7
1092 1834 1162 1894 Uhr

2091 1855 2139 1915 dem
2183 1858 2355 1918 „einsamen
2389 1859 2480 1919 Weg“
2513 1859 2561 1919 der
2588 1864 2864 1924 altgewordenen,
2881 1864 2950 1924 ent¬

1197 1891 1338 1951 Artur
1386 1891 1637 1951 Schnitzlers
1685 1889 1941 1949 verbreitete
1989 1890 2050 1950 sich

303 1894 458 1954 abends
501 1895 536 1955 in
580 1895 713 1955 seiner
751 1894 1005 1954 Wohnung,
1035 1895 1147 1955 Wien

2091 1901 2239 1961 täuschten
2273 1903 2521 1963 Puppenspieler
2549 1905 2609 1965 mit
2638 1906 2687 1966 dem
2726 1907 2863 1967 Dasein,
2886 1909 2935 1969 von

1203 1948 1236 2008 in
1290 1950 1389 2010 allen
1456 1948 1688 2008 literarisch
1742 1948 2047 2008 interessierter

2088 1945 2136 2005 dem
2197 1948 2288 2008 „Ruf
2311 1948 2364 2008 des
2392 1948 2554 2008 Lebens",
2587 1949 2635 2009 der
2668 1950 2743 2010 alles
2777 1952 2944 2012 Sinuende

304 1954 379 2014 18.
419 1953 594 2013 Bezirk,
633 1951 1054 2011 Sternwartestraße
1100 1954 1153 2014 17

2088 1990 2152 2050 und
2180 1990 2292 2050 Selige
2320 1990 2509 2050 überbraust
2537 1993 2596 2053 mit
2623 1994 2720 2054 seiner
2754 1996 2937 2056 grausamen

1198 2008 1366 2068 Kreisen
1409 2006 1562 2066 Wiens
1606 2005 1683 2065 wie
1726 2005 1781 2065 ein
1832 2006 2049 2066 Lauffeuer

311 2011 422 2071 einem
475 2011 775 2071 Schlaganfall
798 2011 991 2071 erlegen.

2088 2030 2184 2090 Gier,
2212 2033 2271 2093 das
2304 2034 2455 2094 fliehende
2493 2037 2585 2097 Leben
2628 2037 2655 2097 in
2694 2038 2774 2098 jeder
2813 2038 2947 2098 Minute

1205 2064 1281 2124 und
1317 2061 1393 2121 rief
1422 2064 1589 2124 überall
1611 2064 1723 2124 tiefen
1759 2064 1948 2124 Schmerz
1977 2064 2018 2124 un

357 2070 499 2130 Artur
530 2067 747 2127 Schnitzler
771 2069 906 2129 hatte,
921 2070 1131 2130 wenigsten

2088 2076 2175 2136 ganz
2196 2077 2222 2137 zu
2257 2076 2398 2136 besitzen,
2419 2078 2479 2138 mit
2500 2079 2602 2139 seiner
2630 2082 2805 2142 fiebernden
2839 2085 2954 2145 Angst,

303 2127 395 2187 nach
439 2127 681 2187 außenhin,
718 2127 825 2187 nicht
861 2127 1019 2187 gezeigt
1063 2128 1155 2188 oder
1192 2124 1448 2184 aufrichtige
1492 2121 1829 2181 Erschütterung
1887 2123 2058 2183 hervor.
2087 2123 2123 2183 zu
2153 2122 2224 2182 kurz
2246 2122 2317 2182 oder
2346 2123 2374 2183 zu
2403 2124 2474 2184 spät
2496 2124 2524 2184 zu
2554 2124 2710 2184 kommen.

1198 2186 1254 2246 In
1312 2181 1382 2241 dem
1441 2180 1712 2240 Augenblick,
1756 2179 1798 2239 da
1850 2183 1934 2243 man
1999 2181 2055 2241 die

303 2184 508 2244 vielleicht
538 2185 625 2245 auch
662 2185 772 2245 nicht
803 2187 992 2247 gewußt,
1023 2187 1088 2247 daß
1125 2184 1161 2244 er

2136 2181 2288 2241 Zwischen
2317 2184 2498 2244 Sehnsucht
2542 2187 2606 2247 und
2636 2189 2744 2249 Traum
2810 2189 2933 2249 standen

2094 2222 2168 2282 seine
2196 2225 2352 2285 Menschen
2385 2227 2412 2287 in
2445 2229 2531 2289 einer
2553 2231 2710 2291 „ringsum
2748 2233 2937 2293 aufgetanen

304 2245 372 2305 dem
434 2243 518 2303 Tod
557 2242 594 2302 so
641 2243 749 2303 nahe
803 2243 917 2303 war.
957 2243 1056 2303 Noch
1111 2241 1156 2301 an
1195 2238 1348 2298 Worte
1388 2237 1525 2297 hörte:
1557 2237 1718 2297 „Artur
1765 2237 1986 2297 Schnitzler
2010 2237 2055 2297 ist

2088 2267 2178 2327 Welt
2201 2270 2252 2330 der
2275 2270 2381 2330 Rätsel
2405 2270 2466 2330 und
2495 2273 2777 2333 Versuchungen".
2794 2277 2941 2337 Vorüber

310 2302 436 2362 seinem
487 2301 699 2361 Todestag
728 2302 842 2362 hatte
871 2301 905 2361 er
941 2300 983 2360 um
1034 2302 1055 2362 9
1084 2300 1168 2360 Uhr

1205 2297 1467 2357 gestorben",
1491 2297 1639 2357 wurde
1678 2297 1778 2357 jedem
1841 2297 2050 2357 einzelnen
2097 2307 2166 2367 auch
2198 2311 2252 2371 sie!
2276 2314 2422 2374 Voruber
2454 2316 2531 2376 diese
2563 2318 2787 2378 narzissenhaft
2811 2319 2865 2379 sich
2897 2316 2942 2376 be¬

304 2363 395 2423 früh
457 2360 587 2420 seinen
649 2360 895 2420 gewohnten
964 2360 1171 2420 Morgen-
1195 2356 1394 2416 bewußt,
1418 2354 1494 2414 wie
1518 2354 1602 2414 viel
1634 2355 1709 2415 mit
1741 2354 1863 2414 diesem
1918 2356 2047 2416 Mann

2089 2357 2262 2417 spiegelnde
2286 2358 2494 2418 Schwermut
2547 2362 2604 2422 und
2657 2363 2831 2423 Klugheit,
2872 2362 2947 2422 vor¬

2079 2399 2161 2459 über
2203 2399 2297 2459 dieses
2345 2400 2439 2460 Spiel
2487 2403 2545 2463 mit
2588 2405 2664 2465 Sein
2718 2406 2776 2466 und
2824 2408 2935 2468 Schein

1202 2417 1541 2477 dahingegangen
1580 2414 1641 2474 ist.

309 2420 569 2480 spaziergang
604 2417 958 2477 unternommen,
979 2417 1045 2477 von
1086 2417 1145 2477 dem

2099 2443 2203 2503 („Was
2235 2440 2308 2500 fass'
2333 2443 2394 2503 ich,
2413 2445 2498 2505 wenn
2537 2447 2579 2507 ich
2605 2449 2758 2509 fasse?"),
2802 2450 2942 2510 vorüber

1248 2470 1381 2530 (Weitere
1406 2467 1531 2527 Details
1556 2467 1578 2527 im
1618 2467 1736 2527 Innern
1768 2464 1814 2524 des
1839 2464 1988 2524 Mattes.)

305 2479 344 2539 er
385 2479 498 2539 gegen
547 2479 595 2539 11
628 2477 709 2537 Uhr
750 2476 1008 2536 vormittags
1050 2476 1178 2536 heim¬

2085 2485 2185 2545 dieses
2222 2488 2399 2548 resignierte
2429 2491 2641 2551 Beiseitestehn
2678 2493 2724 2553 des
2760 2493 2949 2553 Wissenden,

2084 2530 2231 2590 vorüber
2277 2530 2373 2590 dieser
2402 2533 2520 2593 Rausch
2549 2534 2605 2594 der
2651 2536 2775 2596 einmal
2804 2538 2933 2598 gelebten

2091 2575 2227 2635 Jugend
2263 2573 2345 2633 („Wo
2375 2574 2428 2634 seid
2459 2575 2505 2635 ihr
2535 2578 2606 2638 hin,
2624 2578 2677 2638 des
2708 2581 2813 2641 Glücks
2844 2581 2949 2641 durch¬

2089 2614 2198 2674 glühte
2227 2615 2388 2675 Tage?"),
2423 2620 2567 2680 vorüber
2614 2622 2705 2682 dieser
2735 2623 2838 2683 Glanz
2890 2626 2941 2686 der

2087 2658 2222 2718 Masken
2257 2661 2318 2721 und
2347 2662 2511 2722 Kostüme.
2535 2664 2698 2724 Vorüber!
2727 2665 2771 2725 Er
2800 2667 2868 2727 sah,
2885 2667 2941 2727 das

2090 2700 2166 2760 alles
2200 2703 2266 2763 war
2294 2703 2371 2763 nicht
2399 2705 2482 2765 mehr
2510 2708 2731 2768 aufzuhalten,
2754 2711 2804 2771 das
2837 2711 2942 2771 mußte

2088 2746 2229 2806 sterben.
2258 2748 2337 2808 Aber
2366 2748 2400 2808 er
2429 2749 2536 2809 wußte
2565 2751 2655 2811 auch:
2679 2751 2723 2811 Es
2758 2754 2870 2814 kommt
2900 2754 2944 2814 bei

2090 2789 2177 2849 einem
2217 2790 2343 2850 Dichter
2372 2793 2449 2853 nicht
2472 2794 2526 2854 auf
2555 2794 2604 2854 das
2638 2794 2698 2854 an,
2716 2797 2781 2857 was
2810 2797 2842 2857 an
2881 2799 2925 2859 ihm

2089 2832 2227 2892 sterblich
2256 2834 2308 2894 ist,
2343 2838 2469 2898 sondern
2505 2838 2556 2898 auf
2580 2838 2654 2898 das,
2695 2839 2764 2899 was
2793 2840 2845 2900 von
2874 2840 2920 2900 ihm

2084 2875 2185 2935 übrig
2208 2876 2320 2936 bleiben
2349 2878 2445 2938 wird.
2468 2880 2529 2940 Und
2553 2881 2608 2941 das
2637 2882 2671 2942 ist
2688 2882 2738 2942 bei
2756 2885 2941 2945 Schnitzler:

2084 2918 2148 2978 das
2176 2919 2327 2979 fromme,
2349 2922 2500 2982 ergebene
2534 2924 2593 2984 und
2620 2927 2794 2987 anbetende
2821 2928 2945 2988 Hände¬

2087 2962 2181 3022 falten
2238 2964 2293 3024 vor
2318 2964 2374 3024 dem
2414 2966 2530 3026 immer
2581 2969 2676 3029 neuen
2712 2971 2853 3031 Wunder
2884 2971 2938 3031 und

2083 3005 2279 3065 Geheimnis
2306 3007 2358 3067 des
2385 3008 2522 3068 Lebens.
2544 3011 2617 3071 Mag
2650 3011 2739 3071 vieles
2771 3014 2808 3074 an
2840 3014 2935 3074 seinen

2083 3047 2230 3107 Dramen
2268 3049 2326 3109 und
2358 3051 2522 3111 Romanen
2575 3052 2696 3112 formal
2744 3056 2939 3116 vergänglich

2092 3088 2145 3148 sein
2181 3092 2245 3152 und
2275 3094 2322 3154 die
2352 3094 2476 3154 Zeichen
2512 3096 2595 3156 eines
2625 3097 2825 3157 abgeblaßten
2861 3100 2943 3160 Im¬

2083 3136 2335 3196 pressionismus
2362 3139 2464 3199 tragen
2496 3139 2506 3199 —
2558 3140 2620 3200 eine
2646 3142 2790 3202 Stimme
2812 3145 2868 3205 wie
2894 3145 2940 3205 die

2091 3178 2187 3238 seine,
2210 3180 2253 3240 die
2286 3181 2339 3241 von
2378 3181 2426 3241 der
2454 3183 2567 3243 Gnade
2595 3184 2643 3244 des
2676 3186 2790 3246 Lebens
2823 3187 2947 3247 kündet,

2084 3223 2161 3283 kann
2195 3223 2277 3283 nicht
2294 3226 2493 3286 verschallen,
2516 3228 2565 3288 den
2615 3229 2653 3289 sie
2671 3226 2687 3286 1

2811 3235 2865 3295 aht
2889 3234 2943 3294 der

2084 3267 2367 3327 Vergangenheit,
2385 3270 2510 3330 sondern
2544 3270 2590 3330 dem
2636 3271 2697 3331 Kün

2128 3318 2175 3378 Um
2211 3317 2311 3377 seiner
2336 3319 2447 3379 stillen,
2466 3321 2708 3381 nachdenklichen
2733 3324 2750 3384 1
2780 3322 2803 3382 )
2821 3321 2838 3381 —
2881 3324 2933 3384 wie

2085 3360 2159 3420 man
2194 3360 2315 3420 damals
2344 3361 2419 3421 fand
2449 3363 2466 3423 —
2518 3366 2633 3426 „verru
2651 3366 2813 3426 tt
2825 3368 2940 3428 nänni¬

2086 3405 2163 3465 schen
2200 3405 2266 3465 Art
2309 3405 2369 3465 hat
2394 3406 2459 3466 man
2496 3408 2568 3468 ihn,
2611 3408 2695 3468 besor

2795 3411 2845 3471 um
2891 3412 2935 3472 die

2084 3450 2446 3510 Jahrhundertwende,
2469 3451 2525 3511 lieb
2560 3453 2678 3513 gehab.
2753 3453 2808 3513 ch
2843 3457 2944 3517 dann,

2083 3490 2174 3550 wenn
2207 3491 2239 3551 er
2288 3491 2336 3551 als
2392 3492 2434 3552 ein
2467 3494 2634 3554 Tragiker,
2679 3497 2721 3557 ein
2760 3499 2937 3559 Pathetiker

2081 3536 2199 3596 großen
2232 3535 2318 3595 Stils
2346 3533 2399 3593 vor
2427 3535 2491 3595 uns
2519 3538 2654 3598 hintrat.
2670 3539 2713 3599 Er
2741 3540 2822 3600 blieb
2849 3542 2935 3602 Jahr

2079 3578 2118 3638 um
2164 3578 2275 3638 Jahr,
2295 3578 2345 3638 der
2376 3579 2406 3639 er
2442 3579 2527 3639 war,
2553 3580 2597 3640 als
2633 3582 2683 3642 der
2709 3584 2739 3644 er
2769 3584 2925 3644 begonnen

2078 3622 2185 3682 hatte:
2208 3623 2342 3683 verliebt
2365 3621 2391 3681 in
2424 3623 2467 3683 die
2495 3624 2619 3684 Wiener
2647 3626 2939 3686 Kleinbürgerlich¬

2072 3664 2151 3724 keit,
2168 3664 2190 3724 in
2226 3666 2271 3726 die
2294 3665 2431 3725 Liebelei
2454 3667 2545 3727 erster
2574 3667 2728 3727 Jugend,
2769 3669 2831 3729 mit
2855 3670 2928 3730 Maß

2081 3709 2308 3769 sozialkritisch,
2364 3709 2479 3769 elegisch
2520 3709 2607 3769 müde
2641 3711 2701 3771 und
2747 3713 2935 3773 ergebungs¬

2070 3749 2144 3809 voll
2171 3752 2421 3812 lebensfreudig.
2469 3748 2517 3808 Es
2549 3750 2618 3810 war
2650 3754 2751 3814 etwas
2783 3757 2820 3817 an
2858 3757 2937 3817 ihm,

2076 3794 2146 3854 was
2184 3796 2254 3856 man
2309 3794 2346 3854 am
2396 3796 2493 3856 besten
2553 3797 2812 3857 hoffnungsvolle
2845 3799 2937 3859 Hoff¬

2077 3838 2330 3898 nungslosigkeit
2356 3838 2439 3898 hätte
2465 3838 2542 3898 nenn
2568 3839 2583 3899 n
2615 3841 2754 3901 können,
2776 3840 2847 3900 weil
2874 3840 2935 3900 die¬

2079 3882 2122 3942 ses
2156 3882 2277 3942 Gefühl
2305 3880 2361 3940 und
2395 3881 2466 3941 diese
2494 3882 2688 3942 Erkenntnis
2722 3885 2815 3945 nichts
2849 3885 2931 3945 mehr

2081 3927 2134 3987 für
2156 3927 2210 3987 das
2237 3926 2291 3986 Ich
2319 3927 2524 3987 erwarteten,
2546 3927 2616 3987 aber
2643 3927 2697 3987 vom
2741 3930 2854 3990 Leben,
2871 3930 2924 3990 von

2078 3975 2134 4035 der
2167 3975 2288 4035 Natur,
2314 3975 2365 4035 vom
2410 3975 2467 4035 All
2494 3975 2570 4035 alles
2603 3975 2615 4035 —
2674 3975 2782 4035 immer
2814 3977 2839 4037 in
2878 3975 2929 4035 der
