3248 4384
384 366 972 426 Schnitzler's
1042 368 1272 428 Deatl

1488 366 1616 426 box
1693 367 1866 427 43/5

772 715 823 775 vor
852 714 898 774 dem
941 712 1043 772 Alter,
1068 712 1100 772 ist
1128 711 1222 771 Duell
1245 710 1301 770 und
1329 711 1409 771 Tod.
1451 712 1610 772 Schnitzler

772 751 875 811 schlägt
899 751 969 811 diese
997 748 1170 808 Leitmotive
1209 750 1279 810 schon
1322 748 1349 808 in
1392 749 1485 809 seinen
1519 749 1602 809 ersten

772 790 954 850 Dichtungen
991 787 1050 847 an,
1083 787 1137 847 hat
1165 787 1201 847 sie
1238 787 1265 847 in
1311 787 1511 847 „Anatol“
1557 784 1612 844 und

778 826 1004 886 „Liebelei“
1046 823 1112 883 reich
1154 823 1210 883 und
1247 823 1406 883 dichterisch
1443 823 1618 883 entwickelt.

775 865 818 925 In
852 863 1067 923 „Reigen“,
1087 860 1172 920 dieser
1202 861 1331 921 kühnen,
1351 862 1398 922 für
1423 859 1494 919 seine
1524 858 1619 918 Kunst

778 903 800 963 so
832 900 1050 960 bezeichnender
1082 897 1295 957 Szenenfolge,
1318 898 1372 958 hat
1400 897 1449 957 der
1482 897 1613 957 erotische

781 939 990 999 Pessimismus
1040 936 1090 996 des
1140 936 1277 996 Dichters
1332 936 1423 996 seinen
1482 933 1609 993 stärksten

775 975 928 1035 Ausdruck
951 975 1114 1035 gefunden,
1142 973 1173 1033 es
1211 974 1251 1034 ist
1283 972 1323 1032 ein
1365 972 1614 1032 melancholischer

798 1014 965 1074 Totentanz
988 1013 1033 1073 der
1061 1011 1174 1071 Liebe“,
1202 1011 1288 1071 dessen
1321 1011 1420 1071 Motto
1452 1010 1506 1070 das
1534 1008 1620 1068 Wort

783 1053 946 1113 Meister
970 1050 1167 1110 Eckhards
1196 1048 1249 1108 sein
1283 1048 1402 1108 könnte:
1437 1047 1508 1107 „Die
1538 1044 1619 1104 Wol¬

779 1088 837 1148 lust
861 1089 910 1149 der
938 1088 1124 1148 Kreaturen“
1152 1085 1188 1145 ist
1211 1085 1379 1145 vermenget
1407 1085 1461 1145 mit
1488 1084 1624 1144 „Bitter¬

779 1128 868 1188 keit".

856 1173 913 1233 Die
938 1169 1217 1229 Tendenzdramen,
1241 1169 1279 1229 die
1309 1169 1366 1229 nun
1400 1169 1530 1229 folgten,
1550 1166 1626 1226 wid¬

779 1211 872 1271 meten
901 1210 943 1270 sich
971 1209 1018 1269 der
1042 1208 1327 1268 Gesellschaftskritik
1351 1206 1402 1266 und
1431 1205 1534 1265 fanden
1562 1205 1622 1265 ihre

777 1250 868 1310 höher
912 1247 1041 1307 stehende
1084 1247 1271 1307 Fortsetzung
1320 1247 1343 1307 in
1396 1244 1516 1304 Werken
1564 1244 1621 1304 wie

782 1285 1143 1345 „Zwischenspiel"
1201 1282 1262 1342 und
1325 1282 1432 1342 „Das
1490 1279 1619 1339 weite

782 1324 923 1384 Band,
951 1323 996 1383 die
1024 1321 1069 1381 der
1097 1321 1252 1381 modernen
1285 1320 1471 1380 Gesellschaft
1495 1318 1618 1378 wirklich

779 1363 858 1423 einen
896 1360 1115 1420 Sittenspiegel
1144 1359 1316 1419 vorhalten.
1358 1356 1428 1416 Hier
1462 1357 1540 1417 erlag
1573 1354 1619 1414 der

781 1400 916 1460 Dichter,
935 1399 1024 1459 dessen
1057 1397 1164 1457 passive
1193 1396 1305 1456 Skepsis
1334 1394 1384 1454 der
1409 1393 1619 1453 dramatischen

783 1438 975 1498 Spannkraft
1003 1435 1172 1495 entbehrte,
1200 1435 1351 1495 bisweilen
1393 1434 1438 1494 dem
1489 1432 1617 1492 Streben

778 1477 843 1537 nach
877 1474 937 1534 rein
980 1474 1195 1534 theatralischer
1219 1471 1378 1531 Wirkung,
1407 1470 1453 1530 die
1486 1468 1533 1528 ihm
1571 1471 1603 1531 am

783 1512 866 1572 besten
900 1512 927 1572 im
970 1511 1160 1571 „Grünen
1189 1509 1352 1569 Kakadu
1404 1507 1548 1567 gelungen
1581 1506 1627 1566 ist.

786 1550 857 1610 Auch
886 1550 962 1610 seine
987 1548 1202 1608 Berufsstücke,
1222 1547 1274 1607 das
1303 1546 1499 1606 vielgespielte
1523 1545 1623 1605 Arzte¬

780 1590 883 1650 drama
918 1587 1169 1647 „Professor
1194 1584 1466 1644 Bernhardi“
1496 1581 1550 1641 und
1580 1581 1623 1641 die

788 1627 979 1687 mißlungene
1008 1623 1353 1683 Journalistenkomödie
1392 1620 1511 1680 „Fink
1545 1620 1621 1680 und

785 1665 1117 1725 Fliederbusch",
1158 1662 1219 1722 sind
1270 1660 1350 1720 reine
1401 1659 1628 1719 Theaterstücke.

786 1704 919 1764 Größere
949 1701 1096 1761 Aufgaben
1130 1700 1216 1760 stellte
1241 1698 1269 1758 er
1294 1697 1336 1757 sich
1365 1696 1394 1756 in
1423 1696 1470 1756 den
1504 1698 1618 1758 Werken

788 1739 888 1799 „Der
909 1739 1094 1799 Schleier
1115 1736 1180 1796 der
1201 1736 1422 1796 Beatrice"
1447 1733 1502 1793 und
1528 1733 1623 1793 „Der

784 1778 917 1838 junge
949 1775 1216 1835 Medardus",
1243 1774 1283 1834 die
1310 1774 1360 1834 zur
1392 1772 1515 1832 „großen
1547 1772 1629 1832 Tra¬

789 1817 865 1877 gödie
904 1814 1100 1874 hinstrebten.
1134 1811 1210 1871 Aber
1235 1808 1325 1868 weder
1349 1808 1388 1868 die
1412 1808 1536 1868 Historie
1561 1808 1617 1868 noch

782 1855 825 1915 die
854 1853 1042 1913 dramatische
1072 1850 1289 1910 Architektonik
1323 1846 1381 1906 sind
1425 1846 1497 1906 seine
1536 1847 1627 1907 starke

788 1892 885 1952 Seite.
921 1890 970 1950 So
1006 1889 1209 1949 wundervolle
1232 1886 1343 1946 Szenen
1383 1885 1538 1945 besonders
1579 1883 1627 1943 der

802 1930 939 1990 „Scleier
974 1926 1022 1986 der
1052 1928 1203 1988 Beatrice"
1243 1924 1296 1984 und
1336 1922 1399 1982 noch
1439 1925 1487 1985 sein
1532 1922 1620 1982 letztes

789 1967 923 2027 Drama;
957 1964 1009 2024 der
1048 1963 1143 2023 schöne
1187 1960 1465 2020 Schwanengesang
1528 1960 1628 2020 „Der

787 2005 906 2065 Gang
926 2004 1002 2064 zum
1041 2002 1222 2062 Weiher“
1247 1999 1414 2059 enthalten,
1434 1997 1457 2057 es
1486 1998 1538 2058 sind
1568 1996 1624 2056 doch

792 2044 848 2104 nur
873 2041 1093 2101 Einzelheiten,
1113 2038 1165 2098 und
1194 2038 1366 2098 überhaupt
1386 2036 1490 2096 leistete
1515 2035 1543 2095 er
1573 2035 1624 2095 sein

793 2079 921 2139 Höchstes
956 2077 979 2137 in
1018 2077 1123 2137 kleinen
1162 2076 1295 2136 Werken,
1320 2076 1348 2136 in
1387 2074 1516 2134 manchen
1555 2071 1631 2131 Ein¬

792 2119 906 2179 aktern,
926 2117 949 2177 in
983 2116 1127 2176 einzelnen
1161 2113 1266 2173 Akten,
1286 2113 1309 2173 in
1343 2113 1463 2173 subtilen
1497 2110 1635 2170 Details,

788 2154 842 2214 wie
871 2155 902 2215 sie
930 2154 1003 2214 etwa
1035 2153 1085 2213 sein
1118 2149 1539 2209 Casanova-Drama
1571 2148 1626 2208 und

788 2193 862 2253 seine
887 2190 1207 2250 Casanova-Novelle
1248 2189 1302 2249 mit
1337 2188 1420 2248 ihrer
1455 2187 1623 2247 prächtigen

797 2231 1126 2291 Rokoko-Ornamentik
1152 2226 1318 2286 enthalten.

871 2286 1029 2346 Schnitzler
1056 2283 1119 2343 war
1146 2281 1187 2341 ein
1225 2282 1399 2342 Meister
1436 2280 1483 2340 des
1521 2279 1626 2339 Dia¬

791 2327 899 2387 logs,
919 2323 969 2383 der
999 2322 1255 2382 feingeschliffenen
1285 2317 1418 2377 Pointe;
1438 2316 1467 2376 er
1493 2316 1630 2376 brauchte

793 2363 961 2423 jemanden,
995 2359 1042 2419 der
1082 2359 1129 2419 ihm
1183 2360 1245 2420 „die
1279 2358 1461 2418 Stichworte
1495 2355 1615 2415 bringt,

794 2399 860 2459 aber
899 2399 975 2459 seine
1009 2396 1239 2456 Charakteristik
1273 2394 1335 2454 war
1375 2394 1403 2454 zu
1442 2390 1537 2450 subtil
1571 2392 1628 2452 und

791 2438 892 2498 episch,
907 2438 931 2498 so
955 2435 1003 2495 daß
1033 2435 1104 2495 seine
1124 2435 1254 2495 Dramen
1284 2432 1365 2492 leicht
1385 2431 1476 2491 etwas
1501 2429 1636 2489 Novelli¬

791 2474 894 2534 stisches
925 2474 1038 2534 hatten.
1073 2471 1133 2531 Als
1158 2471 1306 2531 Novellist
1326 2471 1375 2531 hat
1400 2471 1425 2531 er
1450 2469 1504 2529 von
1534 2469 1623 2529 seinen

802 2513 1012 2573 Jugendsachen
1047 2509 1272 2569 „Sterben"
1302 2507 1361 2567 und
1391 2507 1631 2567 „Leutnant

793 2552 926 2612 Gustl“
953 2549 983 2609 an
1020 2549 1077 2609 viel
1098 2546 1205 2606 Feines
1233 2547 1407 2607 geschaffen;
1428 2546 1480 2606 sein
1512 2543 1630 2603 epischer

793 2587 867 2647 Atem
905 2588 970 2648 war
999 2588 1063 2648 aber
1088 2588 1152 2648 kurz
1176 2585 1232 2645 und
1256 2585 1353 2645 reichte
1382 2585 1456 2645 nicht
1480 2585 1531 2645 zum
1573 2581 1633 2641 Ro¬

796 2627 877 2687 man.
916 2625 1049 2685 Trotzdem
1102 2623 1135 2683 ist
1164 2623 1211 2683 sein
1245 2621 1359 2681 Roman
1403 2620 1503 2680 „Der
1537 2620 1622 2680 Weg

793 2664 860 2724 ins
898 2662 1043 2722 Freie"
1077 2662 1220 2722 vielleicht
1245 2659 1298 2719 sein
1336 2656 1572 2716 bedeutendstes,
1596 2654 1634 2714 je¬

792 2702 920 2762 denfalls
960 2698 1013 2758 sein
1054 2698 1265 2758 persönlichstes
1305 2695 1408 2755 Werk.
1443 2694 1482 2754 Es
1522 2694 1561 2754 ist
1586 2695 1625 2755 ein

795 2737 1047 2797 Bekenntnisbuch
1081 2738 1188 2798 großen
1226 2734 1328 2794 Stils,
1357 2734 1385 2794 in
1423 2733 1469 2793 dem
1516 2731 1548 2791 er
1582 2733 1628 2793 als

797 2779 876 2839 Jude
904 2776 960 2836 und
988 2776 1034 2836 als
1062 2776 1178 2836 Wiener
1207 2773 1262 2833 mit
1286 2773 1331 2833 den
1365 2772 1471 2832 ewigen
1504 2770 1629 2830 Proble¬

793 2817 853 2877 men
891 2814 938 2874 der
962 2814 1050 2874 Rasse
1084 2812 1139 2872 und
1173 2811 1219 2871 des
1242 2810 1345 2870 Volkes
1383 2811 1481 2871 ringt.
1514 2809 1635 2869 Gehört

794 2853 860 2913 auch
889 2850 937 2910 der
961 2852 1076 2912 Dichter
1100 2850 1148 2910 des
1177 2848 1468 2908 Impressionismus
1498 2846 1550 2906 und
1579 2846 1626 2906 des

798 2892 869 2952 alten
893 2889 974 2949 Wien
999 2889 1046 2949 der
1065 2886 1309 2946 Vergangenheit
1328 2886 1356 2946 an
1386 2884 1395 2944 —
1438 2883 1481 2943 der
1500 2886 1629 2946 große

793 2927 988 2987 Künstler
1019 2925 1074 2985 und
1105 2925 1180 2985 seine
1206 2925 1317 2985 Mensch
1348 2924 1422 2984 wird
1448 2922 1478 2982 in
1509 2922 1619 2982 einigen

798 2967 886 3027 seiner
913 2964 1012 3024 Werke
1033 2964 1190 3024 fortleben.

1005 3089 1079 3149 Der
1111 3089 1192 3149 neue
1224 3087 1430 3147 „Meyer".

892 3148 1134 3208 Lexikonwissen"
1166 3146 1266 3206 wurde
1298 3144 1403 3204 früher
1435 3144 1546 3204 einmal
1578 3143 1630 3203 von

795 3188 926 3248 gewissen
964 3187 1084 3247 Kreisen
1121 3185 1273 3245 belächelt.
1316 3184 1410 3244 Heute
1447 3182 1552 3242 schämt
1584 3179 1631 3239 sich

796 3228 847 3288 kein
875 3224 1221 3284 Universitätsprofessor
1245 3221 1338 3281 mehr,
1353 3221 1404 3281 aus
1432 3218 1474 3278 dem
1517 3218 1628 3278 Lexikon

798 3264 859 3324 Rat
893 3262 946 3322 und
980 3261 1138 3321 Auskunft
1168 3260 1191 3320 zu
1239 3259 1340 3319 holen.
1383 3256 1508 3316 Freilich
1552 3256 1632 3316 einen

794 3301 932 3361 Nachteil
961 3298 1047 3358 haben
1087 3296 1158 3356 diese
1187 3296 1287 3356 Werke
1321 3294 1422 3354 gerade
1456 3295 1556 3355 heute,
1585 3292 1632 3352 daß

796 3342 829 3402 sie
863 3337 988 3397 nämlich
1027 3337 1075 3397 für
1109 3336 1272 3396 diejenigen
1312 3331 1479 3391 Schichten,
1509 3331 1552 3391 die
1586 3331 1619 3391 am

797 3376 910 3436 meisten
947 3376 978 3436 um
1024 3374 1137 3434 geistige
1170 3373 1306 3433 Klarheit
1333 3370 1456 3430 ringen,
1479 3367 1546 3427 kaum
1597 3365 1637 3425 er¬

797 3415 969 3475 schwinglich
999 3412 1072 3472 sind.
1107 3409 1150 3469 Es
1175 3411 1209 3471 ist
1229 3409 1347 3469 deshalb
1377 3406 1415 3466 ein
1450 3409 1533 3469 hohes
1563 3406 1636 3466 Ver¬

794 3454 889 3514 dienst
930 3452 979 3512 des
1016 3448 1445 3508 Bibliographischen
1496 3442 1641 3502 Insti¬

798 3489 914 3549 tutes
943 3486 966 3546 in
999 3484 1186 3544 Leipzig,
1210 3486 1256 3546 daß
1285 3485 1313 3545 es
1341 3483 1406 3543 jetzt
1431 3480 1514 3540 neben
1548 3480 1641 3540 seiner

796 3528 978 3588 12bändigen
1023 3525 1239 3585 Enzyklopädie
1284 3521 1471 3581 „Meyers
1521 3519 1638 3579 Lexi¬

796 3567 880 3627 kon“
904 3564 941 3624 ein
970 3564 1078 3624 neues,
1093 3561 1280 3621 zeitgemäßes
1309 3558 1365 3618 und
1394 3558 1441 3618 für
1465 3558 1516 3618 alle
1540 3558 1638 3618 Kreise

799 3603 1039 3663 erschwingliches
1075 3601 1180 3661 kleines
1216 3599 1476 3659 Nachschlagewerk
1512 3594 1637 3654 heraus¬

797 3645 922 3705 bringt:

879 3695 997 3755 Meyers
1025 3695 1148 3755 Kleines
1176 3692 1289 3752 Lexikon
1322 3689 1349 3749 in
1382 3689 1392 3749 3
1425 3689 1565 3749 Bänden,

793 3755 837 3815 8.,
862 3752 985 3812 gänzlich
1020 3749 1069 3809 neu
1104 3746 1280 3806 bearbeitete
1306 3743 1439 3803 Auflage
1479 3743 1537 3803 mit
1563 3743 1636 3803 rund

801 3791 896 3851 70.000
930 3788 1139 3848 Stichwörtern
1178 3785 1230 3845 und
1260 3783 1407 3843 Artikeln,
1431 3781 1502 3841 4500
1532 3779 1636 3839 Abbil¬

796 3830 909 3890 dungen
946 3826 1000 3886 und
1032 3824 1141 3884 Karten
1178 3821 1200 3881 im
1246 3820 1318 3880 Text
1346 3820 1400 3880 und
1432 3818 1486 3878 auf
1514 3818 1641 3878 Tafeln.

802 3865 881 3925 Band
906 3866 920 3926 I
951 3866 985 3926 ist
1005 3863 1099 3923 soeben
1129 3860 1306 3920 erschienen,
1326 3858 1410 3918 Band
1440 3858 1469 3918 II
1499 3857 1573 3917 folgt
1599 3856 1623 3916 im

797 3902 952 3962 Frühjahr
978 3902 1063 3962 1932,
1078 3899 1163 3959 Band
1189 3899 1245 3959 III
1265 3898 1290 3958 im
1331 3896 1431 3956 Herbst
1452 3893 1536 3953 1932.
1572 3893 1637 3953 Der

801 3941 857 4001 nur
887 3937 1059 3997 beschränkte
1088 3937 1154 3997 Zeit
1179 3934 1289 3994 gültige
1318 3931 1567 3991 Vorbestellpreis
1596 3928 1643 3988 be¬

798 3979 881 4039 trägt
906 3976 1000 4036 191’25
1030 3976 1074 4036 Kč
1099 3973 1147 4033 für
1173 3973 1246 4033 jeden
1276 3971 1360 4031 Band
1390 3970 1414 4030 in
1444 3970 1645 4030 Ganzleinen,

802 4015 897 4075 216·75
931 4013 978 4073 Kč
1013 4012 1036 4072 in
1075 4012 1242 4072 Halbleder.
1285 4009 1347 4069 Bei
1376 4009 1524 4069 Rückgabe
1558 4006 1634 4066 eines

797 4054 862 4114 nach
890 4051 955 4111 1892
979 4051 1169 4111 erschienenen
1197 4048 1225 4108 2=
1244 4047 1285 4107 bis
1314 4048 1471 4108 4bändigen
1500 4045 1634 4105 Lexikons

799 4093 947 4153 ermäßigt
977 4091 1024 4151 sich
1058 4090 1105 4150 der
1139 4087 1335 4147 Band=Preis
1379 4084 1417 4144 um
1460 4083 1489 4143 je
1518 4082 1637 4142 weitere

798 4131 879 4191 21•25
918 4128 980 4188 Kč.
1023 4125 1119 4185 Schon
1168 4124 1220 4184 das
1264 4120 1638 4180 Mitarbeiterverzeichnis

803 4168 856 4228 auf
882 4167 926 4227 der
951 4167 1039 4227 ersten
1069 4164 1152 4224 Seite
1177 4161 1250 4221 zeigt
1275 4160 1300 4220 im
1344 4158 1491 4218 Vergleich
1521 4157 1546 4217 zu
1581 4155 1624 4215 dem

801 4204 843 4264 des
873 4203 988 4263 Großen
1017 4204 1171 4264 Lexikons,
1186 4199 1233 4259 daß
1262 4197 1286 4257 es
1311 4198 1353 4258 sich
1383 4196 1440 4256 hier
1465 4194 1642 4254 leineswegs

1336 4233 1533 4293 Zwölfbänder
1568 4233 1642 4293 han¬

1694 3779 1907 3839 pertauschlen.
1949 3779 2010 3839 Wie
2035 3779 2086 3839 soit
2109 3779 2188 3839 jone.

1702 3818 1898 3878 Okkultismus
1930 3815 1986 3875 und
2013 3813 2059 3873 der
2086 3812 2226 3872 Alchemie
2252 3810 2293 3870 bis
2319 3809 2402 3869 heute
2429 3809 2531 3869 unter¬

1698 3857 1793 3917 irdisch
1833 3856 1934 3916 laufen
1979 3853 2034 3913 und
2080 3851 2201 3911 wirksam
2252 3848 2327 3908 sind,
2363 3848 2412 3908 das
2453 3851 2528 3911 zeigt

1697 3896 1825 3956 Spunda
1855 3893 1879 3953 in
1909 3890 2002 3950 seinem
2047 3890 2170 3950 neuesten
2205 3887 2303 3947 Werk.

1779 3938 1864 3998 (Frau
1892 3935 1993 3995 Marie
2021 3934 2161 3994 Grubbe)
2183 3931 2231 3991 von
2259 3931 2302 3991 I.
2319 3931 2361 3991 P.
2378 3928 2534 3988 Jacob¬

1702 3976 1775 4036 sen.
1820 3974 1908 4034 Preis
1943 3973 2089 4033 gebunden
2135 3970 2164 4030 in
2199 3967 2375 4027 Ganzleinen
2410 3967 2438 4027 18
2473 3967 2537 4027 Kö.

1702 4015 1840 4075 (Vertrieb
1869 4009 2128 4069 Schwedlers
2157 4004 2372 4064 Bücherladen,
2397 4003 2530 4063 Reichen¬

1698 4054 1792 4114 berg.)
1828 4051 1908 4111 Frau
1939 4046 2044 4106 Marie
2070 4045 2190 4105 Grubbe
2221 4044 2250 4104 ist
2277 4042 2321 4102 das
2352 4044 2417 4104 erste
2443 4043 2532 4103 große

1702 4090 1780 4150 Werk
1801 4089 1844 4149 des
1869 4085 2012 4145 dänischen
2047 4084 2179 4144 Dichters
2204 4081 2282 4141 Jens
2312 4081 2395 4141 Peter
2420 4078 2533 4138 Jacob¬

1705 4129 1756 4189 sen.
1798 4125 1840 4185 Es
1873 4125 1989 4185 erschien
2032 4123 2045 4183 4
2079 4121 2176 4181 Jahre
2218 4118 2270 4178 vor
2308 4117 2354 4177 dem
2410 4117 2526 4177 Roman

1702 4165 1802 4225 „Niels
1833 4161 1964 4221 Lyhne",
1984 4160 2054 4220 zeigt
2085 4158 2156 4218 aber
2181 4155 2226 4215 die
2252 4155 2348 4215 Kunst
2374 4155 2418 4215 des
2449 4155 2534 4215 Dich¬

1697 4203 1756 4263 ters
1781 4200 1889 4260 bereits
1914 4197 1967 4257 auf
1992 4197 2066 4257 ihrer
2091 4197 2189 4257 Höhe.
2224 4196 2312 4256 Diese
2337 4192 2529 4252 „Interieurs

1717 4245 1752 4305 uus
1784 4239 1830 4299 dem
1877 4239 1923 4299 17.
1949 4235 2177 4295 Jahrhundert“
2219 4233 2275 4293 wie
2302 4234 2342 4294 J.
2374 4230 2425 4290 das
2457 4230 2534 4290 Buch
