3392 4320
407 106 582 166 Berührung
616 104 674 164 mit
699 107 754 167 der
783 103 996 163 sogenannten
1034 104 1122 164 guten
1155 103 1217 163 Ge¬

401 154 565 214 sellschaft
588 150 636 210 der
663 151 733 211 80er
765 151 813 211 und
845 151 915 211 90er
938 151 1044 211 Jahre,
1066 152 1146 212 einer
1173 148 1217 208 ei¬

392 201 575 261 genartigey
607 200 772 260 spezifisch
822 198 1107 258 österreichlschen
1157 195 1215 255 Mi¬

393 249 503 309 schung
538 247 597 307 von
649 246 862 306 heterogenen
914 246 1115 306 Elementen,
1158 243 1212 303 von

989 294 1204 354 Advokaten

406 297 594 357 Gelebrten,
664 297 949 357 Großkaufleuten,

406 345 589 405 Künstlern,
608 344 764 404 Banklers
787 342 819 402 u.
837 344 878 404 a.,
897 343 952 403 der
980 342 1057 402 enge
1086 342 1222 402 Kontakt

402 392 455 452 mit
477 392 530 452 den
562 389 685 449 Größen
713 388 765 448 der
792 389 912 449 »ersten
939 389 1103 449 deutschen
1135 388 1214 448 Büh¬

401 440 470 500 nes,
492 440 544 500 des
574 440 817 500 Burgtheaters,
834 439 881 499 die
912 437 938 497 in
969 436 1072 496 seines
1103 434 1214 494 Vaters

401 488 504 548 Hause
556 486 629 546 aus-
676 486 732 546 und
784 485 965 545 eingingen,
1008 484 1210 544 beeinilußten

397 536 588 596 Schnitzlers
624 533 860 593 Entwicklung;
892 530 998 590 dieses
1035 532 1216 592 Jugendmi¬

397 582 455 642 lieu
486 582 602 642 drückt
629 582 731 642 seinem
776 580 922 640 späteren
959 578 1100 638 Schaffen
1137 580 1220 640 nicht

402 631 543 691 weniger
565 630 618 690 den
645 628 790 688 Stempel
808 628 861 688 auf
879 628 931 688 wie
963 628 1020 688 sein
1047 628 1210 688 ärztlicher

401 679 520 739 Beruf.

437 725 496 785 Von
529 725 707 785 kleineren,
726 726 836 786 längst
859 724 1065 784 vergessenen
1116 724 1216 784 Früh¬

395 777 582 837 produkten,
610 776 655 836 die
688 772 710 832 in
747 774 801 834 der
829 770 1021 830 »Deutschen
1058 772 1213 832 Wochen¬

402 824 528 884 schrifte
557 819 664 879 (1886)
693 822 744 882 und
777 822 800 882 in
829 819 880 879 der
909 819 993 879 lange
1026 818 1106 878 nicht
1134 818 1218 878 mehr

402 871 608 931 bestehenden
646 871 828 931 Zeitschrift
857 868 917 928 »An
969 868 1025 928 der
1077 867 1207 927 schönen

400 922 505 982 blauen
544 921 673 981 Donau-
712 918 812 978 (1889)
846 915 1024 975 erschienen
1063 916 1144 976 sind,
1173 915 1216 975 ist

395 975 457 1035 sein
489 971 609 1031 erstes,
632 966 980 1026 aufsehenerregendes
1012 963 1065 1023 und
1101 963 1123 1023 in
1159 963 1212 1023 der

402 1022 569 1082 dainaligen
598 1019 669 1079 Zeit
689 1017 732 1077 als
761 1016 837 1076 kühn
866 1011 1086 1071 empfunderes
1115 1010 1205 1070 Werk

407 1070 569 1130 »Anatol-,
589 1068 649 1128 eine
678 1064 771 1124 Reihe
800 1065 856 1125 von
884 1061 1113 1121 dramatischen
1142 1058 1216 1118 Dia¬

400 1118 505 1178 lozen,
530 1120 572 1180 die
606 1117 663 1177 mit
693 1115 774 1175 ihren
827 1113 932 1173 scharf
981 1109 1206 1169 beobachteten

403 1169 566 1229 Menschen
604 1165 655 1225 und
693 1166 781 1226 deren
819 1160 982 1220 graziöser
1015 1159 1150 1219 Sprache
1184 1157 1207 1217 in

402 1213 484 1273 einer
512 1210 580 1270 fast
608 1207 831 1267 spielerischen
868 1208 927 1268 Art
955 1207 1045 1267 schon
1082 1204 1127 1264 die
1165 1203 1214 1263 Ei¬

390 1256 497 1316 genart
526 1252 582 1312 von
614 1252 810 1312 Schnitzlers
843 1251 959 1311 Talent
987 1249 1115 1309 zelgen.
1140 1249 1207 1309 Seln

398 1301 543 1361 nächstes
571 1300 627 1360 und
660 1300 796 1360 zugleich
825 1297 876 1357 das
905 1297 988 1357 erste
1017 1297 1209 1357 aufgeführte

404 1349 494 1409 Werk
555 1348 620 1408 war
651 1348 731 1408 »Das
767 1348 929 1408 Märchen«
965 1345 1081 1405 (1893).
1102 1348 1126 1408 In
1162 1348 1212 1408 der

398 1399 495 1459 gleich
533 1398 584 1458 den
622 1396 856 1456 vorgenannten
889 1396 1108 1456 Schöpfungen
1146 1396 1197 1456 dem

403 1446 532 1506 Wiener
586 1443 681 1503 Milieu
739 1446 975 1506 entnommenen
1033 1443 1220 1503 »Liebeleie,

399 1497 590 1557 Schnitzlers
678 1493 851 1553 seinerzeit
933 1491 1197 1551 meistgespieltem

398 1548 601 1608 Schauspiel,
626 1546 724 1606 klingt
754 1545 808 1605 das
844 1541 1051 1601 Anatolmotiv
1086 1539 1204 1599 wieden

394 1593 515 1653 Dessen
551 1595 785 1655 Uraufführung
826 1590 928 1650 (1895)
959 1592 994 1652 am
1041 1588 1218 1648 Burgthea¬

398 1642 444 1702 ter
477 1640 542 1700 war
571 1643 763 1703 Schnitzlers
791 1638 894 1698 erster
923 1637 1040 1697 großer
1069 1637 1213 1697 Bühnen¬

403 1691 515 1751 erfolg.
541 1691 565 1751 In
600 1691 683 1751 Wien
718 1690 811 1750 spielt
855 1688 928 1748 auch
979 1687 1037 1747 das
1082 1685 1209 1745 nächste

401 1742 516 1802 Stück:
542 1739 724 1799 »Freiwilde
760 1736 876 1796 (1896).
897 1734 927 1794 In
978 1734 1063 1794 diese
1114 1734 1210 1794 Jahre

403 1788 469 1848 fällt
489 1788 532 1848 die
557 1788 749 1848 Entstehung
774 1785 826 1845 des
855 1784 1028 1844 »Reigene,
1043 1784 1115 1844 zehn
1140 1784 1216 1844 Sze¬

402 1837 456 1897 nen
489 1837 543 1897 mit
571 1837 621 1897 dem
663 1834 799 1894 gleichen
832 1834 1010 1894 erotischen
1043 1833 1220 1893 Grundmo¬

403 1886 463 1946 tiv,
482 1887 523 1947 die
557 1886 631 1946 aber
659 1884 729 1944 erst
753 1884 817 1944 viel
841 1882 948 1942 später
977 1882 1130 1942 gedruckt
1154 1881 1209 1941 und

398 1933 489 1993 1920,
509 1936 662 1996 durchaus
692 1933 773 1993 nicht
802 1933 855 1993 dem
899 1930 1009 1990 Willen
1039 1930 1091 1990 des
1121 1930 1212 1990 Dich¬

395 1981 459 2041 ters
492 1982 739 2042 entsprechend,
767 1981 849 2041 unter
886 1978 936 2038 dem
987 1978 1212 2038 Widerspruch

399 2029 673 2089 rechtsstehender
705 2028 815 2088 Kreise
848 2028 1025 2088 aufgeführt
1077 2028 1222 2088 wurden.

400 2079 592 2139 Schnitzlers
625 2079 743 2139 Werke
776 2076 879 2136 reihen
917 2076 978 2136 sich
1016 2076 1072 2136 nun
1106 2076 1129 2136 in
1167 2075 1218 2135 ra¬

398 2128 491 2188 scher
514 2130 622 2190 Folge.
637 2128 678 2188 Es
702 2124 904 2184 erschienen:
928 2124 1007 2184 »Das
1031 2124 1213 2184 Vermächt¬

398 2178 460 2238 nis«
485 2177 605 2237 (1897),
626 2177 669 2237 die
693 2177 766 2237 drel
785 2173 954 2233 Einakter:
974 2171 1220 2231 »Paracelsus«,

407 2225 473 2285 »Die
498 2225 693 2285 Gefährtin=,
713 2223 789 2283 »Der
814 2221 905 2281 grüne
929 2221 1077 2281 Kakadus
1101 2222 1216 2282 (1898),

397 2274 459 2334 sein
490 2276 628 2336 Drama:
650 2273 734 2333 »Der
762 2271 899 2331 Schleier
949 2270 1001 2330 der
1047 2270 1211 2330 Beatrice¬

407 2324 518 2384 (1899),
543 2324 617 2384 dann
650 2324 706 2384 der
730 2320 993 2380 Einaktercyklus
1022 2321 1213 2381 »Lebendige

401 2372 570 2432 Stunden-,
614 2370 740 2430 woraus
793 2372 971 2432 besonders
1023 2366 1214 2426 »Literature

402 2420 592 2480 hervorragt
620 2417 734 2477 (1901),
753 2419 805 2479 das
833 2418 943 2478 Drama
975 2417 1055 2477 »Der
1082 2417 1214 2477 einsame

403 2468 495 2528 Weg.
529 2467 646 2527 (1903),
670 2465 716 2525 die
750 2466 894 2526 Komödie
932 2462 1213 2522 »Zwischenspiele

402 2518 520 2578 (1904);
548 2518 653 2578 ferner
681 2517 707 2577 Im
749 2515 886 2575 gleichen
918 2513 1009 2573 Jahre
1041 2514 1105 2574 eine
1137 2512 1210 2572 neue

397 2567 650 2627 Einakterreibe:
686 2565 939 2625 »Marionetten=.
988 2561 1068 2621 »Der
1122 2563 1210 2623 junge

399 2617 600 2677 Medardus«,
628 2611 742 2671 dessen
784 2611 962 2671 Titelrolle,
990 2608 1040 2668 dem
1096 2609 1209 2669 großen

402 2665 493 2725 Josef
521 2664 616 2724 Kainz
649 2661 835 2721 zugedacht,
859 2656 913 2716 dem
959 2658 1104 2718 Künstler
1137 2658 1218 2718 nicht

401 2712 487 2772 mehr
513 2712 547 2772 zu
573 2712 689 2772 spielen
720 2710 875 2770 vergönnt
897 2706 978 2766 war,
1000 2707 1042 2767 ist
1064 2707 1107 2767 ein
1138 2708 1215 2768 Dra¬

399 2763 444 2823 ma
477 2763 531 2823 aus
559 2761 614 2821 den
646 2763 746 2823 Tagen
779 2760 829 2820 der
876 2755 1053 2815 Besetzung
1109 2752 1214 2812 Wiens

402 2811 492 2871 durch
516 2811 671 2871 Napo'eon
699 2809 726 2869 I.
744 2805 941 2865 (erschienn
969 2802 1069 2862 1909).
1088 2802 1197 2862 Diesem

408 2858 518 2918 Werke
548 2859 639 2919 folgte
674 2857 756 2917 »Das
785 2852 871 2912 welte
902 2852 1007 2912 Land.
1037 2852 1152 2912 (1910),
1177 2849 1220 2909 ei¬

402 2909 434 2969 ne
462 2907 699 2967 Tragikomôdie
727 2904 776 2964 des
804 2900 928 2960 Alterns
951 2901 1001 2961 und
1029 2901 1102 2961 1912
1125 2897 1220 2957 »Pro¬

397 2957 504 3017 fessor
531 2957 739 3017 Bernhardie,
762 2956 806 3016 ein
852 2950 1043 3010 Schausplel
1070 2950 1118 3010 aus
1150 2951 1203 3011 dem

395 3005 565 3065 ärztlienen
593 3005 708 3065 Beruf,
727 3002 777 3062 bei
801 3000 902 3060 seiner
934 2997 1123 3057 Aufführung
1161 2999 1216 3059 von

405 3055 456 3115 pol
470 3050 581 3110 tischen
611 3052 756 3112 Oruppen
787 3049 851 3109 viel
868 3046 1061 3106 umstritten.
1078 3046 1104 3106 Im
1143 3046 1215 3106 Jah¬

403 3099 432 3159 re
461 3098 532 3158 1915
557 3100 737 3160 erschlenen
770 3097 837 3157 drel
858 3094 1004 3154 Finakter
1029 3094 1117 3154 unter
1146 3094 1196 3154 dem

408 3151 501 3211 Tuel:
530 3150 699 3210 »Komödie
746 3148 802 3208 der
854 3145 999 3205 Wortes,
1042 3144 1112 3204 1917
1160 3145 1215 3205 das

399 3199 559 3259 schwache
595 3196 684 3256 =Fink
734 3196 791 3256 und
840 3194 1098 3254 Fliederbusche,
1143 3190 1210 3250 1919

401 3250 470 3310 »Die
501 3247 700 3307 Schwestern
730 3246 808 3306 oder
852 3242 1020 3302 Casanova
1051 3242 1072 3302 in
1124 3243 1223 3303 Spas.

402 3297 474 3357 1924
507 3297 670 3357 »Komöde
707 3296 762 3356 der
794 3291 1013 3351 Verlührung=
1050 3291 1104 3351 und
1146 3288 1214 3348 1925

402 3346 450 3406 die
482 3347 691 3407 dramatische
727 3345 878 3405 Dichtung
918 3339 998 3399 »Der
1030 3341 1114 3401 Gang
1155 3339 1203 3399 zum

414 3394 571 3454 Welher.

419 3444 610 3504 Schnitzlers
639 3443 784 3503 Eigenart
813 3441 864 3501 und
892 3440 1009 3500 großes
1038 3438 1150 3498 Talent
1174 3434 1215 3494 of¬

401 3494 526 3554 fenbart
548 3492 609 3552 sich
635 3491 716 3551 nicht
739 3491 877 3551 weniger
904 3488 925 3548 in
955 3485 1054 3545 seinen
1085 3484 1218 3544 zahlrei¬

402 3543 478 3603 chen
506 3541 710 3601 erzäblenden
747 3539 879 3599 Werken
911 3533 1143 3593 (1892-1926).
1166 3533 1215 3593 Al¬

401 3596 427 3656 le
459 3590 542 3650 diese
569 3590 683 3650 Werke
711 3590 772 3650 sind
803 3587 989 3647 durchwegs
1016 3584 1143 3644 kürzere
1175 3581 1214 3641 Ar

406 3641 502 3701 beiten
538 3640 737 3700 erzählenden
777 3636 904 3696 Inhalts,
949 3635 1099 3695 Novellen
1157 3632 1209 3692 und

401 3688 606 3748 Noveletten,
628 3685 821 3745 Schnitzlers
848 3682 985 3742 einziger
1015 3681 1126 3741 großer
1157 3678 1216 3738 Ro¬

406 3737 467 3797 man
503 3736 640 3796 erschien
680 3733 767 3793 1908:
799 3733 878 3793 »Der
910 3731 984 3791 Weg
1021 3731 1064 3791 ins
1096 3730 1223 3790 Freiee,

1275 3767 1400 3827 Wiener
1433 3769 1535 3829 Milieu
1573 3769 1772 3829 entstammen
1814 3767 1865 3827 und
1903 3768 1977 3828 auch
2015 3765 2079 3825 sol-
2145 3763 2191 3823 ten
2219 3763 2316 3823 Welt,
2335 3763 2376 3823 als
2405 3763 2437 3823 es
2461 3761 2507 3821 die
2531 3761 2651 3821 heutige
2680 3761 2735 3821 ist.
2754 3760 2842 3820 Seine
2875 3758 2948 3818 wel¬

401 3787 467 3847 eine
501 3787 568 3847 groß
602 3783 757 3843 gesehene
791 3781 946 3841 Synthese
981 3780 1030 3840 des
1064 3778 1215 3838 geistigen

2128 3813 2177 3873 che
2213 3812 2267 3872 und
2303 3811 2397 3871 dabel
2425 3811 2474 3871 oft
2497 3811 2704 3871 spielerische
2740 3811 2942 3871 Behandlung

1265 3819 1358 3879 cher,
1376 3820 1424 3880 die
1451 3817 1517 3877 erst
1540 3817 1562 3877 in
1594 3817 1646 3877 den
1673 3817 1864 3877 allerletzten
1895 3816 2001 3876 Jahren
2032 3814 2081 3874 er¬

408 3832 530 3892 Wiener
563 3832 685 3892 Lebens
718 3830 771 3890 zur
799 3830 872 3890 Zeit
900 3830 954 3890 der
982 3829 1091 3889 lotzten
1128 3829 1218 3889 Jahr-

2136 3861 2189 3921 der
2220 3860 2384 3920 Probleme
2416 3858 2481 3918 läßt
2508 3859 2681 3919 Schnitzler
2712 3859 2752 3919 als
2784 3859 2836 3919 den
2872 3859 2947 3919 aus¬

1270 3868 1411 3928 schienen
1451 3868 1535 3928 sind,
1562 3868 1614 3928 daß
1650 3866 1694 3926 sie
1725 3865 1862 3925 zumeist
1889 3865 1994 3925 Pilder
2026 3865 2083 3925 der

401 3882 666 3942 hundertwende.

2138 3909 2369 3969 gesprochenen
2400 3909 2675 3969 österreichischen
2725 3909 2853 3969 Dichter
2898 3910 2947 3970 er-

1263 3916 1334 3976 Zeit
1362 3915 1415 3975 aus
1446 3915 1500 3975 des
1532 3915 1674 3975 Dichters
1706 3915 1853 3975 lüngeren
1890 3912 2001 3972 Jahren
2037 3912 2085 3972 ge¬

437 3933 473 3993 Es
501 3933 542 3993 ist
570 3932 611 3992 ein
639 3927 955 3987 charakteristisches
979 3924 1134 3984 Merkmal
1162 3921 1212 3981 der

2138 3960 2308 4020 scheinen.

398 3984 431 4044 so
460 3981 656 4041 zahlreichen
690 3980 800 4040 Werke
835 3975 1040 4035 Schnitzlers,
1065 3975 1108 4035 die
1142 3974 1194 4034 dem
1271 3970 1347 4030 ben,
1362 3969 1444 4029 einer
1468 3968 1530 4028 viel
1550 3966 1741 4026 sorgloseren
1771 3965 1823 4025 und
1852 3963 2087 4023 unbekümmer¬
