3344 4352
197 313 292 373 2.
352 316 940 376 Schnitzler's
1009 318 1230 378 Death

1456 318 1579 378 box
1663 324 1843 384 42/9

327 1544 447 1604 stalten
476 1545 705 1605 Grilpoarzers
734 1547 827 1607 sind;
842 1547 922 1607 oder
937 1547 976 1607 so
1005 1547 1125 1607 erfült
1140 1547 1206 1607 mit
1221 1547 1315 1607 selis
1343 1542 1491 1602 anders.
1506 1543 1531 1603 —
1587 1543 1667 1603 gibt
1696 1540 1735 1600 es
1763 1539 1843 1599 einen
1885 1537 2101 1597 anftändigen
2129 1533 2317 1593 Menschen,
2346 1530 2439 1590 Rehe
2455 1530 2521 1590 von
2549 1528 2724 1588 Sstereichs
2753 1526 2941 1586 Klastern.
2956 1524 3185 1584 Grilpoarzers
3200 1520 3307 1580 schief.

158 1544 299 1604 andelt,

2347 1580 2500 1640 geneigtes
2537 1574 2788 1634 Greisenantlitz
2826 1574 2868 1634 ist
2893 1571 2942 1631 ihm
2998 1571 3028 1631 im
3072 1569 3310 1629 Poetenolymp

327 1592 403 1652 scher
427 1592 586 1652 Melodie,
610 1592 662 1652 wie
692 1592 739 1652 die
764 1594 928 1654 Melodien
958 1595 1135 1655 Schuberts
1159 1596 1306 1656 klingen;
1342 1592 1394 1652 der
1424 1590 1447 1650 in
1477 1589 1589 1649 irgend
1619 1589 1701 1649 einer
1725 1586 1819 1646 guten
1849 1586 2002 1646 Stunde,
2020 1585 2043 1645 in
2079 1584 2196 1644 tiefster
2221 1581 2314 1641 Seele

173 1598 207 1658 so
244 1593 297 1653 ge¬

2346 1627 2486 1687 sicherlich
2510 1625 2846 1685 entgegengekommen
2876 1622 2934 1682 und
2964 1620 3016 1680 hat
3040 1619 3087 1679 ihn
3117 1618 3164 1678 als
3188 1617 3310 1677 Dichter

1332 1639 1369 1699 an
1402 1640 1499 1700 etwas
1532 1639 1667 1699 anderes
1695 1635 1830 1695 denkt?"
1858 1634 1901 1694 Er
1929 1634 2031 1694 meint
2053 1634 2107 1694 den
2140 1631 2221 1691 Tod.

315 1641 381 1701 wie
431 1643 586 1703 geschieht
614 1642 646 1702 es
675 1643 779 1703 denn,
830 1646 885 1706 daß
924 1645 974 1705 der
1007 1646 1178 1706 Leutnant
1207 1646 1300 1706 Gustl

2346 1676 2397 1736 der
2426 1676 2547 1736 „Jüdin
2588 1673 2640 1733 von
2681 1670 2843 1730 Toledo",
2866 1670 2917 1730 von
2953 1668 3033 1728 Hero
3069 1667 3126 1727 und
3162 1667 3316 1727 Leander,

149 1691 203 1751 lig
240 1690 284 1750 des

320 1685 377 1745 das
412 1690 568 1750 Fräulein
597 1689 689 1749 Else,
730 1690 781 1750 der
811 1691 914 1751 junge
938 1694 1122 1754 Medardus
1169 1694 1301 1754 plötzlich

1367 1694 1409 1754 Im
1457 1697 1654 1757 „Einsamen
1690 1691 1785 1751 Weg"
1822 1693 1887 1753 und
1918 1691 2061 1751 „Weiten
2103 1688 2210 1748 Land"
2247 1688 2306 1748 sini

2347 1724 2395 1784 die
2421 1724 2487 1784 doch
2519 1721 2691 1781 Schnitzler
2722 1721 2778 1781 für
2809 1718 2938 1778 seine
2964 1715 3160 1775 Generation
3198 1715 3320 1775 fortge¬

153 1739 199 1799 ag
240 1737 291 1797 da¬

321 1738 422 1798 junge
447 1737 542 1797 Leute
567 1738 650 1798 sind,
669 1739 764 1799 denen
795 1741 867 1801 man
898 1741 963 1801 noch
994 1741 1048 1801 vor
1078 1741 1144 1801 zehn
1181 1743 1294 1803 Jahren
1344 1742 1403 1802 alle
1434 1744 1643 1804 Wesenszüge
1674 1741 1860 1801 Schnitzlers
1891 1741 1920 1801 zu
1957 1739 2089 1799 höchster
2113 1737 2299 1797 Konzentra

2345 1773 2413 1833 setzt
2439 1771 2545 1831 hatte,
2571 1765 2726 1825 begrüßt;
2771 1765 2820 1825 die
2852 1764 2989 1824 anderen
3028 1762 3234 1822 Österreicher
3266 1759 3315 1819 be¬

156 1786 197 1846 iz
222 1785 281 1845 und
324 1784 384 1844 auf
414 1786 535 1846 Schritt
566 1786 625 1846 und
662 1786 752 1846 Tritt
783 1787 813 1847 in
849 1788 939 1848 Wien
976 1790 1132 1850 begegnen
1169 1789 1283 1849 konnte

1332 1790 1403 1850 tion
1443 1792 1647 1852 gekommen:
1670 1789 1846 1849 Innigkeit
1880 1788 1941 1848 und
1975 1786 2207 1846 Leidenschaft,
2235 1783 2301 1843 Sar

323 1831 389 1891 und
424 1832 491 1892 was
519 1833 558 1893 ist
579 1833 660 1893 denn
694 1836 849 1896 geschehen
883 1837 957 1897 oder
992 1839 1147 1899 vielmehr
1174 1837 1241 1897 was
1269 1838 1309 1898 ist
1343 1840 1471 1900 kasmus
1505 1840 1566 1900 und
1587 1840 1721 1900 Ironie,
1742 1836 1964 1896 Weltläufiges
1999 1834 2059 1894 und
2080 1832 2323 1892 Bürgerliches,
2351 1820 2478 1880 grüßten
2513 1817 2532 1877 in
2560 1816 2607 1876 ihm
2648 1815 2864 1875 wohlgefällig
2892 1812 2938 1872 den
2966 1810 3114 1870 Schöpfer
3135 1810 3188 1870 des
3209 1811 3310 1871 Herrn

161 1834 275 1894 verlie

2344 1867 2402 1927 von
2438 1866 2539 1926 Sala,
2563 1864 2615 1924 des
2645 1861 2982 1921 Kürassierleutnants
3019 1859 3095 1919 Max
3119 1858 3184 1918 und
3214 1858 3319 1918 seiner

159 1882 290 1942 nantik,
321 1882 404 1942 denn
435 1882 489 1942 aus
520 1882 597 1942 Wien
628 1883 808 1943 geschehen,
827 1885 881 1945 daß
905 1885 935 1945 es
965 1887 1055 1947 solche
1080 1888 1176 1948 junge
1201 1888 1314 1948 Leute,
1345 1889 1441 1949 herbe
1472 1888 1675 1948 Schlichtheit
1713 1886 1772 1946 und
1809 1885 1899 1945 wilde
1929 1882 2032 1942 Gier,
2062 1882 2212 1942 Schmerz
2255 1879 2314 1939 und

2347 1914 2453 1974 Braut
2485 1915 2610 1975 Marie,
2636 1912 2705 1972 auch
2737 1911 2787 1971 der
2820 1909 2919 1969 Genia
2951 1909 2983 1969 im
3027 1906 3290 1966 „Zwischenspiel

163 1930 290 1990 kelheit,
323 1930 558 1990 Schnitzlersche
585 1932 686 1992 junge
713 1933 827 1993 Leute,
853 1936 936 1996 nicht
962 1936 1045 1996 mehr
1077 1936 1160 1996 gibt?

1332 1937 1428 1997 Lust,
1451 1938 1564 1998 Scherz
1598 1936 1660 1996 und
1694 1936 1807 1996 Spiel,
1831 1933 1927 1993 Leben
1967 1930 2028 1990 und
2063 1930 2226 1990 Sterben.
2272 1927 2317 1987 Es

2347 1965 2383 2025 sie
2414 1963 2586 2023 begrüßten
2623 1961 2697 2021 ihn,
2722 1959 2801 2019 denn
2839 1958 3005 2018 Schnitzler
3036 1953 3164 2013 stammt
3190 1953 3318 2013 gerade¬

149 1976 186 2036 r
213 1976 275 2036 Per

369 1987 474 2047 Artur
500 1989 668 2049 Schnitzler
695 1989 756 2049 hat
776 1989 838 2049 auf
864 1989 913 2049 der
939 1992 1026 2052 Höhe
1052 1993 1151 2053 seines
1184 1992 1302 2052 Lebens
1341 1987 1440 2047 gehen
1485 1986 1647 2046 Menschen
1692 1983 1785 2043 durch
1823 1980 1904 2040 diese
1942 1980 2086 2040 Dramen
2131 1976 2186 2036 von
2237 1976 2318 2036 alter

2347 2013 2432 2073 wegs
2457 2010 2512 2070 von
2543 2010 2635 2070 ihnen
2672 2007 2721 2067 ab.
2740 2007 2862 2067 Gerade
2888 2004 3015 2064 deshalb
3047 2002 3114 2062 fand
3146 2002 3316 2062 Schnitzler

149 2025 290 2085 ngener

1343 2034 1473 2094 Wiener
1502 2034 1637 2094 Kultur,
1660 2031 1751 2091 höchst
1774 2028 1989 2088 bürgerlichem
2029 2025 2130 2085 Adel,
2148 2025 2311 2085 Menschen

317 2038 400 2098 zwei
425 2037 533 2097 Stücke
557 2038 714 2098 gegeben,
733 2037 774 2097 die
799 2040 853 2100 für
877 2042 949 2102 ihn,
968 2040 1052 2100 seine
1077 2042 1293 2102 Gesellschafts

2347 2061 2426 2121 nicht
2458 2059 2544 2119 mehr
2575 2058 2630 2118 den
2667 2057 2735 2117 Weg
2772 2055 2796 2115 in
2834 2055 2882 2115 die
2914 2054 2993 2114 letzte
3025 2052 3240 2112 Gegenwart,
3265 2051 3320 2111 zür

183 2075 291 2135 Artur

1340 2080 1402 2140 mit
1424 2082 1641 2142 verdorbenen
1673 2079 1821 2139 Nerven,
1837 2078 2017 2138 irritiertem
2060 2073 2118 2133 und
2145 2073 2303 2133 verletzten

325 2085 460 2145 schichte,
483 2085 562 2145 seine
591 2085 789 2145 Generation
829 2088 885 2148 von
913 2090 1043 2150 gleicher
1072 2089 1213 2149 Schwere
1242 2087 1304 2147 und

2352 2109 2543 2169 Generation
2582 2106 2638 2166 und
2671 2105 2741 2165 Zeit
2767 2105 2817 2165 von
2850 2102 2958 2162 heute;
2984 2100 3015 2160 er
3048 2100 3111 2160 war
3144 2100 3181 2160 ein
3214 2097 3322 2157 Öster¬

195 2124 288 2184 einer

321 2133 584 2193 Bedeutsamkeit
621 2134 743 2194 bleiben
793 2136 946 2196 werden,
977 2136 1038 2196 wie
1081 2138 1301 2198 Grillparzers
1340 2131 1461 2191 Ethos,
1487 2130 1560 2190 aber
1591 2130 1762 2190 tadelloser
1787 2127 1952 2187 Haltung,
1971 2124 2026 2184 von
2063 2122 2148 2182 einer
2180 2122 2302 2182 Skepsis

1338 2177 1391 2237 die
1425 2179 1569 2239 jegliches
1603 2177 1723 2237 Wollen
1763 2174 1968 2234 aufgefressen
2008 2171 2081 2231 hat.
2122 2170 2207 2230 Man
2248 2168 2320 2228 darf
2354 2156 2480 2216 reicher,
2507 2154 2579 2214 aber
2613 2153 2672 2213 kein
2706 2150 2991 2210 kosmopolitischer
3025 2148 3123 2208 Jude.

321 2180 485 2240 „Traum,
508 2183 553 2243 ein
576 2181 701 2241 Leben"
735 2183 809 2243 oder
843 2186 922 2246 „Die
945 2185 1041 2245 Jüdin
1082 2183 1132 2243 von
1161 2186 1274 2246 Toledo

2390 2210 2430 2270 Im
2486 2207 2678 2267 „Einsamen
2713 2204 2829 2264 Weg",
2857 2204 2884 2264 im
2933 2200 3159 2260 „Medardus"
3194 2196 3235 2256 ist
3263 2195 3317 2255 der

188 2222 282 2282 spälen

1339 2228 1388 2288 sich
1416 2228 1493 2288 nicht
1516 2228 1665 2288 abhalten
1693 2225 1809 2285 lassen,
1826 2224 1892 2284 auch
1920 2221 2042 2281 einmal
2059 2219 2302 2279 auszusprechen

386 2229 442 2289 den
483 2231 673 2291 „Einsamen
714 2231 812 2291 Weg"
841 2231 904 2291 und
939 2232 1031 2292 „Das
1066 2234 1158 2294 weite
1182 2233 1313 2293 Land".

1342 2276 1412 2336 was
1436 2276 1618 2336 notwendig
1642 2275 1695 2335 ist,
1713 2273 1771 2333 was
1795 2272 1853 2332 nur
1878 2270 2042 2330 undelikat
2066 2268 2113 2328 ist,
2125 2267 2213 2327 wenn
2243 2265 2313 2325 man
2349 2259 2478 2319 schwere
2502 2256 2672 2316 Blutgang
2696 2255 2778 2315 eines
2808 2252 2948 2312 Wieners
2973 2250 3025 2310 der
3049 2247 3155 2307 alten,
3173 2246 3313 2306 düsteren

149 2267 275 2327 Lottage

322 2277 395 2337 Tief
436 2279 604 2339 traurige,
645 2279 791 2339 morbide
837 2279 927 2339 Leid=
973 2282 1034 2342 und
1086 2282 1294 2342 Todeslieder

1344 2324 1438 2384 daran
1485 2324 1691 2384 herumgeht:
1721 2320 1826 2380 Artur
1862 2319 2033 2379 Schnitzler
2069 2316 2127 2376 hat
2157 2315 2215 2375 das
2257 2313 2321 2373 kul¬
2351 2306 2527 2366 „Innern"
2557 2303 2657 2363 Stadt
2687 2301 2881 2361 geschildert.
2905 2298 2963 2358 Die
2987 2297 3081 2357 besten
3117 2296 3228 2356 Werke
3252 2294 3316 2354 sini

150 2315 188 2375 ld
223 2317 281 2377 und

316 2327 525 2387 Wehwunde
568 2327 800 2387 Aufschreie-

850 2330 1024 2390 verhalten
1074 2330 1139 2390 und
1183 2330 1314 2390 erstickt.

1343 2372 1489 2432 tivierte,
1512 2371 1782 2431 verbürgerlichte
1811 2367 1872 2427 und
1907 2366 2069 2426 aufrichtig
2104 2362 2317 2422 verwienerte
2352 2356 2469 2416 erfüllt
2492 2353 2542 2413 von
2577 2350 2740 2410 tragischer
2768 2349 2892 2409 Wiener
2915 2346 3027 2406 Seele,
3044 2344 3185 2404 Schauer
3208 2342 3303 2402 inner

165 2364 292 2424 durch.

322 2376 617 2436 Herbstmelodien,
645 2377 707 2437 auf
736 2377 871 2437 dunkler
906 2377 1002 2437 Viola
1037 2378 1189 2438 gespielt.
1213 2377 1313 2437 Über¬

2354 2404 2458 2464 licher,
2478 2403 2551 2463 jung
2582 2401 2762 2461 sterbender
2787 2398 2897 2458 Seele,
2917 2395 2972 2455 von
3003 2393 3262 2453 Entblätterung
3294 2390 3318 2450 in

151 2413 278 2473 estalten

1338 2422 1512 2482 Judentum
1555 2419 1608 2479 des
1646 2417 1878 2477 Liberalismus
1911 2413 1963 2473 der
1995 2413 2259 2473 Siebzigerjahre
2292 2408 2312 2468 ir

316 2422 442 2482 haupt:
472 2423 639 2483 Schnitzler
669 2425 709 2485 ist
733 2425 813 2485 ganz
849 2425 912 2485 und
941 2425 998 2485 gar
1034 2427 1155 2487 Musik,
1173 2425 1248 2485 weil
1277 2425 1305 2485 er

1335 2467 1527 2527 Österreichs
1561 2467 1726 2527 Literatur
1759 2464 1957 2524 eingeführt.
1980 2461 2024 2521 Er
2052 2460 2117 2520 war
2146 2459 2200 2519 das
2234 2458 2316 2518 Kind
2355 2452 2453 2512 voller
2487 2449 2713 2509 Lebenskraft,
2758 2446 2818 2506 von
2857 2443 3099 2503 Ernüchterung
3138 2441 3187 2501 der
3226 2440 3319 2500 Seele

155 2461 280 2521 Stunde
323 2471 371 2531 ein
402 2472 606 2532 Österreicher
632 2473 685 2533 ist.
704 2473 897 2533 Schnitzlers
922 2473 1035 2533 Erotik
1060 2473 1126 2533 war
1151 2474 1205 2534 für
1229 2473 1307 2533 viele

1340 2515 1426 2575 einer
1455 2518 1651 2578 Zeitepoche,
1676 2515 1721 2575 die
1745 2514 1797 2574 die
1820 2513 1935 2573 höchste
1965 2510 2254 2570 „Menschlichkeit"
2284 2504 2312 2564 in
2348 2502 2405 2562 bei
2446 2499 2653 2559 drängender
2684 2495 2874 2555 Sehnsucht,
2915 2491 2972 2551 von
3026 2491 3227 2551 Einsamkeit
3274 2486 3325 2546 bei

146 2512 275 2572 hildern
323 2521 518 2581 verletzend.
536 2521 600 2581 Der
630 2521 795 2581 „Reigen"
832 2521 907 2581 fand
944 2521 1008 2581 eine
1039 2521 1197 2581 kollektive
1227 2522 1309 2582 Ent¬

1340 2565 1599 2625 Geistesbildung
1640 2563 1795 2623 erblickte;
1848 2561 1899 2621 als
1935 2559 2074 2619 Sprosse
2103 2556 2195 2616 einer
2224 2555 2316 2615 jener
2352 2549 2524 2609 sehnender
2554 2544 2837 2604 Verbundenheit.
2855 2540 2958 2600 Artur
2982 2538 3149 2598 Schnitzler
3173 2535 3230 2595 hat
3259 2536 3316 2596 un¬

150 2559 292 2619 genblidk

315 2570 475 2630 rüstung.
504 2568 575 2628 Was
609 2568 697 2628 mehr
731 2568 903 2628 bedenklich
943 2568 992 2628 für
1025 2568 1075 2628 die
1104 2570 1303 2630 Entrüstung

1347 2616 1484 2676 „guten“
1518 2612 1650 2672 Wiener
1678 2610 1859 2670 Familien,
1887 2609 1914 2669 in
1948 2606 2047 2666 denen
2086 2604 2317 2664 künstlerischer
2351 2597 2565 2657 wundervoll
2604 2592 2780 2652 leuchtende
2830 2589 2890 2649 und
2941 2586 3078 2646 tönende
3117 2583 3310 2643 Dichtungen

144 2607 191 2667 der
215 2608 285 2668 auch
321 2614 373 2674 als
397 2616 449 2676 für
474 2616 644 2676 Schnitzler
668 2616 750 2676 war.
769 2616 844 2676 Man
875 2616 944 2676 kann
975 2616 1068 2676 heute
1092 2616 1168 2676 schon
1198 2616 1309 2676 sagen,

1340 2664 1403 2724 und
1432 2662 1576 2722 geistiger
1606 2659 1757 2719 Edelsinn
1792 2658 1843 2718 sich
1873 2657 1907 2717 zu
1948 2654 2191 2714 unverbrieftem
2238 2650 2319 2710 Adel
2355 2647 2424 2707 voll
2447 2642 2772 2702 lyrisch-reglistischen
2801 2638 2916 2698 Lebens
2946 2634 2998 2694 aus
3028 2634 3079 2694 dem
3114 2634 3195 2694 Wien
3224 2634 3316 2694 seine¬

142 2657 199 2717 sche
224 2655 273 2715 Ge

321 2664 425 2724 dieser
453 2665 546 2725 stille,
569 2664 624 2724 den
658 2664 823 2724 Menschen
857 2664 917 2724 aus
951 2664 1006 2724 dem
1045 2664 1138 2724 Wege
1167 2664 1304 2724 gehende

1343 2712 1518 2772 entwickelt
1535 2710 1659 2770 hatten,
1682 2707 1749 2767 trat
1767 2706 1828 2766 mit
1846 2704 1942 2764 Artur
1965 2703 2128 2763 Schnitzler
2157 2701 2202 2761 ein
2231 2699 2320 2759 neuer
2355 2696 2388 2756 zu
2423 2694 2507 2754 Ende
2536 2691 2688 2751 gehenden
2722 2688 2846 2748 Glückes
2898 2684 2959 2744 und
2988 2682 3134 2742 Ruhmes
3163 2681 3315 2741 geschenkt

315 2712 449 2772 Dichter
477 2712 541 2772 war
574 2712 617 2772 ein
650 2712 839 2772 Bekenner,
861 2712 1029 2772 Bekenner
1056 2712 1115 2772 auf
1143 2712 1196 2772 das
1224 2712 1304 2772 ewig

1334 2759 1470 2819 Typus,
1500 2758 1558 2818 der
1594 2756 1647 2816 des
1689 2756 1907 2816 europäischen
1943 2750 2126 2810 Literaten,
2156 2750 2185 2810 in
2215 2748 2321 2808 Öster=
2351 2742 2421 2802 Auf
2446 2740 2528 2800 diese
2552 2738 2616 2798 Art
2641 2736 2723 2796 schuf
2741 2735 2776 2795 er
2800 2735 2829 2795 in
2865 2732 2965 2792 seinem
3007 2731 3243 2791 Gesamtwerke
3273 2727 3302 2787 e:

135 2759 195 2819 uf
223 2760 283 2820 das
318 2761 535 2821 Menschliche
569 2759 602 2819 in
644 2760 704 2820 der
746 2759 840 2819 Liebe
881 2759 942 2819 und
990 2759 1044 2819 der
1085 2759 1308 2819 Leidenschaft.

312 2809 649 2869 Liebesleidenschaft
690 2807 763 2867 aber
798 2807 871 2867 war
906 2807 959 2867 bei
994 2808 1162 2868 Schnitzler
1203 2807 1297 2867 nichts
1352 2807 1446 2867 reichs
1474 2806 1635 2866 Literatur
1670 2805 1736 2865 ein.
1757 2804 1810 2864 Als
1845 2802 1952 2862 solcher
1980 2800 2033 2860 gab
2061 2799 2094 2859 er
2122 2797 2175 2857 der
2196 2795 2317 2855 jungen
2359 2792 2500 2852 Requiem
2548 2788 2594 2848 des
2629 2786 2844 2846 Wienertums
2879 2782 2939 2842 aus
2966 2778 3020 2838 der
3054 2776 3121 2836 eit
3149 2776 3202 2836 des
3236 2773 3317 2833 alten

159 2810 266 2870 Toten

3164 2825 3318 2885 monische

1351 2858 1475 2918 Wiener
1504 2855 1667 2915 Literatur
1690 2852 1769 2912 neue
1792 2852 1921 2912 typische
1944 2848 2130 2908 Gestalten:
2154 2846 2209 2906 vor
2232 2846 2311 2906 allem
2357 2840 2509 2900 Kaisers.
2532 2840 2616 2900 Dazu
2650 2834 2780 2894 gehörte
2809 2833 2876 2893 auch
2905 2830 2966 2890 sein

319 2857 462 2917 anderes
495 2858 544 2918 als
584 2858 655 2918 eine
688 2857 809 2917 andere
837 2855 925 2915 Form
980 2855 1040 2915 von
1074 2855 1310 2915 Vernichtung.

139 2858 181 2918 hen
224 2858 287 2918 jetz

3144 2877 3212 2937 en.
3247 2873 3301 2933 De

2357 2888 2623 2948 Verbundenheit
2648 2885 2707 2945 mit
2737 2882 2789 2942 der
2813 2879 2937 2939 Landso

1339 2903 1393 2963 den
1431 2906 1546 2966 fungen
1584 2903 1699 2963 Dandy
1732 2902 1874 2962 Anatol,
1896 2900 1950 2960 das
1983 2899 2076 2959 „süße
2104 2894 2261 2954 Mädel",
2284 2891 2327 2951 die

316 2905 413 2965 Liebe
443 2906 512 2966 war
535 2906 582 2966 ihm
629 2906 697 2966 eine
727 2906 819 2966 große
849 2903 993 2963 Flamme
1022 2903 1080 2963 vor
1110 2903 1161 2963 der
1185 2904 1300 2964 ewigen

138 2906 201 2966 luch
240 2906 284 2966 die

3121 2922 3325 2982 ungsvollen

2362 2937 2437 2997 Weg
2489 2938 2546 2998 ins
2597 2932 2711 2992 Freie"
2763 2928 2851 2988 heißt
2896 2925 2927 2985 se

1352 2953 1375 3013 in
1423 2953 1499 3013 Dur
1541 2950 1789 3010 charakterisiert
1831 2947 1918 3007 Mitzi
1955 2947 2131 3007 Schlager,
2168 2944 2197 3004 in
2244 2941 2320 3001 Mol

328 2955 435 3015 Asche.
460 2953 574 3013 „Geh',
599 2953 676 3013 bleib
707 2953 772 3013 jetzt
803 2953 851 3013 bei
876 2953 954 3013 mir;
978 2953 1038 3013 wer
1069 2953 1165 3013 weiß,
1183 2953 1213 3013 ob
1250 2952 1303 3012 wir

138 2953 292 3013 sernardi,

2359 2986 2505 3046 Roman;
2532 2984 2571 3044 ein
2605 2981 2671 3041 Weg
2699 2982 2751 3042 ins
2779 2978 2871 3038 Freie
2892 2977 2958 3037 war
2998 2974 3058 3034 auh
3079 2971 3137 3031 sein
3165 2971 3317 3031 Schöpfen

1339 3001 1502 3061 Christine
1532 2998 1724 3058 Weiringer
1747 2996 1881 3056 hießen.

141 3003 291 3063 enschen,
323 3002 454 3062 morgen
493 3001 562 3061 noch
594 3001 625 3061 's
657 3001 751 3061 Leben
795 3001 940 3061 haben",
959 3002 1034 3062 sagt
1066 3001 1090 3061 im
1142 3001 1279 3061 „Reigen

1388 3051 1561 3111 Schnitzler
1593 3051 1632 3111 ist
1654 3050 1724 3110 tot.
1767 3046 1806 3106 Er
1838 3046 1920 3106 tritt
1942 3043 2176 3103 zweifelsohne
2208 3041 2237 3101 in
2280 3039 2319 3099 die
2363 3037 2423 3097 aus
2445 3036 2495 3096 den
2537 3031 2822 3091 geheimnisvollen
2855 3027 2987 3087 Quellen
3019 3024 3151 3084 unserer
3173 3019 3315 3079 wieneri

151 3049 203 3109 die
226 3052 293 3112 Ge¬
325 3052 384 3112 der
407 3052 535 3112 Soldat
558 3053 617 3113 zur
649 3052 768 3112 Dirne.
792 3052 942 3112 Stephan
973 3052 1033 3112 von
1071 3052 1154 3112 Sala
1185 3050 1251 3110 faßt
1275 3050 1304 3110 es
