3344 4320
174 267 199 327 2

318 276 901 336 Schnitzlers

983 274 1203 334 Deatl

1421 276 1547 336 box
1628 279 1864 339 43/19

931 649 1640 709 OBSERVER

1021 712 1043 772 I.
1056 709 1176 769 österr.
1190 706 1337 766 behördl.
1355 700 1652 760 konzessioniertes

977 752 1212 812 Unternehmen
1244 747 1292 807 für
1315 742 1702 802 Zeitungs-Ausschnitte

1035 808 1180 868 WIEN,
1207 810 1253 870 I.,
1280 804 1558 864 WOLLZEILE
1605 800 1651 860 11

1128 857 1343 917 TELEPHON
1380 853 1553 913 R-23-0-43

925 1004 1151 1064 Ausschnitt
1175 1001 1268 1061 aus:

1217 1096 1257 1156 La
1290 1083 1451 1143 Trkun,
1460 1072 1508 1132 a

1270 1241 1345 1301 93
1385 1220 1525 1280 04T.
1539 1205 1640 1265 1937

943 1229 1053 1289 vom:

867 1373 963 1433 La
1048 1380 1328 1440 morte.
1357 1397 1453 1457 di.
1496 1389 1760 1449 Arturo
1833 1398 2264 1458 Schnitzler

1276 1456 1450 1516 VIENNA,
1472 1461 1527 1521 22.

1575 1462 1706 1522 portalo
1738 1464 1775 1524 e,
1795 1467 2027 1527 inolnadse
2060 1474 2122 1534 una
2154 1476 2272 1536 fortis¬

884 1488 946 1548 Per
973 1488 1008 1548 un
1039 1491 1242 1551 improvviso
1274 1495 1362 1555 colpo
1393 1499 1655 1559 apoplet-sima
1686 1502 1783 1562 dosc,
1801 1506 1965 1566 s'uccide.

858 1527 918 1587 tico
944 1527 953 1587 è
979 1531 1086 1591 morto
1108 1533 1172 1593 leri
1190 1533 1258 1593 sora
1284 1536 1400 1596 Arturo
1426 1539 1546 1599 Schni¬

1600 1536 1604 1596 «
1622 1539 1692 1599 Una
1732 1543 1881 1603 persona
1921 1549 1960 1609 di
1987 1551 2087 1611 gusto
2123 1551 2263 1611 sgutsito

849 1567 960 1627 tzler.

1567 1578 1612 1638 s'e
1633 1581 1820 1641 cimentata
1850 1586 1904 1646 con
1937 1587 2050 1647 questa
2079 1590 2187 1650 trama
2216 1592 2270 1652 ve¬

1566 1618 1724 1678 ramente
1754 1622 1899 1682 plateale
1930 1625 1942 1685 e
1973 1629 2199 1689 ripugnante,
2217 1630 2272 1690 fa¬

875 1643 941 1703 Non
984 1646 1084 1706 aveva
1134 1649 1259 1709 ancora
1297 1657 1716 1717 seitant'anni.jcendone
1741 1660 1804 1720 una
1829 1661 1900 1721 cosa
1925 1664 2013 1724 tutta
2038 1667 2121 1727 bcila
2143 1667 2155 1727 e
2176 1666 2268 1726 com¬

843 1681 980 1741 essendo
1011 1685 1090 1745 nato
1122 1686 1134 1746 a
1170 1688 1294 1748 Vienna
1330 1691 1387 1751 nel
1409 1693 1484 1753 1862
1520 1694 1532 1754 E
1569 1697 1727 1757 movente
1746 1699 1776 1759 »,
1799 1700 1917 1760 scrissc
1949 1704 2094 1764 Antonio
2126 1708 2280 1768 Baldint,

847 1724 880 1784 da
914 1724 951 1784 un
985 1727 1081 1787 pezzo
1115 1730 1165 1790 cra
1195 1730 1282 1790 stato
1312 1735 1475 1795 assunto,
1496 1735 1534 1795 ne

1573 1739 1796 1799 presentando
1827 1741 1861 1801 ai
1883 1741 2003 1801 lettori
2025 1746 2167 1806 italiani
2189 1748 2270 1808 que¬

1566 1775 1617 1835 sto
1643 1778 1823 1838 racconto.
1845 1779 1858 1839 E
1888 1781 1978 1841 forse
2004 1783 2038 1843 un
2073 1784 2137 1844 tale
2163 1787 2270 1847 giudi¬

1567 1812 1616 1872 zio
1650 1816 1713 1876 può
1751 1816 1947 1876 estendersi
1976 1819 1988 1879 a
2031 1822 2131 1882 molta
2169 1826 2269 1886 opera

1571 1855 1652 1915 dollo
1687 1855 1905 1915 Schnitzler;
1936 1861 2094 1921 edificala
2129 1862 2158 1922 su
2198 1864 2274 1924 mu¬

1568 1891 1651 1951 teria
1689 1894 1888 1954 immonda,
1913 1897 2025 1957 spesso
2071 1901 2108 1961 di
2150 1903 2266 1963 sapore

1568 1933 1779 1993 malamente
1805 1936 1962 1996 tedesco,
1980 1936 1991 1996 e
2021 1939 2129 1999 donde
2158 1942 2270 2002 tutta¬

1566 1970 1621 2030 via
1648 1972 1711 2032 s'é,
1729 1975 1862 2035 almeno
1892 1975 1905 2035 a
1936 1979 2055 2039 tratti,
2073 1981 2223 2041 espresso
2253 1984 2266 2044 e

1567 2011 1709 2071 rivelato
1737 2014 1767 2074 lo
1794 2017 1914 2077 spirito
1946 2017 2017 2077 d'un
2053 2019 2173 2079 pocta.

1688 2150 1890 2210 Castello
1949 2154 1995 2214 di
2046 2162 2265 2222 bronzo,

1684 2228 1716 2288 di
1736 2229 1768 2289 G.
1789 2234 1932 2294 Giannini
1952 2237 1984 2297 al
2004 2241 2147 2301 Manzoni

1600 2288 1699 2348 Come
1748 2292 1942 2352 l'insolente
1995 2300 2159 2360 minaccla
2216 2306 2272 2366 del

1559 2329 1777 2389 leggendario
1814 2333 1955 2393 bandito
1987 2339 2069 2399 Jack
2106 2342 2274 2402 Suliivan,

1558 2366 1599 2426 di
1616 2369 1832 2429 presentarsi
1854 2372 1866 2432 a
1895 2376 2108 2436 mezzanotte
2133 2380 2187 2440 nel
2208 2381 2266 2441 ca¬

1559 2404 1653 2464 stello
1692 2406 1752 2466 del
1783 2411 1980 2471 Weastone,
2006 2414 2023 2474 a
2062 2418 2182 2478 rubare
2221 2422 2255 2482 un

1558 2444 1712 2504 favoloso
1760 2449 1932 2509 smeraldo
1984 2455 2070 2515 della
2122 2458 2254 2518 signora

1560 2484 1758 2544 Weastone,
1781 2487 1830 2547 sia
1865 2491 2064 2551 nient'altro
2100 2495 2161 2555 che
2197 2498 2258 2558 und

1553 2522 1694 2582 scherzo
1721 2527 1938 2587 organizzato
1969 2533 2057 2593 dallo
2084 2536 2189 2596 stesso
2217 2535 2265 2595 si-

1553 2561 1642 2621 gnor
1669 2564 1869 2624 Weastone,
1887 2569 1900 2629 a
1932 2571 2034 2631 scopo
2061 2572 2100 2632 di
2119 2575 2265 2635 réclame

1553 2597 1640 2657 delle
1674 2601 1727 2661 sue
1766 2606 1957 2666 ricchezze;
1987 2612 2078 2672 come
2112 2614 2257 2674 tutcavia

832 2626 889 2686 non
925 2626 1074 2686 afollato
1110 2629 1238 2689 Olimpo
1270 2632 1326 2692 dei
1349 2634 1446 2694 pocti
1468 2634 1583 2694 au-il
1606 2637 1676 2697 vero
1707 2643 1848 2703 bandito
1875 2646 1950 2706 Jack
1981 2649 2153 2709 Sullivan,
2171 2653 2259 2713 indi¬

828 2662 943 2722 striaci
970 2666 1115 2726 viventi,
1134 2668 1146 2728 a
1178 2670 1244 2730 uno
1275 2670 1328 2730 dei
1355 2672 1447 2732 posti
1470 2674 1522 2734 pià
1549 2678 1655 2738 gnato
1682 2681 1744 2741 che
1771 2683 1854 2743 altri
1872 2685 1898 2745 si
1921 2685 2009 2745 serva
2040 2690 2097 2750 del
2116 2692 2173 2752 suo
2200 2690 2261 2750 no¬

828 2703 909 2763 alti:
935 2706 1041 2766 grazie
1072 2708 1315 2768 spectalmente
1341 2712 1354 2772 a
1388 2712 1529 2772 qualche
1556 2716 1628 2776 me,
1650 2719 1679 2779 si
1705 2721 1863 2781 presenti
1885 2726 1987 2786 quasi
2014 2731 2261 2791 puntualmen¬

832 2742 1006 2802 dramma,
1024 2745 1036 2805 e
1063 2745 1075 2805 a
1105 2746 1139 2806 un
1169 2749 1348 2809 romanzo,
1366 2751 1425 2811 che
1451 2751 1588 2811 ave-te
1627 2758 1682 2818 sul
1712 2763 1827 2823 posto,
1866 2763 1878 2823 e
1926 2768 2169 2828 spacciandosi
2204 2772 2259 2832 per

832 2781 916 2841 vano
945 2784 1106 2844 suscitato
1135 2787 1313 2847 risonanze
1342 2792 1503 2852 curopce.

1553 2794 1716 2854 ispettore
1748 2800 1782 2860 di
1806 2802 1924 2862 polizia
1956 2807 2079 2867 giunga
2111 2808 2124 2868 a
2155 2811 2256 2871 ruba¬

862 2820 898 2880 Si
921 2822 994 2882 dice
1026 2823 1085 2883 che
1117 2826 1285 2886 Tedescht
1309 2827 1322 2887 e
1354 2829 1531 2889 Austriaci
1554 2835 1586 2895 re
1619 2838 1891 2898 effettivamente
1924 2841 1951 2901 lo
1983 2846 2174 2906 smeraldo;
2202 2846 2260 2906 co¬

825 2858 936 2918 siano,
963 2862 1056 2922 oggi,
1083 2864 1323 2924 stranamente
1362 2867 1525 2927 osscesio-
1552 2870 1624 2930 me.
1642 2876 1770 2936 infine,
1788 2878 1818 2938 lo
1848 2881 2016 2941 smeraldo
2046 2887 2162 2947 finisca
2197 2887 2252 2947 con

823 2897 898 2957 nati
921 2899 978 2959 dai
1000 2900 1172 2960 problemt
1195 2905 1354 2965 sessuali.
1372 2906 1402 2966 In
1438 2908 1526 2968 real-
1549 2908 1681 2968 l'essere
1717 2918 1889 2978 restituito
1920 2923 1982 2983 alla
2013 2924 2070 2984 sua
2106 2927 2256 2987 propric¬

827 2936 849 2996 tà
880 2938 906 2998 il
925 2939 1132 2999 jenomeno,
1145 2943 1308 3003 divenulo
1335 2945 1388 3005 piu
1415 2946 1635 3006 appa-tarla
1671 2954 1732 3014 dal
1759 2960 1922 3020 bandito.
1945 2960 1971 3020 il
1998 2962 2095 3022 quale
2126 2964 2170 3024 s’e
2201 2964 2254 3024 ro¬

825 2975 967 3035 riscente
998 2978 1010 3038 e
1036 2981 1149 3041 spinto
1179 2983 1385 3043 all'estrene
1415 2984 1511 3044 conse

1553 2993 1825 3053 mantscamente
1856 2999 2076 3059 nnamorato
2107 3005 2141 3065 di
2163 3007 2223 3067 lei.

823 3017 943 3077 guenze
970 3018 1055 3078 dopo
1086 3020 1111 3080 la
1142 3022 1301 3082 sconfitta
1331 3023 1361 3083 in
1392 3026 1520 3086 seyuito
1551 3029 1632 3089 dopo
1667 3033 1779 3093 averle
1809 3038 1951 3098 provato
1982 3040 2097 3100 ch'ella
2132 3044 2252 3104 usurpa

827 3055 891 3115 alla
926 3057 993 3117 fine
1028 3057 1083 3117 det
1114 3058 1220 3118 rigori
1250 3060 1331 3120 della
1374 3064 1536 3124 censura,
1549 3070 1591 3130 un
1622 3071 1720 3131 nome
1742 3074 1801 3134 non
1831 3076 1886 3136 suo
1912 3077 1950 3137 ha
1976 3079 2070 3139 finito
2096 3082 2147 3142 con
2182 3080 2254 3140 l'ot¬

827 3094 921 3154 risale
951 3094 964 3154 a
1003 3096 1165 3156 parcechi
1191 3099 1298 3159 lustri
1320 3101 1469 3161 innanzt
1495 3104 1521 3164 la
1552 3106 1667 3166 tenere
1697 3110 1735 3170 da
1770 3113 1812 3173 lel
1843 3115 1877 3175 un
1911 3118 2074 3178 colioquio
2108 3123 2254 3183 d'amore

825 3133 962 3193 guerra.
975 3133 987 3193 E
1018 3137 1172 3197 qualcosa
1202 3139 1236 3199 di
1254 3139 1335 3199 cupo
1361 3140 1374 3200 e
1400 3141 1438 3201 di
1456 3140 1584 3200 tor-(su
1614 3148 1670 3208 cul
1692 3150 1812 3210 scende
1842 3151 1867 3211 il
1889 3156 2035 3216 sipario;
2061 3159 2146 3219 tutte
2172 3161 2253 3221 que¬

823 3172 895 3232 bido
926 3174 1128 3234 s'avver'iva
1162 3178 1231 3238 già,
1257 3179 1295 3239 fln
1335 3178 1373 3238 aa
1407 3181 1531 3241 allora,
1550 3186 1601 3246 ste
1627 3188 1699 3248 cose
1730 3190 1759 3250 si
1786 3193 1927 3253 possono
1962 3198 2172 3258 apprendere
2203 3199 2254 3259 re¬

818 3211 1061 3271 nell'erotismo
1096 3215 1206 3275 ch'era
1255 3216 1317 3276 alla
1366 3214 1445 3274 hase
1489 3221 1529 3281 di
1547 3226 1692 3286 candosi
1728 3229 1763 3289 al
1795 3232 1975 3292 Manzoni.
2002 3235 2090 3295 Doye
2126 3240 2249 3300 iersera

819 3250 916 3310 molta
957 3250 1054 3310 opera
1094 3252 1178 3312 dello
1214 3257 1426 3317 Schnitzler,
1462 3261 1519 3321 per
1546 3263 1607 3323 per
1634 3265 1660 3325 la
1696 3267 1807 3327 prima
1843 3269 1931 3329 volta
1962 3273 2046 3333 sono
2077 3277 2166 3337 state
2201 3277 2254 3337 oî¬

816 3290 847 3350 la
883 3290 939 3350 cut
966 3291 1147 3351 casisiica,
1170 3294 1275 3354 anche
1312 3294 1342 3354 se
1374 3299 1519 3359 delicatu
1546 3302 1634 3362 ferte
1661 3304 1674 3364 a
1710 3306 1744 3366 un
1781 3309 1935 3369 pubblico
1962 3314 2169 3374 abbastanza
2201 3316 2258 3376 af¬

819 3333 841 3393 in
877 3330 965 3390 certe
992 3332 1204 3392 zjumature,
1222 3334 1253 3394 si
1271 3335 1284 3395 è
1311 3336 1404 3396 fatto
1431 3339 1523 3399 assat
1546 3341 1687 3401 follato,
1710 3345 1771 3405 che
1803 3347 1829 3407 le
1865 3349 1904 3409 ha
1940 3353 2112 3413 accettate
2144 3356 2157 3416 e
2193 3355 2254 3415 ap¬

823 3369 832 3429 a
867 3369 951 3429 torto
982 3372 1008 3432 il
1035 3372 1137 3432 nome
1164 3375 1252 3435 tutto
1283 3378 1438 3438 parigino
1469 3381 1526 3441 del
1544 3384 1721 3444 plaudite,
1757 3390 1968 3450 chiamando
2013 3392 2119 3452 molte
2163 3396 2251 3456 volte

824 3408 997 3468 Donnay.

1550 3423 1662 3483 autore
1691 3425 1705 3485 e
1734 3429 1927 3489 interpreti
1951 3432 2012 3492 alla
2040 3435 2111 3495 fine
2140 3438 2257 3498 d'ogni

864 3448 921 3508 Fra
957 3450 983 3510 le
1019 3450 1116 3510 opere
1152 3453 1410 3513 drammaliche
1441 3457 1649 3517 delloletto.

824 3485 1017 3545 Schnitzler
1053 3488 1171 3548 meglio
1207 3491 1286 3551 note
1322 3492 1370 3552 fra
1410 3494 1471 3554 noi
1498 3495 1528 3555 si

1585 3497 1598 3557 A
1638 3498 1700 3558 noi
1723 3500 1736 3560 è
1772 3502 1870 3562 parso
1901 3505 2017 3565 d’aver
2049 3512 2160 3572 capito
2191 3512 2253 3572 che

824 3524 986 3584 ricordera
1023 3527 1190 3587 anzitutto
1227 3532 1408 3592 Anatolio;
1436 3535 1517 3595 sette
1549 3539 1739 3599 Guglielmo
1762 3545 1943 3605 Giannini,
1953 3547 2093 3607 l'autore
2111 3549 2165 3609 del
2179 3549 2251 3609 for¬

827 3564 999 3624 quadretti
1021 3565 1039 3625 o
1070 3569 1238 3629 dialoghi,
1269 3570 1326 3630 ne'
1357 3572 1441 3632 qai
1481 3573 1516 3633 un
1547 3577 1670 3637 tunati
1697 3581 1922 3641 Grattacieli,
1949 3587 2064 3647 questa
2104 3587 2187 3647 volta
2227 3590 2258 3650 si

827 3605 934 3665 viveur
956 3605 1103 3665 abborda
1129 3608 1189 3668 una
1219 3608 1301 3668 dopo
1323 3611 1430 3671 l'a'tra
1461 3612 1525 3672 set¬

1544 3614 1588 3674 sia
1620 3617 1730 3677 voluto
1758 3620 1895 3680 pigliare
1923 3624 1949 3684 il
1967 3626 2064 3686 gusto
2092 3627 2126 3687 di
2145 3629 2198 3689 far
2225 3629 2247 3689 la

817 3644 844 3704 te
876 3644 1012 3704 donne,
1035 3644 1094 3704 che
1131 3647 1190 3707 poi
1217 3648 1271 3708 son
1309 3650 1445 3710 semprc
1486 3652 1513 3712 la
1546 3655 1681 3715 parodia
1714 3659 1932 3719 agl'intrecci
1956 3664 2155 3724 polizieschi
2178 3664 2246 3724 tipo

819 3679 1026 3739 medesima:
1052 3683 1151 3743 tenul
1176 3686 1296 3746 scene,
1318 3688 1405 3748 tutte
1438 3688 1559 3748 afft-«
1576 3693 1688 3753 questo
1726 3695 1808 3755 libro
1842 3699 1904 3759 non
1946 3700 1979 3760 vi
2004 3702 2133 3762 lascerà
2171 3705 2245 3765 dor¬

818 3718 893 3778 date
920 3722 1171 3782 all'accortezza
1203 3724 1259 3784 del
1282 3726 1379 3786 ritmo
1410 3727 1436 3787 in
1467 3730 1524 3790 cai
1543 3732 1626 3792 mire
1644 3734 1675 3794 »,
1702 3736 1807 3796 d'atto
1843 3737 1873 3797 in
1910 3739 1984 3799 atto
2020 3744 2183 3804 volgendo
2218 3746 2244 3806 la

818 3758 892 3818 sono
918 3760 1058 3820 trattate
1088 3762 1100 3822 —
1146 3763 1313 3823 Scandalt
1326 3766 1396 3826 vert
1413 3768 1425 3828 e
1446 3767 1683 3827 pro-vicenda
1725 3775 1812 3835 dallo
1850 3778 2091 3838 spaventevole
2129 3782 2162 3842 al
2191 3780 2249 3840 co¬

819 3799 872 3859 pri
894 3796 1040 3856 suścito,
1062 3799 1075 3859 a
1111 3801 1243 3861 Berlino
1274 3804 1287 3864 e
1319 3806 1469 3866 aitrove,
1487 3809 1517 3869 la
1544 3810 1650 3870 mico,
1672 3811 1685 3871 e
1721 3813 1778 3873 dal
1806 3815 1929 3875 comice
1965 3820 2167 3880 all'esotico:
2194 3821 2256 3881 qui

816 3838 1139 3898 rappresentazione
1166 3843 1206 3903 dt
1228 3844 1440 3904 Girotondo:
1467 3849 1733 3909 ol-Fantomas
1764 3853 1777 3913 a
1817 3853 1857 3913 un
1898 3856 1986 3916 certo
2026 3859 2132 3919 punto
2167 3860 2247 3920 s'in¬

818 3873 863 3933 tri
888 3876 975 3936 dieci
1001 3879 1154 3939 dialoght
1180 3881 1192 3941 a
1225 3882 1308 3942 due,
1329 3882 1387 3942 nel
1408 3887 1657 3947 primotcontra
1691 3890 1748 3950 con
1782 3891 1823 3951 Le
1853 3893 2015 3953 memorie
2044 3897 2098 3957 del
2123 3899 2247 3959 Diaro¬

809 3912 866 3972 de'
889 3915 986 3975 qualt
1013 3915 1074 3975 una
1114 3921 1278 3981 femmina
1314 3923 1433 3983 adesca
1473 3924 1508 3984 un
1540 3925 1588 3985 lo,
1606 3927 1619 3987 e
1650 3929 1773 3989 L'altro
1805 3932 1946 3992 pericolo
1978 3935 2030 3995 con
2066 3938 2106 3998 La
2137 3938 2247 3998 tredi¬

815 3954 960 4014 soldato,
985 3955 1043 4015 nel
1069 3958 1214 4018 secondo
1248 3960 1277 4020 lo
1307 3961 1415 4021 stessc
1449 3964 1661 4024 soi-cesima
1695 3968 1807 4028 sedia.
1829 3970 1891 4030 Ora
1920 3972 1936 4032 a
1970 3973 2024 4033 far
2050 3978 2245 4038 qualunque

814 3991 891 4051 dato
917 3996 1092 4056 conquista
1123 3997 1186 4057 una
1212 3999 1327 4059 serva,
1345 4001 1405 4061 nel
1426 4002 1512 4062 terzo
1538 4006 1679 4066 parodia
1726 4009 1880 4069 occorre,
1910 4013 2012 4073 com'è
2047 4017 2145 4077 noto,
2171 4017 2235 4077 non

814 4032 840 4092 la
867 4032 972 4092 stessa
1003 4035 1096 4095 serva
1127 4036 1157 4096 st
1176 4039 1383 4099 abbandona
1414 4039 1449 4099 al
1472 4041 1515 4101 st-
1538 4043 1608 4103 solo
1644 4049 1864 4109 intelligenza
1901 4050 1918 4110 e
1954 4054 2160 4114 sensibilità,
2192 4057 2240 4117 na

819 4071 977 4131 zhorino,
1003 4072 1017 4132 c
1052 4073 1122 4133 cost
1149 4075 1184 4135 di
1211 4076 1338 4136 seguito
1374 4078 1404 4138 in
1441 4080 1524 4140 ogni
1542 4084 1652 4144 stcura
1696 4087 1894 4147 esperienza
1930 4091 2013 4151 della
2054 4095 2181 4155 tecnica
2226 4094 2243 4154 e

814 4107 937 4167 scena:
968 4111 1083 4171 finché
1122 4114 1202 4174 nella
1245 4115 1373 4175 decima
1412 4118 1514 4178 ritro-
1541 4122 1600 4182 del
1622 4125 1801 4185 mestiere:
1827 4130 1843 4190 e
1870 4132 2044 4192 questione
2079 4133 2112 4193 di
2134 4136 2241 4196 laisu¬

814 4147 922 4207 piamo
952 4150 978 4210 la
1013 4151 1176 4211 jemmina
1211 4154 1267 4214 del
1289 4157 1422 4217 dialono
1453 4157 1521 4217 ini-
