3248 4384
1864 88 1942 148 und
1985 91 2063 151 den

593 139 896 199 Hel

1511 148 1780 208 Ämtlichen

1841 154 2281 214 Verlautbarungen
2327 157 2403 217 der

1407 228 1781 288 Israelitischen
1844 232 2326 292 Kultusgemeinde
2380 234 2518 294 Wien

129 232 268 292 eitag

1074 300 1235 360 Mnuumnino,
1249 303 1409 363 uniumman

116 364 379 424 Redaktion
422 369 507 429 und
559 371 986 431 Administration:
1016 373 1143 433 Wien
1187 375 1264 435 II.,
1286 375 1600 435 Heinestraße
1644 372 1686 432 13

1819 376 2054 436 Telephon
2104 379 2117 439 R
2173 378 2339 438 46-2-16

978 486 1134 546 Wien,
1156 489 1233 549 30.
1263 491 1469 551 Oktober
1512 488 1611 548 1931

2487 501 2719 561 Nummer
2762 503 2809 563 44

2034 709 2098 769 50
2147 706 2370 766 kompl.
2391 712 2859 772 Ski-Ausrüstung

2139 739 2286 799 bestehend
2306 739 2369 799 aus:
2381 739 2388 799 1
2404 741 2468 801 Paar
2484 745 2540 805 gute
2556 745 2718 805 Eschenski,
2730 745 2741 805 1
2749 747 2881 807 Huitfeld¬

2141 769 2470 829 Chromleder-Bindung,
2500 776 2515 836 1
2534 772 2600 832 Paar
2634 776 2885 836 Huitfeld-Baken,

2164 799 2233 859 Paar
2252 802 2421 862 Fußbleche,
2441 801 2452 861 i
2472 798 2540 858 Paar
2560 803 2760 863 Haselstöcke,
2783 810 2794 870 1
2810 808 2879 868 Paar

2139 828 2303 888 Rohrteller,
2315 832 2321 892 1
2333 832 2398 892 Paar
2414 832 2656 892 Lederschlauten,
2671 835 2678 895 1
2685 835 2751 895 Paar
2766 837 2879 897 Schnee¬

144 838 430 898 rtur
525 846 1313 906 Schnitzler.

2139 858 2252 918 brillen,
2271 859 2282 919 1
2297 861 2455 921 spannholz
2478 865 2507 925 u.
2526 866 2537 926 1
2552 864 2644 924 Klotz,
2663 867 2795 927 inklusive
2817 867 2887 927 erst-

2135 888 2269 948 klassiger
2296 891 2442 951 Montage,
2473 891 2538 951 ales
2565 893 2718 953 zunammen
2757 900 2768 960 S
2795 900 2879 960 2-•50.

2133 921 2300 981 Desselbe
2329 924 2392 984 füre
2416 924 2492 984 Kind
2520 920 2531 980 N
2560 921 2647 981 18•80

1816 936 1892 996 Nur

2525 963 2713 1023 Vipplinger¬

1841 992 2466 1052 beISPORTVATTER
2537 1002 2637 1062 Ma.
2658 1002 2718 1062 N.
2739 998 2829 1058 20

440 996 557 1056 Worte
596 996 654 1056 des
687 999 927 1059 Gedenkens.

123 1058 300 1118 mann:

1817 1118 1879 1178 den
1914 1118 2050 1178 Rücken
2084 1121 2175 1181 fällt,
2193 1124 2226 1184 um
2273 1124 2340 1184 sich
2375 1128 2482 1188 gegen
2517 1128 2573 1188 das
2603 1129 2715 1189 Recht
2745 1131 2801 1191 auf
2824 1131 2875 1191 die

137 1139 258 1199 seines
294 1142 355 1202 60.
381 1142 645 1202 Geburtstages

701 1145 922 1205 abgekehrte
986 1151 1303 1211 Gleichgültigkeit
1357 1152 1420 1212 der
1479 1154 1626 1214 Starken
1696 1155 1753 1215 und

1814 1167 1906 1227 Seite
1938 1168 2000 1228 der
2027 1170 2151 1230 Macht
2177 1172 2213 1232 zu
2245 1176 2431 1236 schlagen,
2453 1178 2504 1238 die
2531 1181 2873 1241 Gesinnungslosig¬

121 1190 308 1250 seinerzeit
337 1190 359 1250 in
400 1191 456 1251 den
497 1193 639 1253 Prieden

703 1196 924 1256 Mächtigen,
947 1198 995 1258 als
1023 1199 1114 1259 einen
1148 1200 1245 1260 jener
1267 1202 1429 1262 Dichter,
1446 1202 1500 1262 die
1528 1202 1592 1262 mit
1615 1202 1755 1262 Wärme

1820 1215 1889 1275 keit
1920 1217 1980 1277 des
2011 1220 2186 1280 getauften
2227 1225 2332 1285 Juden
2368 1226 2594 1286 Schreimann
2630 1230 2689 1290 und
2730 1229 2780 1289 die
2810 1229 2870 1289 da¬

144 1242 309 1302 erquickt
341 1244 403 1304 und
445 1244 548 1304 durch
590 1244 641 1304 die

704 1244 767 1304 und
807 1246 895 1306 Güte
930 1247 959 1307 in
994 1249 1057 1309 das
1092 1249 1135 1309 sie
1170 1252 1405 1312 umwogende
1440 1253 1557 1313 Leben
1592 1253 1767 1313 schauen,

1815 1265 1924 1325 neben
1955 1270 2167 1330 schießende
2203 1274 2389 1334 Galligkeit
2414 1275 2474 1335 des
2505 1276 2630 1336 immer
2676 1279 2701 1339 in
2757 1279 2872 1339 seiner

115 1290 169 1350 der
196 1291 300 1351 Liebe
334 1291 393 1351 und
431 1291 655 1351 Verehrung,

698 1294 761 1354 das
796 1294 845 1354 sie
880 1297 1100 1357 befruchtet,
1125 1299 1188 1359 und
1223 1299 1277 1359 die
1311 1300 1370 1360 aus
1405 1300 1522 1360 diesen
1562 1303 1757 1363 wimmeln¬

1817 1314 1927 1374 Rasse
1967 1321 2183 1381 gekränkten
2224 1324 2405 1384 Dozenten
2446 1327 2671 1387 Löwenstein
2717 1328 2777 1388 mit
2812 1330 2872 1390 der

117 1339 305 1399 jannenden
350 1342 646 1402 Verständnisses

705 1343 766 1403 den
797 1345 1014 1405 Reservoirs
1040 1348 1205 1408 schöpfen
1242 1348 1303 1408 mit
1325 1351 1495 1411 innigster
1526 1353 1763 1413 Zärtlichkeit.

1815 1366 2011 1426 schärfsten
2047 1371 2166 1431 Lauge
2198 1373 2316 1433 seiner
2343 1375 2450 1435 Ironie
2488 1377 2523 1437 zu
2555 1378 2792 1438 übergießen.

121 1390 206 1450 tisch
238 1390 547 1450 zurückzukehren
579 1393 642 1453 und

707 1393 886 1453 heiligstem
939 1396 1086 1456 Mitleid,
1113 1399 1250 1459 tiefster
1282 1402 1588 1462 Menschenliebe.

122 1438 239 1498 Besten
272 1441 335 1501 der
357 1441 645 1501 Kulturmensch¬

1908 1447 2001 1507 Aber
2036 1448 2099 1508 wie
2134 1450 2168 1510 es
2203 1453 2257 1513 ihm
2306 1453 2335 1513 in
2390 1453 2513 1513 diesem
2587 1459 2867 1519 monumentalen

785 1474 860 1534 Das
899 1477 1072 1537 „jüdische
1111 1478 1225 1538 Herz“
1258 1480 1371 1540 pulste
1426 1483 1496 1543 mit
1545 1485 1740 1545 mächtigem

112 1491 153 1551 te
179 1489 297 1549 Gaben
329 1492 443 1552 seiner
469 1492 583 1552 Kunst
604 1492 640 1552 zu

1821 1496 2110 1556 Bühnenwerke,
2131 1500 2193 1560 mit
2219 1500 2332 1560 diesem
2380 1503 2508 1563 stolzen
2545 1506 2819 1566 Männerstück,
2846 1510 2866 1570 in

699 1521 850 1581 Schlage
883 1525 910 1585 im
954 1527 1099 1587 Dichter
1127 1527 1234 1587 Artur
1283 1532 1499 1592 Schnitzler.
1543 1533 1575 1593 Im
1640 1536 1759 1596 Ange¬

109 1539 155 1599 jes
186 1539 295 1599 nahen
333 1542 557 1602 Siebzigers,
604 1543 639 1603 zu

1821 1545 1877 1605 das
1914 1546 1996 1606 auch
2038 1548 2135 1608 nicht
2168 1551 2229 1611 das
2265 1551 2441 1611 geringste
2483 1554 2658 1614 erotische
2700 1557 2870 1617 Tröpflein

699 1571 812 1631 sichte
844 1572 905 1632 des
937 1575 1262 1635 Leichenwagens,
1289 1581 1350 1641 der
1382 1581 1443 1641 den
1480 1582 1588 1642 Toten
1625 1584 1660 1644 an
1697 1584 1759 1644 uns

121 1590 335 1650 iterarische
363 1593 641 1653 Vereinigungen

1819 1596 2047 1656 eingeflossen
2079 1596 2126 1656 ist
2148 1599 2212 1659 und
2244 1599 2302 1659 das
2329 1602 2419 1662 seine
2452 1605 2760 1665 Dichtervignette
2792 1607 2871 1667 end¬

711 1622 997 1682 vorüberführte,
1024 1626 1121 1686 sagte
1154 1627 1218 1687 mir
1257 1629 1299 1689 ein
1332 1632 1607 1692 Schriftsteller,
1634 1632 1693 1692 der
1726 1633 1753 1693 in

115 1639 306 1699 fündlicher
340 1640 399 1700 aus
427 1641 487 1701 dem
537 1641 645 1701 Wege

1815 1644 1920 1704 gültig
1958 1647 2020 1707 von
2063 1650 2126 1710 dem
2174 1650 2353 1710 Epitheton
2396 1653 2454 1713 des
2491 1655 2781 1715 Nur-Erotikers,
2808 1657 2871 1717 des

704 1673 851 1733 unserem
911 1674 1171 1734 Staatsdienste
1216 1677 1255 1737 an
1299 1681 1614 1741 hervorragender
1654 1683 1756 1743 Stelle

144 1689 199 1749 die
233 1689 332 1749 Tiefe
366 1689 426 1749 der
455 1692 565 1752 Erde,
593 1692 643 1752 ins

1817 1695 1949 1755 „Süßen
1989 1700 2293 1760 Mädel“-Barden
2333 1704 2520 1764 säuberte,
2566 1704 2692 1764 letzten
2754 1707 2870 1767 Endes

700 1721 782 1781 tätig
808 1724 870 1784 ist,
891 1724 947 1784 daß
979 1724 1014 1784 er
1041 1724 1087 1784 die
1119 1725 1237 1785 weder
1269 1727 1325 1787 von
1357 1729 1419 1789 den
1445 1730 1750 1790 schmeichelnden

142 1736 245 1796 keine
290 1739 525 1799 Wiederkehr
559 1742 651 1802 gibt.

1809 1745 1872 1805 gar
1910 1746 2005 1806 nicht
2037 1748 2074 1808 um
2127 1748 2227 1808 Anti-
2260 1751 2323 1811 und
2361 1752 2705 1812 Philosemitismus,
2732 1757 2768 1817 um
2817 1755 2869 1815 jü¬

700 1773 1083 1833 Schwingenschlägen
1127 1775 1184 1835 des
1222 1778 1398 1838 Ruhmes,
1425 1779 1504 1839 noch

1558 1781 1625 1841 von
1687 1781 1749 1841 den

157 1787 300 1847 Geister
333 1788 481 1848 unserer
540 1790 646 1850 Stadt

1814 1793 1932 1853 dische
1964 1795 2020 1855 und
2051 1796 2252 1856 christliche
2283 1802 2603 1862 Weltanschauung
2634 1805 2670 1865 zu
2701 1805 2752 1865 tun
2789 1808 2876 1868 war,

700 1821 958 1881 Keulenhieben
992 1823 1245 1883 gegnerischen
1279 1826 1527 1886 Geschimpfes
1555 1830 1676 1890 jemals
1704 1827 1737 1887 er

108 1832 127 1892 n
158 1835 218 1895 den
249 1835 410 1895 fouchten
441 1838 557 1898 Augen
587 1838 642 1898 die

1814 1841 1964 1901 sondern
2000 1844 2074 1904 bloß
2110 1846 2150 1906 um
2196 1848 2351 1908 ethische
2387 1851 2542 1911 Klarheit
2573 1853 2638 1913 und
2674 1853 2874 1913 Wahrheit,

700 1868 898 1928 schütterte
943 1871 1246 1931 Standhaftigkeit
1279 1877 1500 1937 Schnitzlers
1539 1877 1566 1937 im
1627 1880 1754 1940 Juden¬

116 1885 189 1945 ines
218 1883 389 1943 Führers,
412 1886 508 1946 eines
538 1887 645 1947 Weg¬

1811 1891 1848 1951 so
1881 1894 2114 1954 verleugnete
2147 1896 2179 1956 er
2207 1898 2277 1958 sein
2310 1901 2483 1961 jüdisches
2516 1901 2640 1961 Fühlen
2673 1904 2699 1964 in
2733 1906 2851 1966 keinen

699 1916 755 1976 tum
812 1920 1013 1980 besonders
1050 1922 1132 1982 hoch
1179 1924 1379 1984 einschätze
1422 1926 1483 1986 und
1530 1930 1761 1990 bewundere.

137 1933 237 1993 eines
270 1936 487 1996 wahrhaften
519 1939 646 1999 Herol¬

1812 1939 1927 1999 seiner
1955 1943 2104 2003 Werke,
2127 1946 2187 2006 gab
2215 1946 2309 2006 jedem
2354 1951 2464 2011 Farbe
2492 1951 2552 2011 und
2586 1951 2746 2011 Wärme,
2768 1953 2867 2013 Tem¬

704 1966 814 2026 Unser
841 1969 989 2029 Dichter
1011 1969 1105 2029 hätte
1132 1971 1227 2031 diese
1254 1974 1529 2034 Bewunderung
1556 1978 1666 2038 gewiß
1699 1978 1735 2038 zu

107 1987 134 2047 ch
174 1984 312 2044 allerlei
335 1987 417 2047 Volk
474 1987 551 2047 war
601 1990 639 2050 da

1815 1990 2001 2050 perament
2024 1993 2080 2053 und
2115 1996 2362 2056 Temperatur.
2374 1998 2419 2058 Er
2442 1999 2498 2059 hat
2521 1999 2583 2059 sich
2617 2001 2707 2061 einen
2736 2005 2865 2065 Ehren¬

707 2017 995 2077 rückgewiesen.
1011 2022 1062 2082 Ihm
1110 2021 1181 2081 war
1207 2023 1300 2083 diese
1326 2026 1620 2086 Anhänglichkeit
1646 2028 1754 2088 etwas

111 2034 227 2094 heiden
283 2035 310 2095 im
378 2038 645 2098 Hintergrunde

1809 2041 1903 2101 platz
1936 2041 1962 2101 in
2000 2042 2057 2102 der
2090 2044 2275 2104 deutschen
2313 2049 2487 2109 Literatur
2519 2052 2715 2112 errungen,
2737 2053 2773 2113 er
2800 2055 2879 2115 hat,

705 2067 1128 2127 Selbstverständliches,
1160 2071 1211 2131 ihm
1268 2072 1335 2132 An-
1372 2074 1433 2134 und
1481 2077 1759 2137 Eingeborenes.

122 2083 294 2143 Mädchen
333 2086 392 2146 und
425 2089 522 2149 junge
555 2089 646 2149 Bur¬

1814 2091 1835 2151 in
1872 2089 1945 2149 fast
1973 2092 2036 2152 alle
2068 2096 2364 2156 Kultursprachen
2402 2099 2603 2159 übersetzt,
2624 2104 2867 2164 erfreulicher¬

699 2116 763 2176 Die
791 2118 948 2178 jüdische
981 2119 1078 2179 Ethik
1116 2121 1187 2181 war
1214 2121 1311 2181 seine
1339 2125 1485 2185 geistige
1518 2128 1750 2188 Muttermilch

120 2134 358 2194 Sehnsüchte
391 2137 449 2197 und
481 2137 629 2197 Träume

1819 2137 1921 2197 weise
1958 2141 2108 2201 vielfach
2149 2145 2211 2205 und
2248 2146 2309 2206 von
2352 2149 2548 2209 Berufenen
2590 2150 2671 2210 auch
2709 2154 2760 2214 ins
2796 2154 2868 2214 Jid¬

700 2163 891 2223 gewesen,
917 2167 965 2227 sie
1000 2169 1265 2229 durchströmte
1300 2172 1368 2232 sein
1409 2175 1540 2235 ganzes
1595 2178 1761 2238 Denken,

102 2186 137 2246 en
174 2184 199 2244 in
236 2184 298 2244 den
340 2184 490 2244 Werken
527 2187 640 2247 dieses

1814 2187 1929 2247 dische
1963 2190 2023 2250 und
2057 2193 2289 2253 Hebräische,
2312 2199 2454 2259 populär
2483 2199 2504 2259 in
2539 2199 2665 2259 China,
2688 2202 2709 2262 in
2743 2203 2875 2263 Japan,

701 2216 906 2276 Empfinden
948 2220 1009 2280 und
1046 2220 1256 2280 Gestalten.
1303 2223 1375 2283 Und
1417 2225 1462 2285 sie
1504 2226 1622 2286 wurde
1659 2228 1756 2288 nicht

151 2232 239 2292 aber
276 2235 360 2295 auch
402 2235 475 2295 ihre
512 2235 647 2295 Mütter

1813 2241 1834 2301 in
1878 2238 1937 2298 den
1975 2241 2175 2301 türkischen
2219 2247 2375 2307 Ländern
2414 2247 2478 2307 und
2516 2250 2543 2310 in
2582 2251 2770 2311 Amerike,
2803 2253 2862 2313 wie

699 2265 786 2325 allen
817 2268 981 2328 merkbar
1008 2268 1069 2328 und
1100 2271 1254 2331 fühlbar,
1275 2273 1368 2333 wenn
1404 2274 1440 2334 er
1466 2274 1568 2334 Juden
1605 2277 1661 2337 und
1698 2278 1754 2338 Ju¬

100 2283 154 2343 lle
182 2283 378 2343 gewesen,
400 2286 504 2346 deren
537 2286 645 2346 Natur

1809 2289 1891 2349 kaum
1948 2289 1994 2349 ein
2031 2292 2186 2352 anderer
2217 2295 2330 2355 seiner
2362 2298 2640 2358 Zeitgenossen,
2662 2301 2702 2361 de
2765 2302 2868 2362 deut¬

700 2313 862 2373 dentum,
887 2318 984 2378 wenn
1024 2319 1058 2379 er
1088 2319 1141 2379 die
1171 2321 1269 2381 seine
1304 2325 1538 2385 Artgenossen
1578 2328 1740 2388 unmittel

100 2334 144 2394 nd
180 2334 246 2394 von
277 2337 373 2397 jenen
409 2337 540 2397 Damen
576 2340 636 2400 und

1813 2337 1915 2397 schen
1948 2340 2056 2400 Geist
2084 2343 2148 2403 und
2187 2344 2235 2404 die
2274 2346 2436 2406 deutsche
2474 2349 2588 2409 Kunst
2615 2349 2642 2409 in
2680 2349 2740 2409 der
2778 2351 2869 2411 Welt

697 2364 758 2424 bar
790 2367 1032 2427 berührenden
1064 2370 1338 2430 Zeitprobleme,
1359 2372 1421 2432 den
1453 2375 1752 2435 Antisemitismus

106 2384 149 2444 la,
177 2384 280 2444 deren
324 2384 438 2444 Welt-
476 2387 536 2447 und
574 2386 622 2446 Le

1813 2387 2008 2447 vertreten.
2059 2392 2215 2452 Gerhart
2266 2396 2487 2456 Hauptmann
2523 2398 2583 2458 hat
2614 2399 2729 2459 seinem
2775 2402 2860 2462 ganz

699 2414 760 2474 und
802 2415 853 2475 die
895 2417 1137 2477 zionistischen
1179 2420 1447 2480 Bestrebungen
1489 2423 1514 2483 in
1550 2424 1612 2484 den
1653 2426 1751 2486 Kreis

108 2435 163 2495 et,
180 2432 284 2492 denen
318 2434 351 2494 er
380 2435 440 2495 den
468 2435 556 2495 Blick
590 2435 639 2495 ins

1807 2436 2008 2496 besonders
2040 2442 2262 2502 kultivierten
2300 2445 2379 2505 Stile
2412 2447 2464 2507 die
2496 2447 2686 2507 „deutsche
2719 2450 2845 2510 Grazie

697 2461 815 2521 seiner
846 2466 1083 2526 Betrachtung
1125 2470 1186 2530 und
1223 2471 1444 2531 Darstellung
1481 2477 1568 2537 zog,
1615 2474 1681 2534 wie
1718 2477 1749 2537 ei

97 2480 148 2540 erz
185 2483 246 2543 und
278 2486 386 2546 Geist
413 2486 448 2546 er
475 2486 645 2546 geformt.

1809 2489 2085 2549 nachgerühmt,
2107 2493 2280 2553 Hermann
2318 2495 2410 2555 Bahr
2437 2496 2496 2556 hat
2525 2497 2589 2557 sein
2622 2499 2784 2559 Schaffen
2822 2503 2865 2563 als

699 2513 770 2573 dies
802 2513 827 2573 in
864 2516 977 2576 seinem
1024 2519 1152 2579 Roman
1189 2519 1281 2579 „Der
1308 2519 1390 2579 Weg
1421 2525 1472 2585 ins
1499 2525 1617 2585 Freie“
1648 2528 1746 2588 getan

98 2531 233 2591 Mienen
259 2536 309 2596 lag
342 2537 393 2597 die
420 2537 554 2597 Trauer
580 2537 637 2597 der

1807 2535 1880 2595 eine
1923 2540 2055 2600 Wende
2092 2542 2155 2602 der
2187 2544 2377 2604 deutschen
2414 2547 2646 2607 Kunstkultur
2705 2552 2873 2612 begrüßt,

701 2562 762 2622 und
804 2565 886 2625 auch
933 2567 958 2627 in
1000 2567 1119 2627 seiner
1155 2569 1289 2629 kühnen
1331 2573 1501 2633 Komödie
1543 2576 1754 2636 „Professor

1809 2588 1870 2648 und
1901 2589 1984 2649 doch
2015 2590 2056 2650 ist
2082 2590 2196 2650 dieser
2222 2594 2324 2654 große
2351 2596 2526 2656 Deutsche
2558 2599 2681 2659 immer
2703 2599 2764 2659 der
2785 2602 2862 2662 gute

694 2613 931 2673 Bernhardi“,
958 2614 1009 2674 die
1051 2617 1112 2677 von
1149 2617 1216 2677 den
1274 2623 1620 2683 Christlichsozialen
1683 2626 1744 2686 und

1807 2636 1891 2696 Jude
1929 2638 2119 2698 gewesen,
2141 2643 2203 2703 hat
2231 2644 2267 2704 er
2294 2644 2362 2704 sich
2400 2644 2448 2704 als
2480 2647 2622 2707 solcher
2654 2649 2734 2709 auch
2771 2652 2866 2712 nicht

101 2662 170 2722 sche
200 2665 485 2725 entsprechend,
503 2665 532 2725 in
562 2665 642 2725 des¬

697 2663 789 2723 ihren
831 2664 1088 2724 Liebedienern
1130 2668 1155 2728 im
1212 2668 1470 2728 Staatsbetrieb
1512 2673 1615 2733 durch
1662 2674 1749 2734 volle

1813 2686 2034 2746 verleugnet,
2055 2691 2153 2751 wenn
2184 2692 2215 2752 er
2241 2692 2292 2752 die
2319 2693 2344 2753 in
2375 2695 2519 2755 tausend
2546 2698 2731 2758 Fassetten
2762 2700 2865 2760 schil¬

96 2711 171 2771 igen
210 2713 275 2773 sich
314 2713 362 2773 die
401 2713 487 2773 volle
521 2713 639 2773 Größe

694 2711 794 2771 sechs
825 2715 927 2775 Jahre
963 2715 1064 2775 unter
1095 2716 1232 2776 Verbot
1258 2719 1410 2779 gehalten
1451 2722 1512 2782 und
1548 2722 1619 2782 erst
1650 2722 1751 2782 durch

1807 2737 1923 2797 lernde
1955 2739 2081 2799 Kultur
2108 2740 2171 2800 des
2203 2743 2461 2803 Wienertums,
2483 2746 2535 2806 die
2567 2746 2604 2806 er
2631 2748 2693 2808 aus
2726 2750 2862 2810 tiefster

90 2761 118 2821 b
160 2761 200 2821 es
236 2762 282 2822 ein
323 2764 411 2824 ganz
447 2764 639 2824 schlichtes

695 2759 754 2819 den
792 2763 895 2823 Geist
923 2764 981 2824 der
1015 2767 1183 2827 Republik
1216 2769 1324 2829 erlöst
1351 2770 1415 2830 und
1448 2772 1540 2832 ihrem
1589 2773 1757 2833 Zwecke,

1807 2786 1975 2846 Kenntnis
2008 2790 2065 2850 und
2098 2791 2309 2851 Erkenntnis
2336 2794 2462 2854 heraus
2489 2797 2589 2857 liebte
2622 2799 2685 2859 und
2717 2802 2801 2862 doch
2833 2804 2859 2864 in

87 2809 130 2869 an
174 2812 261 2872 Sarg
306 2814 365 2874 und
403 2813 496 2873 Grab
540 2814 637 2874 keine

701 2811 759 2871 von
791 2811 855 2871 der
882 2813 998 2873 Bühne
1031 2817 1131 2877 herab
1164 2817 1216 2877 für
1248 2817 1295 2877 die
1323 2820 1477 2880 Freiheit
1504 2820 1567 2880 der
1594 2821 1753 2881 Wissen¬

1811 2835 1916 2895 vielem
1963 2838 2220 2898 schonungslos
2246 2841 2362 2901 streng
2393 2844 2453 2904 be-
2479 2845 2539 2905 und
2570 2847 2798 2907 verurteilte,
2818 2850 2863 2910 als

111 2861 212 2921 recht
239 2862 297 2922 so.
319 2862 361 2922 Zu
399 2862 484 2922 viele
517 2862 633 2922 hätten

692 2859 821 2919 schaft,
852 2862 915 2922 der
951 2865 1174 2925 Humanität,
1206 2868 1268 2928 der
1305 2871 1590 2931 Menschenliebe
1632 2874 1751 2934 einzu¬

1803 2886 1854 2946 ihr
1885 2889 2281 2949 Geschichtsschreiber
2313 2895 2518 2955 schilderte,
2544 2895 2636 2955 wonn
2673 2898 2708 2958 er
2735 2899 2760 2959 in
2791 2901 2863 2961 sei¬

99 2913 109 2973 a
144 2913 182 2973 zu
218 2912 350 2972 sagen,
375 2912 448 2972 was
483 2912 532 2972 sie
567 2913 631 2973 von

693 2911 831 2971 treten,
858 2913 1044 2973 zugeführt
1075 2916 1219 2976 wurde.
1246 2919 1332 2979 Auch
1369 2919 1399 2979 in
1437 2921 1554 2981 diesen
1597 2922 1746 2982 Werken

1803 2935 1868 2995 nen
1901 2937 2058 2997 Stücken
2097 2940 2156 3000 und
2194 2943 2433 3003 Erzählungen
2472 2946 2531 3006 mit
2558 2947 2623 3007 dem
2673 2949 2775 3009 durch
2814 2949 2862 3009 die

106 2961 236 3021 wußten
277 2961 337 3021 und
373 2962 544 3022 dachten,
570 2964 630 3024 und

693 2961 769 3021 tritt
801 2961 888 3021 aber
914 2964 1022 3024 schon
1059 2965 1110 3025 die
1147 2968 1476 3028 Unparteilichkeit,
1508 2971 1559 3031 die
1591 2973 1750 3033 Gerech¬

1808 2985 1946 3045 eigenen
1983 2991 2220 3051 Erfahrungen
2257 2994 2479 3054 geschärften
2516 2997 2608 3057 Blick
2645 2997 2707 3057 das
2738 2999 2861 3059 Inven¬

95 3009 195 3069 liesen
254 3012 524 3072 Soloakkorden
577 3015 635 3075 die

692 3012 818 3072 tigkeit
840 3014 1057 3074 Schnitzlers
1089 3015 1163 3075 klar
1190 3019 1333 3079 zutage.
1355 3020 1397 3080 Er
1429 3021 1513 3081 malt
1540 3021 1630 3081 nicht
1662 3021 1741 3081 weiß

1803 3035 1854 3095 tar
1885 3035 1941 3095 der
1968 3037 2045 3097 Zeit
2066 3041 2252 3101 aufnahm,
2273 3043 2366 3103 wenn
2397 3044 2464 3104 sich
2496 3044 2546 3104 ihm
2589 3046 2614 3106 in
2646 3047 2764 3107 seinen
2796 3050 2862 3110 Ge¬

100 3059 391 3119 Menschentums
418 3062 481 3122 und
508 3062 634 3122 Künst¬

697 3059 755 3119 und
790 3061 976 3121 schwarz,
1001 3065 1035 3125 er
1065 3065 1157 3125 sieht
1187 3066 1250 3126 gut
1281 3068 1334 3128 und
1374 3068 1476 3128 böse,
1506 3071 1554 3131 wo
1589 3071 1623 3131 es
1658 3071 1741 3131 eben

1807 3083 1928 3143 stalten
1987 3089 2177 3149 Probleme
2235 3091 2298 3151 der
2352 3095 2489 3155 Epoche
2548 3095 2589 3155 zu
2648 3097 2859 3157 Ewigkeits¬

100 3110 195 3170 assen
231 3110 418 3170 gewesen.
444 3112 494 3172 Sie
525 3113 640 3173 klingt

695 3110 751 3170 ist,
772 3110 807 3170 er
839 3112 1024 3172 verbindet
1050 3116 1142 3176 seine
1174 3117 1286 3177 Augen
1318 3117 1415 3177 nicht
1436 3119 1503 3179 vor
1529 3121 1668 3181 Fehlern
1704 3122 1729 3182 im

1802 3134 2002 3194 problemen
2039 3140 2280 3200 verdichteten
2312 3142 2373 3202 und
2404 3144 2502 3204 diese
2533 3146 2594 3206 mit
2621 3146 2682 3206 der
2708 3149 2862 3209 Lebhaf¬

116 3158 180 3218 nur
216 3160 280 3220 aus
315 3161 434 3221 seinem
489 3162 618 3222 Werke

687 3161 850 3221 eigenen,
880 3162 944 3222 wie
979 3164 1042 3224 vor
1073 3166 1255 3226 Vorzügen
1310 3167 1339 3227 im
1408 3170 1561 3230 anderen
1616 3173 1753 3233 Lager.

1803 3185 1926 3245 tigkeit
1958 3187 2019 3247 und
2056 3191 2473 3251 Leidenschaftlichkeit,
2500 3194 2582 3254 aber
2614 3197 2737 3257 immer
2774 3197 2850 3257 auch

92 3206 131 3266 er
156 3209 289 3269 selbst,
309 3210 541 3270 verstummt,
556 3211 634 3271 zer¬

701 3209 808 3269 Welch
845 3212 1025 3272 prächtige
1057 3215 1165 3275 Kern-
1191 3216 1252 3276 und
1289 3218 1563 3278 Edelmenschen
1594 3221 1691 3281 stellt
1713 3221 1748 3281 er

1801 3233 1862 3293 mit
1894 3236 1950 3296 dem
2002 3239 2328 3299 Wahrheitsdurste
2359 3242 2473 3302 seiner
2504 3245 2613 3305 Rasse
2665 3248 2866 3308 durchlebt,

94 3258 168 3318 inen
206 3262 430 3322 Biographen
468 3261 526 3321 und
563 3260 643 3320 Kri¬

689 3261 725 3321 z.
747 3259 794 3319 B.
821 3261 847 3321 im
900 3262 1137 3322 „Bernhardi“
1175 3266 1249 3326 hin,
1276 3268 1365 3328 nicht
1398 3268 1460 3328 nur
1493 3268 1518 3328 in
1561 3270 1619 3330 dem
1672 3271 1740 3331 sich

1801 3286 2040 3346 durchdacht,
2061 3289 2263 3349 umkämpft
2290 3292 2449 3352 wurden.

95 3308 208 3368 bund
255 3310 385 3370 Tadel,
416 3310 468 3370 die
510 3310 629 3370 seinen

686 3307 803 3367 selbst
829 3310 887 3370 und
922 3310 1014 3370 seine
1045 3314 1241 3374 Interessen
1276 3318 1594 3378 überwindenden,
1615 3321 1668 3381 für
1693 3320 1742 3380 die

90 3358 112 3418 en
154 3358 251 3418 sind,
281 3361 390 3421 einzig
426 3361 489 3421 und
530 3361 627 3421 allein

693 3358 883 3418 Wahrheit
909 3363 1115 3423 zeugenden
1152 3366 1389 3426 katholischen
1441 3370 1621 3430 Priester,
1658 3370 1740 3430 auch

1882 3364 1977 3424 Auch
2015 3367 2078 3427 auf
2111 3367 2200 3427 einen
2243 3370 2333 3430 stark
2376 3373 2636 3433 ausgeprägten
2675 3376 2849 3436 jüdischen

107 3406 222 3466 diesen
258 3409 459 3469 Schriften,
485 3412 626 3472 werden

687 3409 716 3469 in
752 3409 812 3469 dem
867 3412 1143 3472 warmherzigen
1179 3415 1389 3475 Schwätzer
1440 3421 1621 3481 Cyprian,
1666 3421 1726 3481 dem

1796 3412 1859 3472 Zug
1891 3414 2008 3474 seines
2040 3415 2210 3475 Wesens,
2226 3418 2279 3478 die
2306 3421 2572 3481 Dankbarkeit,
2593 3424 2646 3484 sei
2668 3424 2741 3484 hier
2769 3426 2848 3486 noch

88 3458 213 3518 suchen
250 3460 355 3520 haben
392 3462 452 3522 und
488 3462 629 3522 werden

684 3460 881 3520 jugendlich
926 3465 1306 3525 temperamentvollen
1351 3468 1438 3528 alten
1484 3469 1749 3529 Achtundvier¬

1799 3463 2062 3523 hingewiesen.
2084 3466 2125 3526 Er
2152 3468 2210 3528 hat
2231 3468 2278 3528 sie
2305 3470 2400 3530 nicht
2427 3471 2490 3531 nur
2517 3471 2664 3531 gefühlt,
2686 3474 2764 3534 auch
2796 3472 2854 3532 be¬

87 3507 119 3567 er
147 3507 305 3567 seltenen
365 3510 534 3570 Dichter,
578 3513 632 3573 die

687 3510 784 3570 ziger
816 3512 1032 3572 Pflugfelder
1064 3513 1125 3573 und
1157 3514 1275 3574 seinem
1322 3516 1435 3576 Sohn,
1457 3519 1518 3579 dem
1565 3519 1745 3579 Assisten¬

1796 3513 1917 3573 tätigt.
1939 3513 2024 3573 Max
2056 3517 2306 3577 Burckhardt,
2328 3520 2391 3580 der
2419 3522 2530 3582 gegen
2573 3522 2753 3582 Judenhaß
2791 3525 2849 3585 und

112 3555 190 3615 Zeit
218 3557 267 3617 ihr
297 3560 497 3620 aufrochtes
531 3561 631 3621 Man¬

693 3558 763 3618 ten,
789 3559 849 3619 der
885 3560 950 3620 sich
992 3563 1037 3623 als
1073 3567 1295 3627 Ehrenmann
1332 3567 1397 3627 vom
1448 3569 1747 3629 Antisemitismus

1799 3564 1950 3624 Intrigen
1989 3567 2107 3627 seiner
2140 3567 2335 3627 „Liebelei“
2373 3569 2427 3629 die
2465 3570 2605 3630 Pforten
2644 3573 2708 3633 des
2741 3573 2854 3633 Burg¬

82 3607 299 3667 enschentum
358 3609 392 3669 zu
437 3610 624 3670 bewairen

687 3609 746 3669 des
777 3612 1084 3672 Korpsstudenten
1115 3615 1175 3675 zum
1227 3615 1458 3675 Antiariertum
1504 3621 1675 3681 bekennt,
1695 3620 1745 3680 als

1799 3617 1957 3677 theaters
1989 3618 2169 3678 erschloß,
2196 3620 2253 3680 hat
2285 3618 2316 3678 er
2349 3620 2375 3680 in
2429 3621 2497 3681 der
2545 3621 2862 3681 erquicklichsten.

87 3659 320 3719 bttgegebene
346 3660 491 3720 Mission
523 3660 626 3720 sahen

687 3657 726 3717 er
757 3658 807 3718 die
847 3663 1110 3723 Unsauberkeit
1140 3665 1261 3725 dieser
1292 3668 1533 3728 Gesellschaft
1585 3670 1750 3730 erkennt.

1801 3670 2154 3730 liebenswürdigsten
2190 3672 2295 3732 Figur
2346 3672 2467 3732 seines
2498 3672 2710 3732 „Professor
2746 3672 2856 3732 Bern¬

87 3705 145 3765 keit
167 3707 300 3767 übten:
317 3708 381 3768 Die
408 3710 627 3770 Schwachen

690 3707 760 3767 Und
790 3708 850 3768 der
877 3710 1022 3770 Dichter
1044 3713 1169 3773 scheut
1195 3716 1321 3776 ebenso
1346 3716 1442 3776 nicht
1468 3717 1584 3777 davor
1605 3719 1755 3779 zurück,

1796 3719 1936 3779 hardi“,
1953 3720 1980 3780 in
2013 3721 2072 3781 dem
2122 3720 2279 3780 witzigen
2317 3719 2442 3779 Hofrat
2470 3720 2643 3780 Winkler,
2665 3722 2692 3782 in
2725 3722 2762 3782 de
2790 3722 2849 3782 sen

83 3755 253 3815 Enterbten
291 3758 347 3818 und
379 3758 627 3818 Entrechteten

687 3758 735 3818 die
768 3761 1048 3821 „Objektivität“
1082 3763 1140 3823 des
1168 3764 1340 3824 Dozenten
1379 3767 1443 3827 Dr.
1465 3769 1589 3829 Adler,
1611 3770 1670 3830 der
1698 3769 1724 3829 im

1803 3770 1938 3830 Uniform
1989 3770 2412 3830 sozialdemokratisches
2453 3770 2675 3830 Unterfutter
2731 3772 2851 3832 einge¬

87 3807 163 3867 ider
196 3808 255 3868 dem
304 3812 417 3872 Druck
456 3809 542 3869 oder
575 3810 629 3870 die

688 3809 879 3869 kritischen
917 3814 1075 3874 Moment
1108 3815 1165 3875 dem
1214 3817 1479 3877 angegriffenen
1517 3821 1681 3881 Kollegen
1718 3821 1744 3881 in

1802 3819 1880 3879 näht
1915 3820 1982 3880 ist,
2012 3821 2062 3881 ein
2102 3821 2305 3881 prächtiges
2346 3824 2526 3884 Denkmal
2555 3823 2742 3883 errichtet.
2776 3824 2843 3884 Und

97 3976 196 4036 ind
271 3976 595 4036 Frcunde

685 3979 803 4039 der
884 3982 1174 4042 „Union"

1243 3985 1673 4045 übertragen

1782 3987 2076 4047 Lebens-
2142 3990 2268 4050 und
2361 3991 2834 4051 Elcmentar¬

135 4084 697 4144 ersichcrungch

788 4089 894 4149 der
955 4091 1384 4151 Städtisden
1457 4096 2304 4156 Versichcrungsanstalt
