3392 4320
205 292 284 352 2

1479 291 1606 351 box
1684 294 1878 354 42/9

391 294 976 354 Schnitzler's
1045 295 1278 355 Death

431 497 544 557 Seite
571 494 586 554 4
619 497 634 557 —
693 500 766 560 Nr.
783 500 848 560 292

1336 497 1529 557 Kieine
1559 500 1992 560 Polis-Zeitung

2354 513 2517 573 Kreitag,
2536 518 2590 578 23.
2618 518 2754 578 Oktober
2782 521 2872 581 1931

736 576 783 636 daß
819 575 849 635 er
880 575 924 635 ein
963 575 1116 635 Erlebnis
1152 576 1186 636 an

1281 604 1432 664 Horgen
1468 604 1620 664 spricht
1648 601 1682 661 un
1728 603 1862 663 dieser
1890 604 2014 664 Stelle
2042 601 2112 661 der
2140 610 2372 670 Modenchef
2409 614 2470 674 der
2508 618 2614 678 Tiller
2642 616 2685 676 A.
2704 619 2766 679 G.,
2776 619 2980 679 Huriahllf,

340 615 427 675 e.

687 616 774 676 Nahe
798 616 853 676 von
886 616 964 676 Seis
992 618 1024 678 am
1066 619 1194 679 Schlern

342 661 394 721 zum
462 661 696 721 pruchibollen,
745 662 955 722 unerreichten
1019 664 1185 724 Kunstwer

1281 668 1382 728 über
1417 672 1459 732 „1
1477 671 1860 731 Reserve-Krugen,
1887 674 1903 734 2
1938 676 2201 736 Hunscheffen
2236 677 2312 737 aus
2339 682 2406 742 der
2433 685 2654 745 englischen
2697 688 2867 748 Tusche“
2894 689 2969 749 und

338 705 441 765 schuf.

1278 744 1320 804 „5
1347 739 1424 799 mul
1452 738 1712 798 Hundarbeit
1731 736 1756 796 -
1800 741 1869 801 Dus
1904 742 2174 802 ,unsichtbare
2210 746 2374 806 Hemd."

417 757 485 817 Oft
519 754 576 814 hat
611 754 667 814 der
696 757 821 817 Dichter
861 759 906 819 die
936 760 1100 820 tragischen
1140 757 1185 817 Ge

337 799 492 859 schehnisse
531 798 581 858 des
615 799 736 859 Lebens
776 801 976 861 geschildert,
1009 802 1081 862 noch
1121 801 1181 861 öfie

1230 839 1416 899 Schnitzlers
1483 840 1671 900 zugesandt:
1737 846 1875 906 „Flucht
1941 843 1968 903 in
2041 842 2090 902 die

332 843 409 903 aber
430 843 632 903 bemächtigte
659 840 705 900 sich
737 842 777 902 die
804 843 918 903 Tragik
939 843 1037 903 seines
1063 846 1182 906 Lebens

2205 849 2428 909 Trauerfahne
2462 852 2523 912 auf
2557 852 2607 912 dem
2663 853 2897 913 Burgtheater.

1242 882 1448 942 Finsternis."
1482 883 1584 943 Karge
1629 884 1732 944 Zeilen
1770 888 1879 948 waren
1923 888 2069 948 beigefüg

332 883 393 943 Die
420 885 528 945 Frau,
550 884 590 944 die
617 883 647 943 er
674 885 782 945 liebte,
804 887 995 947 entschwand
1021 888 1104 948 ihm.
1136 891 1192 951 Als

2206 900 2324 960 Hofrat
2342 903 2409 963 Dr.
2427 904 2666 964 Wildgans
2700 903 2752 963 hat
2775 906 2984 966 angeordnet,

1232 927 1429 987 „überreicht
1452 926 1506 986 vom
1556 927 1825 987 Verfasser“....

326 927 461 987 Meister
488 929 539 989 des
566 927 732 987 Schicksals
764 928 936 988 überwand
968 933 1014 993 er,
1035 933 1113 993 setzte
1145 932 1181 992 sid

2121 937 2174 997 daß
2213 943 2271 1003 auf
2315 945 2369 1005 dem
2418 948 2774 1008 Burgtheatergebaude
2823 950 2974 1010 anläßlich

331 972 415 1032 über
441 972 496 1032 das
527 973 663 1033 hinweg,
689 972 753 1032 was
790 973 829 1033 ihm
875 975 1067 1035 widerfuhr,
1087 978 1192 1038 wurde

1328 986 1375 1046 In
1407 980 1459 1040 der
1486 981 1691 1041 Erinnerung
1717 982 1769 1042 der
1796 980 1927 1040 Wiener
1954 984 2011 1044 und
2044 982 2090 1042 der
2122 981 2175 1041 des
2207 987 2306 1047 Todes
2344 987 2396 1047 von
2433 989 2533 1049 Artur
2565 991 2727 1051 Schnitzler
2759 990 2806 1050 die
2838 992 2980 1052 Trauer¬

332 1015 602 1075 Puppenspieler,
654 1014 679 1074 in
737 1014 836 1074 dessen
893 1017 1091 1077 Einbildung
1153 1017 1194 1077 die

1239 1021 1465 1081 Wienerinnen
1516 1022 1596 1082 wird
1637 1025 1743 1085 Artur
1789 1025 1960 1085 Schnitzler
2016 1025 2081 1085 fort

2125 1027 2216 1087 fahne
2238 1031 2347 1091 gehißt
2369 1031 2461 1091 wird,
2483 1034 2547 1094 eine
2576 1034 2727 1094 Ehrung,
2744 1035 2792 1095 die
2815 1036 2896 1096 sonst
2918 1037 2977 1097 nur

339 1058 473 1118 Figuren
504 1058 529 1118 so
551 1058 706 1118 geschoben
737 1058 882 1118 wurden,
898 1058 954 1118 wie
976 1061 1006 1121 er
1028 1061 1058 1121 es
1084 1061 1187 1121 wollte

1229 1064 1334 1124 leben,
1360 1066 1390 1126 er
1416 1065 1482 1125 war
1513 1065 1563 1125 der
1589 1067 1670 1127 Poet
1696 1069 1781 1129 einer
1813 1070 2081 1130 genußfreudigen

2120 1073 2336 1133 verstorbenen
2401 1076 2819 1136 Burgtheatermitgliedern
2883 1081 2983 1141 zuteil

335 1100 617 1160 Familienmensch
668 1102 758 1162 durch
810 1102 872 1162 und
906 1103 1019 1163 durch,
1053 1106 1092 1166 an
1138 1106 1188 1166 den

1234 1109 1344 1169 Stadt,
1371 1109 1426 1169 der
1457 1109 1613 1169 liebevolle
1644 1112 1832 1172 Schilderer
1863 1112 1913 1172 der
1949 1115 2080 1175 Anmut

2116 1113 2227 1173 wird.

327 1139 451 1199 Seinen
484 1145 647 1205 hängend,
681 1145 762 1205 nahm
812 1145 855 1205 ihm
915 1145 958 1205 die
992 1148 1187 1208 Wirklichker

1229 1152 1485 1212 genießerischer,
1507 1154 1624 1214 schöner
1656 1155 1784 1215 Frauen
1817 1157 1875 1217 von
1908 1157 2003 1217 einst.

332 1184 383 1244 die
409 1187 538 1247 geliebte
564 1185 708 1245 Tochter.
745 1187 915 1247 Schweren
947 1190 1080 1250 Herzens
1112 1192 1179 1252 hatt

1319 1205 1388 1265 Das
1416 1204 1486 1264 süße
1514 1206 1626 1266 Mädel
1649 1204 1659 1264 —
1708 1205 1756 1265 die
1779 1207 1994 1267 Großmutter
2022 1210 2076 1270 von

2241 1214 2366 1274 „Zug
2415 1210 2502 1270 der
2542 1214 2834 1274 Schatten."

334 1228 363 1288 er
393 1228 434 1288 sie
458 1229 487 1289 in
523 1228 565 1288 die
595 1229 730 1289 Fremde
761 1231 855 1291 ziehen
891 1232 1003 1292 lassen.
1045 1233 1186 1293 Plötzlich

1233 1251 1323 1311 heute
1353 1250 1363 1310 —
1424 1249 1474 1309 tut
1505 1248 1580 1308 recht
1611 1251 1726 1311 daran,
1752 1251 1807 1311 dem
1853 1252 1984 1312 Freund
2024 1252 2079 1312 und

2176 1264 2243 1324 Der
2272 1267 2462 1327 literarische
2491 1267 2625 1327 Nachlaß
2665 1269 2716 1329 des
2750 1270 2912 1330 Dichters.

332 1268 399 1328 traf
420 1273 466 1333 ihn
513 1270 559 1330 die
586 1273 751 1333 Nachricht
788 1273 845 1333 vom
892 1274 954 1334 Tod
996 1275 1047 1335 der
1073 1276 1187 1336 jungen

1227 1294 1352 1354 Dichter
1393 1294 1479 1354 ihrer
1520 1297 1652 1357 Jugend
1692 1297 1783 1357 heiße
1819 1299 1950 1359 Tränen
1991 1297 2065 1357 nach

337 1315 444 1375 Frau.
483 1315 547 1375 Sie
580 1315 667 1375 hatte
705 1316 753 1376 sich
792 1315 883 1375 selbst
917 1318 970 1378 das
1009 1318 1100 1378 Leben
1144 1320 1181 1380 ge

2200 1317 2253 1377 Im
2300 1318 2430 1378 Nachlaß
2478 1318 2584 1378 Artur
2615 1320 2803 1380 Schnitzlers
2851 1318 2885 1378 ist

1230 1339 1419 1399 zuweinen.

331 1359 502 1419 nommen,
528 1357 695 1417 rätselhaft
726 1359 791 1419 war
827 1360 872 1420 ihr
904 1360 1055 1420 Geschick,
1081 1363 1121 1423 all
1151 1361 1191 1421 die

2114 1360 2408 1420 Schauspiel,
2466 1362 2591 1422 betitelt
2661 1367 2748 1427 „Zu

2858 1363 2974 1423 der

1400 1390 1567 1450 Alfred
1597 1390 2051 1450 Deutsch=German.

326 1400 435 1460 Kunst
472 1401 534 1461 und
566 1400 753 1460 Genialität
790 1403 842 1463 des
874 1404 983 1464 großen
1026 1404 1192 1464 Künstlers

2118 1401 2372 1461 Schatten".
2407 1402 2457 1462 Ob
2498 1402 2525 1462 es
2560 1406 2588 1466 zu
2628 1406 2713 1466 Ende
2758 1404 2888 1464 geführt
2928 1404 2978 1464 ist,

329 1443 444 1503 konnte
475 1443 530 1503 das
562 1445 753 1505 Geheimnis
785 1446 870 1506 nicht
896 1447 997 1507 lösen,
1028 1447 1078 1507 das
1114 1448 1194 1508 über

2111 1444 2195 1504 steht
2217 1446 2295 1506 nicht
2322 1446 2390 1506 fest.
2407 1446 2559 1506 Daneben
2592 1446 2644 1506 hat
2666 1450 2840 1510 Schnitzler
2867 1449 2892 1509 in
2925 1448 2977 1508 der

329 1485 424 1545 diesem
468 1487 552 1547 Tode
575 1487 638 1547 lag.
659 1488 739 1548 Jetzt
761 1489 818 1549 erst
841 1488 920 1548 brach
947 1489 979 1549 er
1001 1491 1197 1551 zusammen.

2111 1488 2213 1548 letzten
2256 1491 2327 1551 Zeit
2359 1491 2395 1551 an
2437 1490 2519 1550 einem
2571 1491 2742 1551 Roman
2794 1494 2979 1554 gearbeitet,

1248 1524 1399 1584 Keine
1445 1525 1634 1585 Parte,
1666 1525 1794 1585 keine
1841 1529 2067 1589 Kränze,

324 1527 430 1587 Lange
473 1530 552 1590 Zeit
585 1530 735 1590 grübelte
778 1530 825 1590 er,
863 1532 970 1592 wollte
1014 1532 1066 1592 der
1110 1532 1194 1592 Ver¬

2111 1531 2167 1591 der
2194 1533 2374 1593 vermutlich
2406 1533 2477 1593 aber
2509 1535 2571 1595 nur
2597 1535 2622 1595 in
2659 1536 2969 1596 Fragmenten

336 1572 496 1632 storbenen
527 1572 567 1632 ein
597 1575 789 1635 Mausoleum
830 1575 991 1635 errichten,
1011 1575 1062 1635 das
1087 1578 1197 1638 Grab¬

2112 1576 2273 1636 vorliegen
2301 1578 2417 1638 dürfte.
2434 1579 2479 1639 In
2512 1578 2556 1638 des
2584 1578 2723 1638 Dichters
2752 1579 2885 1639 Nachlaß
2913 1579 2973 1639 sind

1462 1581 1596 1641 keine
1639 1581 1846 1641 Reden.

329 1613 401 1673 mal
422 1613 505 1673 einer
526 1614 640 1674 großen
672 1616 776 1676 Liebe.
813 1616 853 1676 Es
880 1618 989 1678 gelang
1015 1619 1061 1679 ihm
1104 1619 1186 1679 nicht

2112 1619 2282 1679 zahlreiche
2316 1621 2607 1681 Aufzeichnungen,
2641 1621 2685 1681 die
2724 1622 2773 1682 sich
2812 1623 2844 1683 zu
2889 1622 2971 1682 einer

1384 1646 1485 1706 Artur
1509 1649 1700 1709 Schnitzlers
1724 1649 1926 1709 Testament.

327 1656 382 1716 der
416 1658 538 1718 Mensch
572 1659 683 1719 zwang
717 1658 767 1718 den
807 1661 951 1721 Dichter,
980 1663 1035 1723 von
1074 1662 1174 1722 seinem

2104 1664 2527 1724 Autobiographie
2590 1667 2713 1727 werden
2770 1667 2973 1727 zusammen¬

330 1700 502 1760 Vorhaben
535 1702 729 1762 abzulassen.

2112 1706 2200 1766 fügen
2240 1709 2378 1769 können.

1298 1709 1373 1769 Der
1440 1708 1510 1768 eine
1560 1709 1652 1769 Sohn
1718 1710 1826 1770 Artur
1876 1712 2071 1772 Schnitzlers

2197 1749 2366 1809 Schnitzler
2400 1750 2456 1810 hat
2480 1751 2564 1811 schon
2598 1751 2654 1811 vor
2689 1751 2812 1811 Jahren
2847 1751 2971 1811 Doktor

1226 1754 1367 1814 Henrich
1402 1754 1667 1814 Schnitzler,
1696 1751 1752 1811 der
1792 1754 1820 1814 in
1871 1757 1984 1817 Berlin
2030 1754 2080 1814 als

418 1751 479 1811 Als
514 1753 588 1813 Arzt
617 1754 758 1814 verstand
793 1754 821 1814 er
850 1754 901 1814 sich
935 1756 992 1816 auf
1015 1757 1191 1817 Krankheit

2115 1793 2217 1853 Franz
2239 1793 2384 1853 Horch,
2401 1793 2449 1853 den
2477 1796 2714 1856 Dramaturgen
2747 1795 2795 1855 der
2818 1795 2973 1855 Berliner

329 1793 388 1853 und
416 1793 572 1853 Sterben.
605 1794 669 1854 Nie
692 1796 729 1856 ist
751 1798 799 1858 der
822 1799 962 1859 Abschied
989 1799 1043 1859 vom
1081 1798 1178 1858 Leben
1212 1797 1449 1857 Schauspieler
1477 1797 1536 1857 und
1575 1798 1736 1858 Regisseur
1769 1799 1850 1859 tätig
1883 1799 1937 1859 ist,
1959 1799 1996 1859 ist
2024 1799 2083 1859 mit

2112 1834 2465 1894 Reinhardt=Bühnen,
2509 1837 2563 1897 der
2607 1837 2720 1897 früher
2771 1835 2797 1895 in
2841 1837 2971 1897 gleicher

337 1834 356 1894 so
387 1835 573 1895 künstlerisch
600 1838 781 1898 geschildert
802 1841 918 1901 worden
954 1840 1009 1900 wie
1035 1842 1085 1902 von
1116 1840 1166 1900 ihm

1234 1839 1324 1899 einer
1346 1840 1430 1900 Frau
1457 1840 1567 1900 gestern
1600 1840 1625 1900 in
1653 1840 1742 1900 Wien
1769 1842 2001 1902 eingetroffen.
2023 1843 2065 1903 Un

323 1874 378 1934 der
404 1878 429 1938 in
460 1878 556 1938 seinem
603 1881 750 1941 Schaffen
781 1882 806 1942 so
837 1882 882 1942 oft
903 1882 948 1942 die
974 1883 1187 1943 schwankende

2112 1879 2311 1939 Eigenschaft
2334 1879 2356 1939 im
2397 1880 2532 1940 Theater
2562 1879 2584 1939 in
2619 1881 2669 1941 der
2699 1880 2874 1940 Josefstadt
2898 1884 2970 1944 tätig

1218 1882 1269 1942 die
1295 1883 1501 1943 Mittagszeit
1523 1885 1630 1945 wurde
1657 1885 1683 1945 im
1725 1885 1848 1945 Beisein
1879 1888 1936 1948 von
1967 1888 2059 1948 Hofra

2112 1922 2194 1982 war,
2212 1924 2239 1984 zu
2273 1924 2367 1984 seinem
2407 1926 2734 1986 literarischen
2768 1925 2979 1985 Nachlaß¬

323 1921 437 1981 Brücke
464 1921 583 1981 betrat,
604 1921 645 1981 die
672 1923 729 1983 das
755 1927 911 1987 Diesseits
943 1926 994 1986 vom
1037 1927 1182 1987 Jenseits

1224 1930 1383 1990 Professor
1433 1930 1505 1990 Dr.
1528 1930 1648 1990 Julius
1693 1932 1964 1992 Schnitzler,
2009 1932 2063 1992 dem

329 1966 457 2026 trennt.
499 1966 571 2026 Nur
597 1967 794 2027 Nothnagel,
825 1969 876 2029 der
903 1969 995 2029 große
1021 1969 1098 2029 Arzt
1130 1969 1186 2029 und

1221 1969 1350 2029 Bruder
1373 1970 1423 2030 des
1446 1973 1660 2033 verstorbenen
1711 1975 1875 2035 Dichters,
1915 1974 1976 2034 und
2022 1971 2072 2031 der
2106 1966 2371 2026 verwalter
2417 1967 2597 2027 bestimmt.
2643 1969 2710 2029 Dr.
2750 1967 2850 2027 Horch
2908 1969 2974 2029 traf

2112 2011 2222 2071 gestern
2256 2008 2322 2068 hier
2350 2011 2416 2071 ein,
2439 2011 2472 2071 um
2517 2013 2566 2073 sich
2594 2014 2627 2074 an
2661 2014 2710 2074 die
2733 2014 2893 2074 Sichtung
2921 2013 2971 2073 des

329 2008 460 2068 Freund
493 2008 697 2068 Schnitzlers,
719 2008 771 2068 hat
798 2009 829 2069 es
861 2010 924 2070 noch
961 2011 1129 2071 vermocht,
1156 2012 1182 2072 in
1214 2014 1382 2074 Söhne
1404 2017 1540 2077 Heinrich
1567 2017 1625 2077 und
1652 2017 1735 2077 Karl
1752 2018 1809 2078 von
1836 2019 2067 2079 Rechtsanwal

323 2049 408 2109 einem
455 2049 540 2109 Essay
571 2050 621 2110 den
652 2052 809 2112 Lebenden
845 2052 885 2112 die
911 2053 1113 2113 Einfachheit
1134 2054 1169 2114 de

2109 2052 2282 2112 Nachlasses
2317 2054 2344 2114 zu
2378 2055 2518 2115 machen.

1217 2058 1285 2118 Dr.
1307 2058 1450 2118 Norbert
1467 2060 1717 2120 Hoffmann
1754 2061 1797 2121 die
1824 2063 2062 2123 Testaments

326 2088 484 2148 Sterbens
516 2091 537 2151 so
564 2094 680 2154 schlicht
702 2096 759 2156 und
786 2097 976 2157 sinngerecht
998 2097 1050 2157 vor
1072 2097 1177 2157 Augen
1210 2099 1483 2159 seröffnung
1516 2100 1785 2160 vorgenommen.

2111 2125 2440 2185 Gedenkfeier
2482 2127 2559 2187 bei
2599 2127 2756 2187 Radio
2796 2130 2969 2190 Wien.

324 2138 357 2198 zu
391 2133 519 2193 bringen

1302 2140 1374 2200 Das
1426 2145 1612 2205 Testament
1659 2148 1788 2208 enthält
1835 2145 1934 2205 neben
1991 2145 2058 2205 eine

409 2177 493 2237 Seit
536 2180 588 2240 dem
657 2178 742 2238 Tode
790 2180 889 2240 seiner
938 2181 1064 2241 Tochter
1118 2181 1186 2241 war

2252 2181 2350 2241 Ernst
2375 2184 2491 2244 Lothar
2522 2185 2589 2245 hält
2621 2187 2663 2247 die
2694 2187 2792 2247 Rede.

1215 2187 1318 2247 Reihe
1360 2185 1426 2245 rein
1473 2188 1654 2248 familiärer
1685 2190 1948 2250 Bestimmungen
1995 2186 2077 2246 Ver¬

323 2220 498 2280 Schnitzler
520 2220 668 2280 innerlich
695 2222 880 2282 gebrochen.
908 2222 987 2282 lebte
1014 2223 1072 2283 nur
1099 2224 1189 2284 mehr

1217 2229 1380 2289 füpungen
1412 2230 1538 2290 betreffs
1570 2231 1623 2291 des
1650 2231 1861 2291 literarischen
1898 2234 2072 2294 Nachlasses

2180 2232 2233 2292 Am
2275 2234 2447 2294 Sonntag,
2471 2236 2524 2296 den
2560 2236 2613 2296 25.
2637 2237 2684 2297 d.,
2720 2237 2803 2297 wird
2857 2237 2963 2297 Radio

324 2261 352 2321 in
381 2261 431 2321 der
455 2261 544 2321 Tiefe
568 2262 663 2322 seiner
692 2264 935 2324 Schöpfungen,
952 2266 1042 2326 spann
1071 2266 1121 2326 sich
1150 2267 1178 2327 in
1219 2269 1275 2329 des
1304 2273 1467 2333 Dichters,
1490 2273 1535 2333 die
1564 2273 1592 2333 in
1626 2273 1676 2333 den
1711 2275 1920 2335 wesenilichen
1954 2276 2067 2336 Einzel

2109 2278 2193 2338 Wien
2222 2279 2261 2339 um
2307 2279 2340 2339 13
2369 2279 2436 2339 Uhr
2459 2279 2492 2339 10
2527 2279 2589 2339 eine
2618 2280 2713 2340 Feier
2737 2282 2967 2342 veranstalten,

322 2305 379 2365 das
420 2303 615 2363 Geheimnis
656 2305 753 2365 seiner
794 2307 1029 2367 uverschöpflich
1076 2310 1191 2370 tiefen,
1215 2315 1318 2375 heiten
1353 2315 1445 2375 jedoch
1474 2318 1537 2378 erst
1561 2318 1658 2378 später
1688 2319 1923 2379 veröffentlicht
1952 2319 2068 2379 werden
2109 2321 2154 2381 die
2178 2321 2229 2381 dem
2270 2323 2431 2383 Gedenken
2460 2324 2649 2384 Schnetzlers
2679 2324 2811 2384 geweiht
2834 2324 2886 2384 ist.

320 2342 413 2402 reifen
450 2348 558 2408 Kunst
585 2346 652 2406 ein.
694 2348 834 2408 Fremde
866 2350 979 2410 Tragk
1011 2351 1125 2411 konnte
1157 2351 1182 2411 er

1218 2360 1332 2420 soll.n.
1353 2360 1409 2420 Ein
1441 2360 1586 2420 Nachsatz
1607 2360 1658 2420 zum
1700 2363 1887 2423 Testameni
1913 2363 2068 2423 behandel

2180 2360 2249 2420 Dr.
2271 2365 2366 2425 Ernst
2394 2368 2564 2428 Lothar
2591 2368 2666 2428 wird
2698 2368 2740 2428 die
2767 2369 2964 2429 Gedenkrede

317 2388 480 2448 ersinnen,
503 2390 556 2450 der
584 2388 633 2448 des
666 2392 851 2452 Schicksals,
874 2394 917 2454 die
945 2394 993 2454 sich
1027 2396 1184 2456 unerbitt¬

1212 2402 1265 2462 die
1292 2405 1518 2465 Verfügungen
1550 2405 1603 2465 des
1624 2408 1772 2468 Dichters
1809 2408 1983 2468 betreffend
2015 2407 2073 2467 seir

2105 2408 2228 2468 halten,
2251 2408 2304 2468 der
2337 2409 2407 2469 eine
2435 2411 2645 2471 Aufführung
2678 2412 2731 2472 von
2770 2414 2959 2474 Schnitzlers

317 2433 365 2493 lich
399 2431 431 2491 an
464 2432 513 2492 ihm
557 2434 699 2494 erfüllte,
716 2437 852 2497 entrann
880 2435 912 2495 er
935 2437 1016 2497 nicht

1219 2448 1701 2508 Leichenhegängnis.

1908 2450 2077 2510 Toten=
2100 2451 2275 2511 einaktigem
2315 2452 2411 2512 Spiel
2434 2452 2457 2512 in
2486 2454 2598 2514 Versen
2632 2457 2960 2517 „Paracelsus"

401 2482 523 2542 Wurde
561 2483 598 2543 er
642 2486 695 2546 des
744 2488 862 2548 bangen
911 2488 1034 2548 Lebens
1083 2488 1178 2548 müde

1216 2491 1366 2551 maske
1394 2491 1495 2551 wurde
1523 2491 1582 2551 vom
1620 2493 1847 2553 akademischen
1880 2495 1992 2555 Maler
2014 2493 2073 2553 Leo
2101 2494 2198 2554 unter
2252 2496 2305 2556 der
2360 2497 2581 2557 Spielleitung
2636 2496 2694 2556 von
2754 2499 2824 2559 Dr.
2873 2497 2959 2557 Hans

315 2527 444 2587 standen
483 2527 525 2587 die
558 2528 714 2588 Gestalten
753 2530 801 2590 der
834 2533 1093 2593 Vergangenheit
1126 2533 1179 2593 vor
1213 2536 1369 2596 Delitz
1402 2536 1650 2596 abgenommen.

2091 2539 2321 2599 Nüchtern
2403 2542 2501 2602 folgt.

2555 2542 2633 2602 Auch
2690 2542 2751 2602 das
2830 2542 2963 2602 Wiener

316 2571 399 2631 ihm,
420 2569 446 2629 so
478 2571 529 2631 daß
562 2570 592 2630 er
619 2572 660 2632 sie
687 2573 764 2633 nicht
791 2575 916 2635 bannen
948 2577 1073 2637 konnte,
1099 2575 1177 2635 dann

2095 2583 2451 2643 Symphonieorchester
2478 2586 2570 2646 unter
2592 2587 2643 2647 der
2664 2587 2793 2647 Leitung
2819 2587 2959 2647 Oswald

1410 2599 1594 2659 Begräbnig
1624 2602 1725 2662 letzter
1755 2602 1873 2662 Klasse.

320 2614 465 2674 flüchtete
491 2613 522 2673 er
553 2612 600 2672 ins
632 2616 725 2676 Reich
756 2616 808 2676 der
835 2617 954 2677 Musik.
1001 2617 1057 2677 Als
1089 2618 1177 2678 Sohn

2094 2626 2319 2686 Kabastas
2354 2629 2432 2689 wird
2461 2629 2500 2689 an
2540 2629 2591 2689 der
2620 2630 2709 2690 Feier
2767 2632 2964 2692 mitwirken.

1300 2648 1361 2708 Die
1412 2649 1539 2709 irdische
1590 2650 1684 2710 Hülle
1734 2651 1934 2711 Schnitzlers
1990 2649 2068 2709 wird

315 2653 401 2713 einer
435 2656 617 2716 berühmten
657 2656 815 2716 Pianistin
854 2659 935 2719 hatte
969 2658 997 2718 er
1032 2659 1089 2719 von
1128 2658 1180 2718 der

1214 2694 1368 2754 heute,
1391 2694 1534 2754 Freitag,
1552 2694 1601 2754 um
1646 2694 1728 2754 412
1762 2694 1851 2754 Uhr
1873 2694 2067 2754 vormittags

320 2697 449 2757 Mutter
475 2699 594 2759 Talent
615 2699 671 2759 und
703 2700 904 2760 Musikalität
921 2701 1045 2761 geerbt.
1071 2701 1174 2761 Neben

1214 2734 1273 2794 vom
1317 2736 1543 2796 Trauerhause
1574 2736 1602 2796 in
1643 2736 1696 2796 der
1746 2736 2065 2796 Sternwartestraße

312 2736 365 2796 den
399 2737 548 2797 Frauen,
573 2738 616 2798 die
651 2740 698 2800 ihn
733 2742 902 2802 zeitlebens
937 2745 1081 2805 huldvoll
1111 2743 1183 2803 um¬

1212 2779 1273 2839 auf
1300 2779 1346 2839 den
1383 2778 1673 2838 Zentralfriedhof,
1694 2780 1787 2840 erstes
1813 2780 1896 2840 Tor,
1917 2781 2062 2841 gebracht

321 2778 442 2838 gaben,
461 2778 554 2838 neben
588 2778 638 2838 der
662 2780 751 2840 Tiefe
775 2782 872 2842 seiner
900 2784 1003 2844 Kunst
1027 2784 1091 2844 war
1120 2786 1166 2846 ihm

323 2817 364 2877 die
395 2820 497 2880 Musik
521 2820 569 2880 die
594 2822 738 2882 heilvolle
763 2826 943 2886 Trösterin.
980 2826 1028 2886 Er
1053 2829 1179 2889 nannte
1216 2822 1281 2882 und
1312 2823 1366 2883 auf
1391 2823 1445 2883 dem
1488 2823 1704 2883 israelitischen
1735 2823 1891 2883 Friedhof
1916 2825 2072 2885 beigesetzt

1216 2865 1368 2925 werden.

323 2863 358 2923 sie
385 2861 467 2921 seine
493 2864 766 2924 Lieblinasmuse.
803 2867 880 2927 Die,
906 2867 947 2927 die
978 2867 1024 2927 ihn
1056 2870 1184 2930 hörten,

324 2904 465 2964 rühmten
500 2903 578 2963 seine
602 2909 810 2969 Phantasien,
828 2911 940 2971 priesen
975 2914 1019 2974 ihn
1048 2915 1099 2975 als
1122 2915 1172 2975 den

1297 2909 1364 2969 Von
1393 2909 1535 2969 Heinrich
1564 2910 1735 2970 Schnitzler
1764 2911 1900 2971 erhalten
1935 2910 1991 2970 wir
2020 2911 2065 2971 die

320 2948 437 3008 Parsen
471 2948 507 3008 am
551 2951 700 3011 Klavier.

1218 2954 1358 3014 folgende
1393 2954 1562 3014 Zuschrift:
1591 2956 1663 3016 „Ich
1698 2957 1816 3017 ersuche
1851 2954 1889 3014 um
1935 2956 2064 3016 freund¬

409 2993 459 3053 Es
505 2993 612 3053 gelang
665 2994 834 3054 Schnitzler
886 2996 982 3056 nicht,
1022 2997 1078 3057 das
1119 2996 1180 3056 Er¬

1209 2996 1296 3056 liche

1347 2999 1643 3059 Veröffentlichung
1712 2999 1768 3059 der
1837 2999 2055 3059 beifolaenden

318 3033 467 3093 rungene
505 3036 729 3096 festzuhalten.
762 3038 825 3098 Er,
858 3038 911 3098 der
949 3041 1082 3101 Kenner
1125 3041 1178 3101 des

1207 3041 1515 3101 letzwilligen
1548 3042 1910 3102 Verfügungen,
1938 3044 1980 3104 die
2013 3043 2061 3103 sich

323 3076 539 3136 menschlichen
572 3082 819 3142 Organismus,
841 3081 983 3141 verstand
1015 3083 1062 3143 das
1095 3083 1179 3143 Ver=
1217 3083 1243 3143 im
1280 3083 1412 3143 Nachlaß
1439 3083 1554 3143 meines
1576 3085 1692 3145 Vaters
1714 3085 1930 3145 vorgefunden
1957 3085 2067 3145 haben,

329 3121 468 3181 hängnis
499 3122 550 3182 des
582 3124 731 3184 Alterns,
758 3124 835 3184 nahm
882 3124 928 3184 die
960 3127 1176 3187 Abspannung

1211 3128 1274 3188 und
1309 3127 1388 3187 bette
1423 3128 1447 3188 im
1497 3129 1620 3189 Namen
1665 3129 1743 3189 aller
1778 3131 2059 3191 Hinterbliebenen

324 3165 373 3225 als
407 3165 633 3225 Begreifliches
672 3165 733 3225 mit
761 3168 832 3228 sich,
860 3169 905 3229 die
939 3169 1082 3229 Farben,
1116 3172 1176 3232 mit
1210 3172 1259 3232 die
1292 3172 1386 3232 ganze
1420 3172 1691 3232 Oeffentlichkeit,
1713 3175 1790 3235 diese
1824 3176 1973 3236 Wünsche
2006 3178 2061 3238 des

322 3208 415 3268 denen
472 3206 504 3266 er
556 3207 669 3267 malte,
717 3211 819 3271 waren
876 3213 960 3273 nicht
1008 3214 1097 3274 mehr

1214 3216 1410 3276 Verewigten
1439 3217 1467 3277 zu
1491 3214 1612 3274 achten.

323 3250 498 3310 leuchtend,
531 3250 573 3310 die
605 3254 769 3314 Figuren,
802 3252 844 3312 die
882 3253 913 3313 er
945 3256 1040 3316 schuf,
1068 3258 1168 3318 hatter

1332 3261 1616 3321 Bestimmungen,
1645 3261 1699 3321 die
1732 3261 1771 3321 ich
1809 3261 1880 3321 nach
1925 3264 2045 3324 meinem

322 3292 395 3352 statt
420 3292 464 3352 des
494 3294 689 3354 schillernden
719 3296 875 3356 Glanzes,
895 3297 987 3357 denen
1017 3298 1051 3358 er
1076 3301 1164 3361 ihnen

1242 3300 1378 3360 Ableben
1412 3305 1440 3365 zu
1469 3304 1599 3364 erfüllen
1633 3304 1729 3364 bitte:

323 3336 403 3396 einst
428 3336 579 3396 verleihen
610 3339 735 3399 konnte,
756 3339 821 3399 jetzt
841 3341 886 3401 die
912 3342 982 3402 tiefe
1008 3342 1163 3402 Weisheit

1330 3348 1493 3408 Herzst
1517 3349 1568 3409 ch.

316 3381 362 3441 die
389 3379 629 3439 Abgeklärtheit
650 3381 733 3441 ihres
765 3381 895 3441 Wissens
927 3386 989 3446 und
1015 3386 1161 3446 Wollens

1325 3393 1472 3453 Keine
1495 3396 1681 3456 Kränze

403 3423 561 3483 Schlicht,
604 3424 663 3484 fast
700 3426 917 3486 bedürfnislos
971 3430 996 3490 im
1060 3427 1160 3487 Leben

1336 3436 1477 3496 Keine
1501 3438 1660 3498 Parte!
1684 3441 1760 3501 Auch
1790 3441 1813 3501 in
1843 3441 1890 3501 der
1914 3440 2049 3500 Zeitung

329 3464 429 3524 vollte
461 3466 630 3526 Schnitzler
668 3469 736 3529 auch
774 3470 799 3530 im
853 3472 916 3532 Tod
948 3473 1032 3533 nicht
1065 3473 1144 3533 Anla

1248 3481 1337 3541 nicht

328 3512 347 3572 zu
383 3509 586 3569 irgendeiner
616 3512 913 3572 Prunkentfaltung
948 3518 1062 3578 geben.
1092 3518 1170 3578 Sein

1336 3523 1602 3583 Begräbnis
1639 3524 1799 3584 letzter
1835 3526 2018 3586 Klasse.

321 3551 412 3611 etzter
454 3552 551 3612 Wille
592 3557 766 3617 bekundete
807 3557 863 3617 das
899 3560 1048 3620 deutlich:
1089 3560 1150 3620 kein

1334 3569 1402 3629 Das
1456 3567 1545 3627 durch
1599 3569 1783 3629 Befolgung
1842 3569 1941 3629 dieser
1990 3565 2058 3625 Be¬

329 3596 453 3656 kränze,
505 3596 588 3656 keine
646 3600 770 3660 Reden,
822 3604 1009 3664 Begräbnis
1062 3606 1165 3666 letzter

1243 3614 1458 3674 stimmungen
1503 3614 1663 3674 erübrigte
1702 3613 1784 3673 Geld
1829 3616 1867 3676 ist
1901 3614 2056 3674 Spitals¬

326 3639 430 3699 klasse,
456 3640 669 3700 Widmungen
712 3643 763 3703 für
795 3647 1039 3707 Spitalszwecke

1243 3657 1368 3717 zwecken
1403 3653 1631 3713 zuzuwenden.

404 3682 464 3742 Ein
509 3685 619 3745 großer
658 3688 802 3748 Dichter,
836 3691 880 3751 ein
925 3691 1040 3751 großer
1079 3691 1156 3751 Arzt

1328 3698 1475 3758 Keine
1507 3700 1680 3760 Reden!

328 3724 351 3784 in
387 3724 503 3784 großer
533 3725 656 3785 Mensch

1328 3742 1545 3802 Vermeidung
1591 3745 1722 3805 allen
1773 3742 1925 3802 rituellen
1976 3741 2056 3801 Bei¬

400 3767 469 3827 Eng
507 3770 656 3830 begrenzt
694 3772 763 3832 war
800 3773 853 3833 sein
902 3777 1157 3837 Freundeskreis

1234 3786 1371 3846 werkes.
1392 3784 1648 3844 (Insbesondere
1679 3784 1944 3844 Leichenwächter
1965 3786 2046 3846 usw.

317 3808 359 3868 ast
393 3813 633 3873 ausnahmslos
676 3816 780 3876 waren
828 3817 860 3877 es
889 3819 936 3879 die
965 3821 1059 3881 Leute
1097 3820 1153 3880 vor

1316 3830 1471 3890 Keine
1492 3832 1668 3892 Trauer
1689 3831 1794 3891 tragen
1825 3831 1890 3891 nach
1916 3832 2036 3892 meinem

321 3854 398 3914 inst,
420 3856 466 3916 die
493 3859 523 3919 er
545 3859 612 3919 noch
644 3859 680 3919 um
722 3860 769 3920 sich
801 3861 868 3921 say.
884 3862 1160 3922 Hofmannsthals

1240 3875 1346 3935 Tode,
1364 3876 1488 3936 absolut
1512 3873 1611 3933 keine.

330 3897 383 3957 Lod
406 3900 606 3960 erschütterte
634 3900 677 3960 ihn
710 3902 780 3962 tief,
802 3905 861 3965 mit
883 3904 1084 3964 Schönherr,
1101 3906 1154 3966 den

1570 3927 1723 3987 Artur
1745 3927 2016 3987 Schnitzler.

320 3942 350 4002 ym
400 3943 603 4003 verwandten
639 3943 743 4003 Geist,
768 3948 932 4008 verwoben
967 3949 1016 4009 ihn
1052 3949 1165 4009 innige

1285 3982 1364 4042 (Die
1390 3981 1451 4041 hier
1482 3981 1606 4041 gesperr
1643 3981 1815 4041 gedruckten
1853 3981 1964 4041 Worte
1989 3981 2050 4041 sind

330 3987 438 4047 lande.
461 3988 531 4048 Und
565 3989 624 4049 just
646 3990 760 4050 gestern
799 3993 870 4053 früh
903 3993 1017 4053 erhielt
1039 3993 1159 4053 Dokton

1199 4023 1223 4083 in
1256 4026 1305 4086 der
1332 4029 1532 4089 Handschrift
1558 4027 1728 4087 gleichfalls
1754 4026 2011 4086 unterstrichen.)

325 4030 390 4090 darl
415 4032 599 4092 Schönherr
624 4035 683 4095 mit
707 4035 755 4095 der
780 4038 874 4098 ersten
905 4038 982 4098 Post
1007 4038 1048 4098 ein
1078 4038 1161 4098 Buch
