3344 4384
108 282 144 342 n
183 279 221 339 in
260 281 422 341 vierzig

2134 366 2211 426 AUS
2239 363 2438 423 SAMISCH,
2444 360 2648 420 SCHWARZEN

2141 410 2243 470 ODER
2275 407 2445 467 BRAUNEM
2477 404 2636 464 BOXCALF

107 418 243 478 Oktober.
271 416 401 476 (DNB.)

106 470 129 530 se
166 467 202 527 am
251 462 305 522 15.
330 461 360 521 d.
391 465 445 525 M.

2712 465 2777 525 .

601 470 627 530 R

105 516 162 576 gte
214 509 443 569 Südamerika¬

109 561 177 621 Der
206 557 446 617 Dornier=Wal,

521 596 582 656 Dus
605 598 635 658 ist
658 598 698 658 das
721 598 951 658 Hermes=Plalat
963 599 993 659 in
1016 597 1057 657 der
1080 596 1290 656 Straßenbahn,
1312 592 1353 652 das
1375 590 1479 650 sowohl
1491 590 1574 650 wegen
1597 587 1649 647 der
1672 587 1828 647 Schönheit
1851 584 1892 644 der
1914 584 2092 644 angebotenen
2125 585 2230 645 Schuhe
2263 585 2304 645 wie
2326 584 2388 644 auch
2421 584 2430 644 —
2474 584 2525 644 rein
2547 580 2715 640 künftlerisch
2737 576 2746 636 —

105 609 227 669 rreichte
257 605 368 665 bereits
392 608 426 668 am

1146 634 1235 694 wegen
1272 634 1316 694 des
1344 628 1568 688 geschmackvollen
1596 628 1748 688 Entwurfs
1776 625 1829 685 viel
1848 627 1982 687 Aufsehen
2010 625 2108 685 erregt
2127 625 2170 685 hat

96 655 274 715 Brasilien.

1692 832 2276 892 Schnihter.

144 843 347 903 sun,
412 840 794 900 dahren
899 837 1153 897 stard
1257 835 1587 895 Artar

1024 898 1089 958 Von

483 975 1090 1035 Universitätsprofessor
1125 974 1215 1034 Dr.
1233 972 1432 1032 Eduard
1466 969 1665 1029 Castle.

473 1049 532 1109 wir
575 1047 724 1107 feststellen
761 1045 772 1105 —
833 1047 899 1107 was
935 1047 1091 1107 übrigens
1134 1046 1211 1106 schon
1260 1043 1307 1103 die
1350 1041 1470 1101 ältesten
1518 1041 1650 1101 Kritiker
1687 1039 1776 1099 sogar
1819 1036 1878 1096 erst
1915 1036 2035 1096 fünfzig
2077 1035 2179 1095 Jahre
2228 1032 2293 1092 nach
2342 1029 2437 1089 seinem
2498 1028 2581 1088 Tode
2630 1025 2858 1085 veröffentlicht

110 1047 134 1107 8
160 1047 242 1107 Jahr
269 1047 318 1107 vor
344 1044 435 1104 seinem

104 1087 149 1147 her
180 1085 261 1145 1931,
292 1084 358 1144 einem
404 1084 434 1144 an

475 1095 717 1155 hervorgehoben
756 1093 847 1153 haben
885 1091 939 1151 —,
961 1091 1020 1151 daß
1053 1092 1085 1152 er
1118 1092 1177 1152 nur
1210 1091 1290 1151 einen
1329 1089 1442 1149 kleinen
1480 1088 1658 1148 Ausschnitt
1691 1084 1815 1144 werden
1843 1084 1950 1144 dürfe?

95 1127 150 1187 Den
185 1125 224 1185 jäh
258 1123 337 1183 durch
365 1120 438 1180 einen

2019 1139 2214 1199 Komödie
2247 1138 2311 1198 des
2351 1136 2526 1196 Lebens.

471 1147 524 1207 der
557 1142 681 1202 Wiener
714 1140 908 1200 Gesellschaft
936 1139 1093 1199 schildert,
1142 1140 1196 1200 daß
1234 1139 1358 1199 Anatol
1386 1136 1445 1196 und
1478 1134 1532 1194 der
1565 1135 1656 1195 junge

145 1163 225 1223 frühe
269 1160 328 1220 Tod
367 1157 447 1217 einer

473 1190 650 1250 Medardus
687 1189 772 1249 nicht
798 1187 968 1247 schlechthin
1006 1187 1085 1247 der
1116 1187 1263 1247 Wiener,
1306 1185 1361 1245 das
1398 1185 1483 1245 „süße
1521 1182 1636 1242 Mädel

1788 1195 1836 1255 In
1864 1194 1911 1254 der
1940 1194 2002 1254 Tat
2023 1193 2078 1253 übt
2099 1193 2223 1253 manche
2252 1190 2347 1250 seiner
2369 1188 2589 1248 Erzählungen
2625 1184 2707 1244 einen
2736 1181 2859 1241 Zauber

106 1204 146 1264 s
171 1202 252 1262 Ende
284 1199 430 1259 vorhereite

2262 1237 2331 1297 Vor
2361 1237 2407 1297 ein
2442 1237 2523 1297 paar
2553 1234 2675 1294 Jahren
2711 1229 2768 1289 fiel
2798 1229 2861 1289 mir

474 1238 554 1298 nicht
575 1238 748 1298 schlechthin
782 1235 849 1295 die
876 1235 1029 1295 Wienerin
1064 1235 1117 1295 ist.

1681 1247 1768 1307 aus,
1791 1245 1841 1305 dem
1886 1244 1952 1304 man
1989 1241 2062 1301 gern
2099 1238 2229 1298 erliegt.

1687 1294 1743 1354 auf
1767 1292 1811 1352 der
1840 1290 1924 1350 Reise
1953 1288 2015 1348 nach
2044 1287 2190 1347 längerer
2219 1286 2287 1346 Zeit
2310 1284 2422 1344 wieder
2451 1283 2552 1343 „Frau
2582 1277 2677 1337 Berta
2712 1275 2852 1335 Garlan“

141 1299 199 1359 der
216 1295 249 1355 er
275 1296 443 1356 angehörte,

604 1318 684 1378 Die
710 1317 913 1377 Menschen
946 1316 961 1376 —
1020 1315 1288 1375 komplizierte
1322 1312 1525 1372 Subjekte.

1688 1345 1715 1405 in
1752 1342 1801 1402 die
1824 1342 1951 1402 Hände.
1975 1339 2031 1399 Ich
2060 1336 2167 1396 konnte
2196 1336 2267 1396 mich
2297 1335 2353 1395 gar
2383 1330 2460 1390 nicht
2490 1329 2640 1389 losreißen
2677 1323 2733 1383 von
2769 1321 2861 1381 dieser

106 1348 136 1408 sen
176 1348 423 1408 dahingegangen

2303 1382 2358 1442 mit
2403 1378 2458 1438 der
2503 1374 2695 1434 schlichtesten
2746 1369 2870 1429 Selbst¬

579 1378 748 1438 Schnitzler
789 1376 967 1436 beschäftigt
1015 1375 1068 1435 sich
1108 1378 1177 1438 fäst
1217 1374 1333 1434 immer
1373 1372 1434 1432 nur
1482 1369 1543 1429 mit
1583 1369 1644 1429 dem

2298 1426 2581 1486 verständlichkeit,
2593 1422 2649 1482 mit
2666 1420 2717 1480 der
2740 1419 2852 1479 engsten

473 1427 679 1487 Individuum
730 1426 786 1486 und
824 1426 923 1486 seiner
956 1426 1174 1486 Psychologie.
1219 1421 1343 1481 „Sollte
1375 1419 1406 1479 es
1438 1420 1543 1480 Ihnen
1588 1417 1656 1477 noch

2300 1472 2607 1532 Wirklichkeitsnähe
2664 1465 2726 1525 und
2784 1464 2869 1524 kräf¬

473 1475 556 1535 nicht
587 1474 773 1534 aufgefallen
809 1473 905 1533 sein,"
936 1472 1019 1532 heißt
1050 1472 1085 1532 es
1122 1471 1145 1531 in
1182 1469 1266 1529 einem
1321 1465 1416 1525 seiner
1447 1466 1663 1526 Schauspiele,

2306 1523 2407 1583 tigsten
2476 1515 2744 1575 Durchleuchtung
2813 1512 2863 1572 des

476 1525 562 1585 „was
591 1521 642 1581 für
666 1521 880 1581 komplizierte
903 1518 1053 1578 Subjekte
1077 1518 1134 1578 wir
1164 1518 1319 1578 Menschen
1348 1514 1377 1574 im
1412 1514 1544 1574 Grunde
1574 1513 1660 1573 sind?

2307 1566 2477 1626 Problems
2508 1563 2660 1623 erzählten
2704 1560 2868 1620 Geschichte

473 1571 526 1631 So
557 1569 652 1629 vieles
689 1569 743 1629 hat
773 1569 905 1629 zugleich
942 1568 1031 1628 Raum
1080 1566 1110 1626 in
1146 1566 1230 1626 uns!
1279 1563 1368 1623 Liebe
1399 1562 1459 1622 und
1495 1560 1579 1620 Trug

1021 1614 1186 1674 Anbetung
1221 1612 1272 1672 für
1307 1608 1353 1668 die
1382 1609 1450 1669 eine
1485 1608 1542 1668 und
1577 1607 1662 1667 Ver¬

2304 1615 2358 1675 des
2426 1611 2587 1671 Wahnes,
2643 1608 2698 1668 der
2760 1608 2859 1668 letzten

471 1618 579 1678 Treue
612 1616 672 1676 und
705 1614 933 1674 Treulosigkeit
961 1611 976 1671 -

2304 1662 2448 1722 Schauer
2492 1658 2722 1718 verlangender
2765 1653 2871 1713 Weib¬

477 1665 586 1725 langen
626 1665 691 1725 nach
725 1665 807 1725 einer
835 1662 962 1722 anderen
1001 1662 1072 1722 oder
1100 1662 1171 1722 nach
1205 1659 1381 1719 mehreren.
1404 1658 1469 1718 Wir
1498 1656 1652 1716 versuchen

2305 1710 2441 1770 lichkeit;
2470 1706 2509 1766 ich
2549 1705 2627 1765 ward
2668 1702 2775 1762 erfüllt
2804 1701 2859 1761 von

465 1713 565 1773 wohl
589 1713 748 1773 Ordnung
778 1712 807 1772 in
843 1710 902 1770 uns
938 1710 967 1770 zu
1003 1711 1145 1771 schaffen,
1169 1710 1198 1770 so
1228 1707 1287 1767 gut
1311 1704 1340 1764 es
1370 1705 1458 1765 geht,
1483 1704 1553 1764 aber
1589 1703 1665 1763 diese

2309 1754 2554 1814 Bewunderung
2596 1750 2648 1810 für
2689 1750 2735 1810 die
2771 1748 2875 1808 Kunst

473 1763 634 1823 Ordnung
667 1760 703 1820 ist
729 1760 792 1820 doch
824 1757 886 1817 nur
911 1757 1011 1817 etwas
1037 1756 1249 1816 Künstliches;
1269 1754 1324 1814 das
1357 1751 1532 1811 Natürliche
1558 1751 1569 1811 —
1626 1749 1663 1809 ist

2301 1803 2356 1863 der
2391 1802 2626 1862 Komposition,
2649 1799 2699 1859 die
2727 1796 2872 1856 Klarheit

478 1810 534 1870 das
569 1808 750 1868 Chaos...
774 1808 829 1868 Die
865 1805 954 1865 Seele
989 1805 1023 1865 ist
1057 1805 1102 1865 ein
1137 1803 1244 1863 weites
1279 1799 1391 1859 Land."

2302 1852 2353 1912 der
2405 1850 2571 1910 Sprache,
2612 1847 2663 1907 die
2715 1844 2876 1904 Zartheit,

588 1865 689 1925 Dieses
732 1862 822 1922 weite
865 1862 948 1922 Land
991 1862 1177 1922 planmäßig
1220 1863 1255 1923 zu
1298 1859 1484 1919 erforschen,
1515 1856 1665 1916 überläßt

2306 1899 2368 1959 mit
2410 1895 2461 1955 der
2508 1895 2767 1955 Verfänglichstes
2814 1892 2871 1952 aus

476 1916 648 1976 Schnitzler
678 1912 897 1972 Theoretikern
933 1910 990 1970 wie
1019 1908 1140 1968 Freud.
1164 1910 1210 1970 Er
1239 1908 1279 1968 ist
1309 1907 1354 1967 der
1390 1904 1545 1964 praktische
1575 1906 1672 1966 Arzt,

2305 1945 2360 2005 dem
2428 1942 2578 2002 seelischen
2629 1942 2689 2002 und
2746 1939 2873 1999 körper¬

476 1962 535 2022 der
584 1962 637 2022 ihm
703 1957 979 2017 unterkommende
1012 1957 1233 2017 „interessante
1267 1954 1368 2014 Fälle"
1401 1951 1552 2011 sammelt
1602 1950 1660 2010 und

2314 1992 2401 2052 lichen
2440 1990 2528 2050 Leben
2568 1988 2617 2048 des
2645 1987 2766 2047 Weibes
2800 1986 2871 2046 dar¬

478 2010 661 2070 beschreibt,
685 2008 881 2068 gelegentlich
916 2005 973 2065 mit
1003 2004 1100 2064 etwas
1135 2003 1268 2063 Zweifel
1297 2002 1331 2062 an
1372 1999 1464 2059 seiner
1493 1998 1660 2058 ärztlichen

2498 2038 2551 2098 ist.
2624 2035 2684 2095 Ein
2775 2032 2876 2092 Welt¬

2315 2040 2432 2100 gestellt

476 2057 594 2117 Kunst,
621 2056 815 2116 gelegentlich
848 2053 906 2113 mit
934 2050 1019 2110 einer
1052 2050 1170 2110 leichten
1203 2050 1337 2110 Ironie,
1365 2049 1434 2109 aber
1467 2046 1574 2106 immer
1607 2044 1666 2104 mit

2311 2086 2668 2146 anschauungsmärchen
2709 2083 2765 2143 wie
2794 2083 2873 2143 „Die

477 2109 533 2169 der
562 2105 726 2165 gebotenen
767 2101 919 2161 Nachsicht
948 2100 1011 2160 und
1045 2098 1153 2158 Milde
1182 2097 1232 2157 des
1267 2097 1403 2157 Urteils.
1449 2096 1493 2156 Im
1540 2093 1669 2153 Mittel¬

2306 2134 2462 2194 dreifache
2510 2131 2701 2191 Warnung"
2754 2131 2875 2191 erfreut

480 2155 582 2215 punkt
610 2152 707 2212 seiner
740 2149 1000 2209 Beobachtungen
1038 2146 1113 2206 steht
1146 2144 1206 2204 das
1239 2143 1379 2203 erotische
1412 2140 1585 2200 Problem,
1613 2140 1666 2200 das

2313 2181 2437 2241 Kenner
2481 2178 2540 2238 und
2585 2178 2741 2238 Genießer
2785 2178 2872 2238 durch

489 2199 593 2259 Wissen
627 2199 698 2259 oder
726 2196 868 2256 vielmehr
897 2195 1084 2255 Nichtwissen
1123 2193 1156 2253 um
1195 2190 1283 2250 Liebe
1317 2190 1371 2250 und
1399 2190 1542 2250 Frauen.
1565 2188 1669 2248 Dabei

2315 2229 2398 2289 einen
2444 2226 2612 2286 wahrhaft
2645 2226 2871 2286 Voltaireschen

482 2250 521 2310 ist
550 2249 600 2309 ihm
652 2247 719 2307 aber
754 2244 822 2304 jene
851 2241 1031 2301 Dämonie,
1077 2241 1138 2301 mit
1179 2238 1235 2298 der
1281 2237 1325 2297 ein
1372 2236 1581 2296 Strindberg,
1621 2236 1665 2296 ein

1732 2268 1830 2328 Marie
1854 2265 1999 2325 Hofteufel
2017 2262 2110 2322 spielte
2134 2262 2180 2322 die
2198 2262 2273 2322 Erna

2315 2277 2443 2337 Esprit.

149 2279 273 2339 Echniger

484 2295 649 2355 Wedekind
693 2292 720 2352 in
771 2289 821 2349 die
865 2289 992 2349 inneren
1037 2287 1208 2347 Abgründe
1242 2284 1523 2344 hineinzuleuchten
1563 2283 1678 2343 suchte,

1732 2307 1760 2367 in
1817 2306 1868 2366 der
1919 2303 2163 2363 Erstaufführung
2220 2301 2270 2361 von

2396 2322 2580 2382 Schnitzlers
2643 2319 2864 2379 Thesenstücken

102 2326 259 2386 Aufnahme
285 2325 339 2385 aus
364 2322 402 2382 dem

489 2345 687 2405 vollkommen
721 2340 836 2400 fremd.
864 2337 969 2397 Nichts
1002 2337 1079 2397 liegt
1107 2337 1156 2397 dem
1201 2334 1322 2394 älteren
1356 2333 1521 2393 Schnitzler
1555 2331 1659 2391 ferner

1827 2347 1909 2407 „Das
1945 2343 2027 2403 weite
2057 2343 2174 2403 Land".

108 2368 158 2428 fre.
168 2364 263 2424 1894).

2314 2370 2431 2430 schadet
2450 2370 2598 2430 vielleicht
2618 2370 2642 2430 in
2673 2370 2722 2430 der
2741 2369 2877 2429 Zukunft

482 2390 533 2450 als
591 2389 643 2449 die
701 2387 822 2447 Moral
874 2384 932 2444 der
990 2381 1192 2441 Gesellschaft
1250 2380 1411 2440 kritisieren
1475 2378 1550 2438 oder
1608 2378 1648 2438 ga

99 2443 135 2503 t
154 2442 196 2502 ist
215 2441 276 2501 wie
301 2440 343 2500 die
368 2439 453 2499 land=
485 2436 754 2496 revolutionieren
804 2434 834 2494 zu
878 2432 1006 2492 wollen.
1050 2429 1154 2489 Seine
1185 2429 1295 2489 Helden
1333 2429 1393 2489 sind
1425 2428 1675 2488 Einzelgänger,
1701 2425 1817 2485 gerade
1848 2423 1921 2483 das,
1959 2421 2025 2481 was
2069 2420 2106 2480 sie
2149 2419 2308 2479 seinerzeit
2345 2417 2467 2477 aktuell
2493 2418 2621 2478 machte;
2671 2415 2744 2475 aber
2775 2415 2872 2475 seinen

114 2490 337 2550 leichtsinnigen
367 2487 452 2547 fran=
482 2487 573 2547 ihrem
620 2483 763 2543 sittlichen
799 2481 971 2541 Charakter
1006 2478 1074 2538 nach
1115 2477 1276 2537 Egoisten,
1305 2477 1408 2537 häufig
1443 2474 1524 2534 ohne
1553 2471 1679 2531 Beruf,
1703 2471 2008 2531 Problemdramen,
2031 2468 2059 2528 in
2095 2466 2192 2526 denen
2233 2465 2261 2525 er
2296 2465 2359 2525 „die
2394 2463 2543 2523 Komödie
2572 2462 2623 2522 der
2659 2462 2802 2522 Worte",
2831 2464 2877 2524 die

110 2543 205 2603 zosen
237 2537 364 2597 bilden.
371 2536 447 2596 Nach
486 2536 568 2596 ohne
595 2533 811 2593 Bindungen,
831 2530 914 2590 zwar
946 2527 977 2587 in
1010 2526 1067 2586 der
1093 2522 1304 2582 Gesellschaft,
1330 2522 1399 2582 aber
1432 2522 1514 2582 nicht
1540 2522 1591 2582 für
1623 2521 1667 2581 die
1700 2519 1859 2579 Komödie
1886 2519 1930 2579 des
1962 2516 2096 2576 Lebens,
2115 2514 2153 2574 sei
2179 2513 2210 2573 es
2237 2513 2274 2573 an
2301 2513 2454 2573 scheinbar
2480 2512 2543 2572 frei
2569 2511 2626 2571 und
2652 2510 2728 2570 kühn
2761 2507 2881 2567 einher¬

740 2576 935 2636 Gesellschaft
977 2573 1107 2633 lebend,
1144 2573 1202 2633 wie
1250 2570 1415 2630 Schnitzler

1285 2617 1416 2677 sozialen

1006 2621 1059 2681 für
1147 2617 1200 2677 die

739 2623 925 2683 überhaupt

740 2670 990 2730 Erscheinungen
1041 2668 1103 2728 und
1149 2667 1274 2727 Fragen
1326 2662 1422 2722 seiner

740 2721 817 2781 Zeit
841 2716 893 2776 das
924 2716 1036 2776 Organ
1066 2714 1125 2774 fast
1150 2714 1226 2774 ganz
1256 2716 1285 2776 zu
1321 2711 1415 2771 fehlen

746 2766 872 2826 scheint.
926 2762 991 2822 Und
1059 2761 1272 2821 ebensowenig
1327 2758 1426 2818 greift

744 2809 773 2869 er
816 2808 895 2868 über
932 2809 991 2869 den
1040 2809 1155 2869 Bezirk
1192 2806 1246 2866 des
1289 2806 1428 2866 Erfahr¬

748 2856 840 2916 baren
882 2853 939 2913 und
976 2855 1197 2915 Erkennbaren
1239 2850 1353 2910 hinaus
1395 2851 1420 2911 in

742 2901 791 2961 den
836 2901 960 2961 Bereich
1001 2901 1055 2961 des
1091 2898 1344 2958 Irrationalen,
1374 2895 1423 2955 des

748 2949 962 3009 Kosmischen,
1021 2947 1079 3007 des
1149 2943 1432 3003 Metaphysischen.

751 2997 866 3057 Heftete
914 2994 965 3054 ihm
1030 2994 1058 3054 in
1105 2994 1203 3054 seinen
1256 2991 1418 3051 Anfängen

747 3043 909 3103 Hermann
964 3041 1061 3101 Bahr
1111 3038 1169 3098 das
1225 3033 1322 3093 Wort
1371 3035 1419 3095 des

753 3088 936 3148 geistreichen
975 3089 1152 3149 Franzosen
1192 3084 1252 3144 an:
1286 3083 1352 3143 „II.
1364 3080 1424 3140 sait

739 3137 813 3197 tous
845 3134 886 3194 les
919 3134 1057 3194 sentiers
1090 3131 1126 3191 du
1168 3128 1274 3188 coeur,
1302 3130 1329 3190 il
1357 3128 1421 3188 n'en

752 3183 877 3243 connaît
919 3183 973 3243 pas
1014 3182 1044 3242 le
1075 3179 1171 3239 grand
1206 3177 1423 3237 chemin“,e

747 3234 875 3294 urteilte
912 3230 954 3290 ein
997 3230 1163 3290 moderner
1200 3227 1408 3287 Expressionis

746 3281 884 3341 Kasimir
912 3277 1088 3337 Edschmid,
1111 3277 1182 3337 über
1210 3272 1287 3332 seine
1315 3273 1409 3333 Kunst

747 3332 833 3392 „Sie
863 3325 991 3385 rätselt,
1026 3326 1060 3386 sie
1108 3325 1142 3385 ist
1183 3320 1328 3380 geistreich
1370 3322 1398 3382 un

748 3379 837 3439 klug,
873 3376 1074 3436 umschreibt,
1111 3370 1181 3430 aber
1224 3370 1312 3430 trifft
1349 3372 1407 3432 nich

749 3427 800 3487 bis
829 3424 867 3484 an
902 3421 997 3481 Gott.

864 3469 966 3529 Beder
1018 3469 1068 3529 als
1122 3468 1203 3528 Arzt
1255 3466 1326 3526 noch
1370 3464 1430 3524 als

2473 3501 2653 3561 Galafrès,

1675 3507 1770 3567 Paula
1799 3507 1923 3567 Müller,

753 3521 875 3581 Dichter
925 3517 1102 3577 vermochte
1153 3513 1318 3573 Schnitzler
1369 3513 1418 3573 den

282 3522 397 3582 Hedwig
430 3522 538 3582 Reinau

2217 3546 2261 3606 die
2294 3546 2358 3606 erste
2391 3540 2570 3600 Darstellerin
2609 3534 2653 3594 der
2686 3537 2769 3597 Mitzi
2796 3539 2821 3599 in

1501 3547 1544 3607 die
1573 3546 1681 3606 Bianca
1720 3546 1741 3606 in
1780 3546 1823 3606 der
1857 3546 2004 3606 Premiere
2032 3545 2080 3605 von

190 3567 258 3627 erste
288 3564 419 3624 Gabriele
449 3561 471 3621 in
507 3559 720 3619 „Weihnachts=
755 3566 980 3626 Positivismus
1021 3565 1049 3625 zu
1085 3564 1292 3624 verleugnen,
1316 3561 1367 3621 der
1402 3561 1425 3621 in

2375 3582 2536 3642 „Komtesse
2559 3579 2674 3639 Mitzi".

1702 3585 1884 3645 „Episode".

344 3600 502 3660 einkäufe".

755 3616 854 3676 seiner
888 3614 1087 3674 Jugendzeit
1126 3612 1209 3672 gang
1260 3610 1320 3670 und
1360 3609 1431 3669 gäbe

1713 3654 1908 3714 schreitenden
1944 3654 2116 3714 Menschen,
2140 3655 2180 3715 sei
2203 3653 2231 3713 es
2261 3651 2295 3711 an
2330 3651 2491 3711 possierlich
2521 3646 2704 3706 zappelnden
2734 3642 2883 3702 Hampel¬

113 3678 176 3738 ker:
215 3676 303 3736 „Das
342 3669 386 3729 ist
412 3669 469 3729 das
509 3669 591 3729 war.
636 3666 738 3726 Einer
764 3663 865 3723 seiner
899 3660 1045 3720 Freunde
1077 3657 1236 3717 berichtet,
1281 3657 1332 3717 daß
1371 3657 1403 3717 er
1435 3657 1505 3717 kurz
1537 3655 1594 3715 vor
1633 3654 1683 3714 des

498 3715 645 3775 Dichters
677 3710 808 3770 Ableben
840 3710 898 3770 mit
920 3708 966 3768 ihm
1009 3705 1077 3765 eine
1104 3704 1193 3764 halbe
1220 3704 1341 3764 Stunde
1373 3704 1425 3764 vom
1467 3704 1677 3764 Spiritismus
1715 3701 1888 3761 männern,
1926 3701 1993 3761 bald
2031 3700 2141 3760 heiter,
2179 3698 2247 3758 bald
2284 3697 2462 3757 sarkastisch,
2500 3692 2568 3752 bald
2600 3691 2742 3751 tragisch,
2769 3690 2889 3750 dartut,

139 3725 206 3785 eine
237 3722 341 3782 Welt,
366 3717 408 3777 die

96 3776 135 3836 hr
164 3773 208 3833 die
231 3768 338 3828 unsere
361 3762 371 3822 —
417 3763 467 3823 das
502 3764 681 3824 gesprochen
710 3759 800 3819 habe,
817 3757 873 3817 von
902 3755 952 3815 der
975 3755 1166 3815 Wiederkehr
1195 3752 1256 3812 nach
1285 3752 1335 3812 dem
1375 3753 1476 3813 Tode.
1494 3752 1679 3812 „Schnitzler
1714 3749 1831 3809 werden
1866 3749 2101 3809 nachdenkliche,
2125 3748 2287 3808 skeptische,
2305 3745 2445 3805 ironische
2474 3742 2558 3802 Leser
2581 3740 2687 3800 immer
2716 3740 2884 3800 Geschmadh

1708 3795 1938 3855 abgewinnen.

105 3820 164 3880 sung
187 3817 264 3877 stark
281 3814 480 3874 beeinflußte,
502 3812 602 3872 zeigte
641 3809 739 3869 dieser
779 3806 872 3866 Lehre
912 3804 1088 3864 gegenüber
1127 3800 1176 3860 die
1216 3800 1309 3860 tiefste
1349 3800 1470 3860 Skepsis
1515 3799 1575 3859 und
1620 3798 1680 3858 doch

1809 3842 1907 3902 Unter
1934 3842 1983 3902 den
2017 3842 2146 3902 engeren
2180 3842 2425 3902 Altersgenossen
2458 3838 2490 3898 ist
2518 3836 2605 3896 neben
2639 3833 2802 3893 Schnitzler
2830 3832 2883 3892 der

509 3857 622 3917 wieder
653 3856 719 3916 eine
751 3853 818 3913 Art
849 3851 1102 3911 Sehnsucht...“
1138 3848 1225 3908 Nicht
1257 3848 1483 3908 problematisch
1520 3845 1586 3905 war
1623 3845 1669 3905 ihn

106 3868 255 3928 erhalten
309 3863 367 3923 und
400 3857 479 3917 jenes

509 3906 580 3966 aber
617 3903 667 3963 der
699 3901 827 3961 Glaube
859 3900 894 3960 an
931 3898 976 3958 die
1008 3896 1166 3956 dauernde
1203 3895 1336 3955 Geltung
1373 3896 1464 3956 seines
1501 3894 1686 3954 Schaffens;
1717 3893 1747 3953 im
1789 3890 1912 3950 gleichen
1944 3893 2046 3953 Jahre
2072 3891 2200 3951 geborne
2232 3887 2370 3947 Gerhart
2391 3885 2596 3945 Hauptmann
2628 3880 2653 3940 zu
2684 3880 2802 3940 stellen:
2828 3878 2884 3938 nur

107 3916 160 3976 inst
182 3916 235 3976 für
264 3913 303 3973 die
332 3909 473 3969 Nachwel

1712 3939 1760 3999 ihr
1793 3937 1890 3997 beider
1918 3937 2004 3997 Werk
2026 3936 2080 3996 hat
2102 3936 2155 3996 den
2189 3937 2291 3997 Wert,
2313 3936 2339 3996 zu
2367 3931 2508 3991 bleiben,
2530 3928 2583 3988 und
2616 3929 2687 3989 kann
2720 3928 2811 3988 daher
2838 3928 2881 3988 als

504 3955 568 4015 wie
601 3952 681 4012 hätte
714 3952 746 4012 er
774 3947 854 4007 sonst
881 3946 908 4006 in
947 3946 1043 4006 seinem
1092 3944 1189 4004 letzten
1227 3943 1335 4003 Willen
1373 3941 1513 4001 verfügen
1557 3938 1691 3998 können,

101 4020 158 4080 scht
181 4009 375 4069 verkleinert,
398 4005 477 4065 wenn
507 4003 564 4063 daß
608 4003 644 4063 ein
681 4000 753 4060 Teil
790 3998 890 4058 seines
928 3996 1108 4056 Nachlasses
1152 3996 1268 4056 dreißig
1305 3994 1421 4054 Jahre,
1458 3991 1501 4051 ein
1552 3990 1682 4050 anderer
1712 3987 1892 4047 bleibender
1922 3986 2008 4046 Wert
2031 3987 2059 4047 in
2089 3986 2248 4046 Anspruch
2278 3982 2458 4042 genommen
2488 3979 2625 4039 werden.
