3392 4384
287 407 769 467 Schnitzler
839 411 877 471 s
947 412 1173 472 Deatl

1391 410 1519 470 box
1597 416 1833 476 43/20

1107 943 1825 1003 OBSERVER

1193 1010 1219 1070 I.
1232 1008 1359 1068 österr.
1368 1002 1521 1062 behördl.
1534 993 1835 1053 konzessioniertes

1151 1050 1383 1110 Unternehmen
1418 1044 1465 1104 für
1491 1035 1874 1095 Zeitungs-Ausschnitte

1204 1109 1354 1169 WIEN,
1381 1105 1427 1165 I.,
1461 1100 1743 1160 WOLLZEILE
1790 1094 1835 1154 11

1300 1157 1521 1217 TELEPHON
1558 1148 1733 1208 R-23-0-43

1114 1306 1337 1366 Ausschnitt
1365 1300 1453 1360 aus:

1029 1507 1453 1567 Veorgolar
1514 1496 2115 1556 orelbodnten

1222 1830 1552 1890 Författaren
1608 1835 1767 1895 Artur

1499 1943 1802 2003 Schnitzler
1869 1945 1998 2005 död.

1260 2038 1374 2098 Artur
1400 2041 1612 2101 Schnitzler
1639 2044 1737 2104 avled
1764 2044 1779 2104 i
1800 2046 1893 2106 Wien
1925 2045 1981 2105 vid

1099 2087 1339 2147 7-tiden
1364 2092 1409 2152 på
1434 2095 1789 2155 onsdagsaftonen.
1815 2097 1889 2157 När
1915 2098 1989 2158 för-

1210 2140 1370 2200 fattaren
1401 2141 1441 2201 på
1477 2143 1779 2203 eftermiddagen
1810 2146 1991 2206 återvän¬

196 2155 1009 2215 OBSERVERe

1202 2190 1241 2250 de
1266 2190 1350 2250 frân
1375 2190 1409 2250 en
1439 2193 1665 2253 promenad,
1686 2196 1887 2256 drabbades
1912 2197 1981 2257 han

281 2208 303 2268 I.
317 2208 441 2268 österr.
451 2215 602 2275 behördl.
616 2220 919 2280 konzessioniertes

1204 2239 1250 2299 av
1282 2241 1494 2301 slaganfall
1510 2242 1572 2302 och
1609 2244 1712 2304 avled
1739 2247 1826 2307 utan
1858 2247 1914 2307 att
1941 2248 1982 2308 ha

231 2250 465 2310 Unternehmen
497 2255 545 2315 für
572 2262 963 2322 Zeitungs-Ausschnitte

1206 2292 1377 2352 âterfâtt
1413 2295 1714 2355 medvetandet.

290 2313 432 2373 WIEN,
460 2317 508 2377 I.,
535 2322 821 2382 WOLLZEILE
871 2329 910 2389 11

381 2367 598 2427 TELEPHON
630 2372 805 2432 R-23-0-43

1261 2431 1469 2491 Schnitzler
1502 2432 1566 2492 var
1595 2432 1682 2492 född
1715 2433 1726 2493 i
1753 2434 1851 2494 Wien
1885 2437 1999 2497 1862.

1206 2479 1284 2539 Han
1315 2481 1521 2541 studerade
1557 2484 1714 2544 medicin
1744 2486 1803 2546 och
1838 2486 1990 2546 promo¬

1206 2531 1355 2591 verades
1392 2530 1480 2590 1885
1517 2531 1578 2591 till
1606 2534 1708 2594 med.
1730 2536 1864 2596 doktor
1896 2537 1978 2597 men

335 2549 475 2609 enn
541 2533 747 2593 diros
787 2521 1133 2581 Mameee

1204 2582 1348 2642 ägnade
1379 2582 1431 2642 sig
1462 2585 1570 2645 snart
1597 2585 1839 2645 uteslutande
1866 2587 1901 2647 ât
1928 2588 1989 2648 lit¬

1200 2629 1414 2689 teraturen.
1497 2632 1578 2692 Han
1620 2635 1855 2695 debuterade
1892 2635 1983 2695 1893

1207 2680 1278 2740 med
1313 2680 1350 2740 en
1384 2681 1480 2741 serie
1509 2683 1715 2743 enaktare,
1735 2686 1893 2746 Anatol,
1918 2686 1974 2746 och

1198 2731 1305 2791 skrev
1339 2731 1456 2791 sedan
1495 2734 1553 2794 ett
1582 2734 1684 2794 stort
1714 2734 1826 2794 antal
1850 2734 1986 2794 skâde¬

1199 2782 1278 2842 spel
1304 2781 1364 2841 och
1404 2782 1604 2842 komedier
1634 2785 1738 2845 samt
1769 2785 1804 2845 en
1844 2785 1978 2845 mängd

1203 2829 1384 2889 noveller.
1405 2832 1510 2892 Flera
1536 2832 1581 2892 av
1607 2832 1702 2892 hans
1729 2834 1980 2894 teaterpjäser

213 2835 514 2895 WASIISUTON

1202 2882 1237 2942 ha
1275 2883 1457 2943 uppförts
1484 2883 1578 2943 även
1610 2883 1625 2943 i
1652 2883 1735 2943 vårt
1762 2883 1866 2943 land.

204 2886 357 2946 Federal
384 2886 532 2946 Reserve
565 2883 740 2943 bankerna
772 2883 782 2943 i
804 2882 925 2942 Phila¬

1246 2931 1463 2991 Schnitzler
1525 2932 1595 2992 var
1636 2933 1794 2993 wienare
1835 2935 1986 2995 alltige¬

166 2940 393 3000 delphigoch
427 2937 490 2997 S:t
519 2935 627 2995 Louis
673 2937 717 2997 ha
752 2938 831 2998 höjt
860 2934 922 2994 sitt

1204 2982 1304 3042 nom,
1325 2982 1385 3042 och
1416 2982 1431 3042 i
1452 2982 1547 3042 hans
1573 2985 1856 3045 författarskap
1882 2984 1982 3044 âter-

158 2991 319 3051 diskpnto
351 2989 413 3049 till
433 2988 482 3048 3,5
514 2988 619 3048 proc.

1202 3032 1262 3092 ges
1288 3029 1378 3089 både
1409 3032 1469 3092 den
1506 3032 1733 3092 särwienska
1769 3035 1956 3095 stämning

1203 3080 1231 3140 en
1266 3081 1323 3141 och
1353 3081 1415 3141 för
1440 3083 1570 3143 staden
1600 3080 1657 3140 och
1692 3083 1773 3143 dess
1798 3084 1981 3144 invânare

162 3131 531 3191 Författaren
590 3128 911 3188 Schnitzler

1202 3131 1519 3191 karakteristiska
1555 3131 1708 3191 kretsar
1728 3134 1782 3194 och
1818 3137 1985 3197 kynnen.

1200 3181 1275 3241 Han
1311 3182 1382 3242 har
1413 3183 1474 3243 som
1525 3185 1717 3245 knappast
1749 3185 1866 3245 nâgon
1902 3186 1982 3246 fôre

457 3216 594 3276 död.

1200 3233 1317 3293 honom
1372 3233 1538 3293 skildrat
1573 3233 1636 3293 den
1681 3234 1773 3294 unge
1813 3236 1974 3296 wienske

1201 3283 1565 3343 levnadsnjutaren,
1590 3283 1649 3343 som
1704 3283 1787 3343 vars
1822 3283 1974 3343 motbild

1202 3332 1268 3392 han
1305 3333 1435 3393 ställer
1466 3334 1533 3394 den
1570 3332 1689 3392 blida,
1710 3336 1974 3396 anspräkslösa

216 3348 326 3408 WIEN
365 3349 423 3409 den
453 3349 512 3409 21.
535 3347 645 3407 (TT.)

1199 3379 1331 3439 flickan
1390 3382 1438 3442 av
1497 3382 1555 3442 läg
1594 3382 1982 3442 samhällsställning.

206 3409 434 3469 Författaren
472 3406 606 3466 Arthur
638 3403 836 3463 Schnitzler
867 3399 929 3459 av-

1199 3433 1312 3493 Kring
1349 3433 1426 3493 sina
1463 3433 1665 3493 personer,
1692 3433 1811 3493 vilkas
1842 3436 1977 3496 replik-

159 3466 200 3526 led
237 3467 277 3527 på
309 3466 614 3526 onsdagsaftonen
651 3463 692 3523 av
724 3462 925 3522 slaganfall

1192 3482 1331 3542 skiften
1362 3483 1421 3543 äro
1452 3483 1790 3543 beundransvärda
1820 3485 1830 3545 i
1850 3483 1979 3543 bland-

154 3522 191 3582 69
224 3524 261 3584 år
289 3524 460 3584 gammal.

1198 3533 1331 3593 ningen
1366 3531 1410 3591 av
1450 3533 1514 3593 vek
1554 3533 1648 3593 lyrik
1693 3534 1746 3594 och
1786 3535 1978 3595 hänsyns-

1198 3582 1247 3642 lös
1283 3582 1455 3642 realism,
1481 3585 1547 3645 göt
1578 3582 1617 3642 S.
1643 3584 1678 3644 en
1714 3585 1902 3645 atmosfär
1932 3585 1977 3645 av

200 3633 381 3693 Schnitzler
405 3632 461 3692 var
484 3630 554 3690 född
583 3628 596 3688 i
616 3627 699 3687 Wien
732 3627 830 3687 1862.
849 3627 914 3687 Han

1198 3630 1273 3690 fint
1324 3633 1566 3693 nyanserade
1622 3636 1804 3696 dämpade
1835 3636 1985 3696 färger.

154 3675 279 3735 ägnade
309 3675 354 3735 sig
384 3672 472 3732 först
523 3672 555 3732 åt
581 3669 920 3729 läkarevetenskapen

1187 3682 1251 3742 Som
1307 3682 1402 3742 hans
1437 3684 1542 3744 mest
1577 3684 1727 3744 typiska
1763 3686 1848 3746 form
1904 3686 1973 3746 kan

156 3713 208 3773 och
245 3714 313 3774 blev
342 3715 431 3775 med.
456 3711 577 3771 doktor
606 3710 707 3770 1885,
732 3708 800 3768 men
834 3707 930 3767 över-

1197 3731 1276 3791 man
1314 3733 1402 3793 anse
1440 3731 1505 3791 den
1543 3734 1819 3794 dialogiserade
1853 3734 1978 3794 novel¬

156 3758 218 3818 gick
256 3755 348 3815 snart
403 3755 457 3815 till
482 3751 721 3811 skönlitterärt
751 3748 926 3808 författar-

1201 3782 1276 3842 len.
1299 3782 1444 3842 Läkare
1478 3782 1537 3842 till
1565 3784 1613 3844 sin
1651 3785 1884 3845 utbildning,
1907 3785 1976 3845 har

160 3797 247 3857 skap,
273 3796 331 3856 där
361 3794 419 3854 han
449 3793 591 3853 framför
642 3791 704 3851 allt
730 3791 843 3851 gjorde
873 3791 918 3851 sig

1196 3833 1261 3893 han
1302 3831 1418 3891 gärna
1459 3833 1611 3893 nyttjat
1647 3830 1864 3890 suggestion
1905 3834 1965 3894 och

152 3838 232 3898 känd
265 3839 321 3899 som
367 3836 399 3896 en
436 3834 658 3894 framstäende
691 3830 922 3890 teaterförfat-

157 3878 240 3938 tare.
286 3878 328 3938 En
386 3875 445 3935 hel
470 3875 524 3935 rad
558 3874 595 3934 av
629 3874 708 3934 hans
742 3872 850 3932 pjäser
884 3869 917 3929 ha

1202 3884 1319 3944 dylika
1353 3884 1529 3944 fenomen
1565 3887 1622 3947 som
1674 3884 1816 3944 motiv.

156 3919 252 3979 givits
281 3919 317 3979 på
350 3916 593 3976 stockholmska
625 3910 755 3970 scener.
779 3910 928 3970 Schnltz-

156 3958 203 4018 ler
227 3957 281 4017 var
309 3955 340 4015 en
368 3956 469 4016 typisk
501 3954 642 4014 wienare
666 3952 716 4012 och
748 3952 802 4012 han
834 3950 889 4010 har
913 3951 924 4011 i

1175 3971 1721 4031 AARAARRRAR

157 3998 217 4058 sina
248 3997 431 4057 skädespel
458 3994 522 4054 med
558 3992 723 4052 förkärlek
780 3991 928 4051 skildrat

156 4039 210 4099 den
239 4037 331 4097 glada
356 4033 593 4093 lvsnjutaren,
611 4031 748 4091 stundom
790 4030 852 4090 med
882 4030 915 4090 en

164 4078 317 4138 stämning
356 4076 394 4136 av
424 4075 606 4135 frivolitet,
635 4072 822 4132 desillusion
861 4072 913 4132 och

157 4120 295 4180 vemod.

2098 555 2386 615 n
2617 544 3094 604 menniler

2378 749 2663 809 198

2265 1020 2585 1080 Forfattaren
2629 1021 2703 1081 A.
2737 1020 3025 1080 Schnitzler

2519 1138 2768 1198 avliden.

2285 1271 2504 1331 Slaganfall
2525 1271 2645 1331 under
2677 1274 2713 1334 en
2745 1275 2949 1335 promenad
2986 1276 2995 1336 i

2582 1330 2709 1390 Wien.

2298 2323 2446 2383 Arthur
2494 2325 2713 2385 Schnitzler
2743 2325 2843 2385 avled
2879 2325 2890 2385 i
2921 2325 3020 2385 Wien

2251 2374 2299 2434 vid
2332 2372 2467 2432 7-tiden
2500 2372 2543 2432 pâ
2570 2372 2922 2432 onsdagsaftonen.
2972 2375 3020 2435 Dà

2247 2420 2475 2480 författaren
2513 2422 2549 2482 på
2588 2421 2890 2481 eftermiddagen
2928 2422 3028 2482 âter¬

2249 2471 2364 2531 vände
2389 2470 2469 2530 frân
2500 2470 2534 2530 en
2565 2471 2791 2531 promenad,
2807 2472 3017 2532 drabbades

2244 2519 2310 2579 han
2342 2519 2378 2579 av
2404 2519 2616 2579 slaganfall
2632 2519 2689 2579 och
2721 2522 2819 2582 avled
2851 2522 2938 2582 utan
2965 2522 3021 2582 att

2246 2569 2287 2629 ha
2318 2568 2484 2628 återfått
2515 2570 2806 2630 medvetandet.
2853 2570 3029 2630 Schnitz¬

2244 2615 2292 2675 ler
2325 2617 2438 2677 skulle
2472 2617 2487 2677 i
2509 2618 2595 2678 maj
2623 2620 2731 2680 nästą
2764 2621 2806 2681 år
2834 2620 2877 2680 ha
2915 2620 3023 2680 blivit

2237 2663 2281 2723 70
2315 2665 2358 2725 àr
2387 2666 2574 2726 gammal.

2847 2672 2896 2732 23

2298 2722 2338 2782 En
2374 2725 2723 2785 fullblodswienare
2753 2728 2816 2788 går
2846 2725 2921 2785 med
2957 2726 3026 2786 Ar-

2243 2773 2332 2833 thur
2360 2773 2565 2833 Schnitzler
2593 2776 2634 2836 ur
2656 2776 2777 2836 tiden.
2821 2778 3021 2838 Knappast

2242 2822 2361 2882 någon
2398 2823 2465 2883 har
2496 2820 2552 2880 väl
2579 2823 2636 2883 som
2688 2823 2755 2883 han
2792 2823 2927 2883 träffat
2953 2823 3014 2883 den

2246 2868 2402 2928 wienska
2463 2871 2720 2931 karaktären,
2766 2871 2923 2931 stadens
2954 2872 3014 2932 och

2242 2919 2554 2979 människornas,
2580 2920 2661 2980 med
2696 2920 2777 2980 dess
2813 2922 3014 2982 blandning

2235 2967 2276 3027 av
2308 2967 2422 3027 lyrisk
2459 2968 2620 3028 vekhet,
2642 2968 2845 3028 lättsinnig
2882 2973 3022 3033 melan-

2247 3015 2335 3075 koli,
2353 3018 2530 3078 klokhet,
2548 3018 2670 3078 gratie
2698 3018 2759 3078 och
2793 3018 2965 3078 livslust.

2237 3065 2291 3125 sin
2327 3065 2408 3125 form
2460 3065 2525 3125 var
2555 3068 2626 3128 han
2667 3068 2799 3128 kräsen
2835 3068 2895 3128 och
2936 3068 3021 3128 nog¬

2246 3114 2404 3174 raknad,
2426 3117 2574 3177 typiskt
2595 3116 2637 3176 är
2664 3114 2722 3174 att
2743 3116 2812 3176 han
2839 3116 3018 3176 lyckades

2236 3161 2328 3221 bäst
2354 3163 2365 3223 i
2386 3164 2452 3224 den
2505 3164 2784 3224 dialogiserade
2836 3165 3027 3225 novellen,

2243 3212 2299 3272 som
2372 3213 2578 3273 smidigast
2610 3215 2780 3275 ansluter
2807 3215 2859 3275 sig
2895 3212 2957 3272 till
2978 3214 3019 3274 de

2237 3259 2369 3319 ämnen
2427 3262 2496 3322 han
2549 3262 2739 3322 skildrar.
2782 3262 2860 3322 Han
2898 3264 3014 3324 kunde

2246 3312 2280 3372 pä
2341 3310 2488 3370 samma
2549 3313 2645 3373 gäng
2686 3313 2767 3373 vara
2808 3311 3015 3371 romantisk

2241 3361 2661 3421 stämningsmänniska
2692 3361 2754 3421 och
2791 3361 3018 3421 hänsynslös

2241 3409 2390 3469 realist,
2437 3409 2504 3469 han
2541 3410 2721 3470 förenade
2758 3409 2819 3469 det
2846 3412 3016 3472 graciösa

2241 3456 2302 3516 och
2334 3456 2400 3516 det
2427 3457 2607 3517 cyniska.
2650 3457 2727 3517 Två
2758 3459 3027 3519 människoty-

2243 3508 2302 3568 per
2328 3507 2409 3567 från
2440 3507 2500 3567 den
2531 3507 2784 3567 österrikiska
2815 3507 3026 3567 huvudsta-

2246 3555 2302 3615 den
2339 3556 2379 3616 ha
2406 3555 2483 3615 fått
2509 3558 2544 3618 en
2576 3555 2735 3615 särskilt
2762 3555 3024 3615 framträdan-

2237 3606 2279 3666 de
2332 3606 2433 3666 plats
2466 3606 2476 3666 i
2503 3606 2598 3666 hans
2652 3603 2827 3663 diktning
2864 3606 2922 3666 och
2960 3606 3023 3666 äro

2240 3654 2472 3714 oupplösligt
2499 3654 2709 3714 förbundna
2742 3654 2815 3714 med
2847 3652 3021 3712 Schnitz-

2239 3698 2312 3758 lers
2362 3701 2495 3761 namn.
2540 3701 2618 3761 Den
2649 3704 2713 3764 ena
2748 3703 2782 3763 är
2812 3701 2875 3761 den
2911 3703 3028 3763 unga,

2234 3746 2339 3806 enkla
2397 3749 2766 3809 storstadsflickan,
2790 3752 2876 3812 "das
2910 3751 3015 3811 süsse

2239 3792 2404 3852 Mdel",
2446 3794 2510 3854 som
2582 3797 2672 3857 utan
2728 3798 2894 3858 ansprâk
2930 3797 3015 3857 eller

2235 3839 2333 3899 stora
2366 3842 2422 3902 ord
2455 3845 2643 3905 hängiver
2672 3845 2747 3905 sig.
2794 3845 2869 3905 Dn
2902 3845 3015 3905 andra

2230 3890 2271 3950 r
2305 3888 2369 3948 den
2408 3890 2505 3950 rike,
2529 3890 2674 3950 bildade
2712 3890 2922 3950 wienaren,
2946 3890 3006 3950 den

2239 3935 2503 3995 melankoliskt
2537 3937 2724 3997 lättsinne
2758 3937 2835 3997 men
2879 3939 3013 3999 reflek-

2236 3983 2389 4043 terande
2419 3982 2750 4042 livskonstnaren.

2280 4042 2494 4102 Schnitzler
2540 4042 2749 4102 studerade
2802 4043 2905 4103 först
2958 4043 3016 4103 till

2237 4090 2362 4150 läkare
2384 4092 2460 4152 men
2493 4093 2562 4153 slog
2596 4094 2644 4154 sig
2677 4093 2785 4153 snart
2808 4095 2846 4155 på
2873 4093 3019 4153 förfat¬

2235 4140 2388 4200 tarskap
2415 4138 2473 4198 och
2501 4140 2733 4200 debuterade
2755 4140 2792 4200 àr
2819 4140 2904 4200 1893
2931 4140 3010 4200 med

2231 4185 2266 4245 en
2324 4185 2422 4245 serie
2454 4188 2661 4248 enaktare,
2682 4188 2889 4248 "Anatol",
2915 4191 3008 4251 vilka

2233 4236 2354 4296 kunna
2392 4236 2502 4296 sägas
2534 4236 2618 4296 vara
2656 4239 2809 4299 typiska
2841 4236 2904 4296 för
2931 4236 3015 4296 för-

2234 4284 2424 4344 fattaren.
2451 4287 2498 4347 Av
2531 4281 2657 4341 övriga
2690 4285 2912 4345 skâdespel,
2934 4287 2991 4347 som
