3392 4352
202 303 321 363 12.
382 305 970 365 Schnitzler's
1041 306 1269 366 Death

1496 303 1619 363 box
1695 306 1876 366 44/2

486 741 1204 801 OBSERVER

569 819 595 879 1.
617 818 733 878 österr.
751 816 898 876 behördl.
920 808 1205 868 konzessioniertes

539 858 768 918 Unternehmen
800 855 843 915 für
866 850 1233 910 Zeitungs-Ausschnitte

590 915 736 975 WIEN,
757 918 803 978 I.,
831 914 1111 974 WOLLZEILE

680 966 896 1026 TELEPHON
929 960 1104 1020 R-23-0-43

477 1115 709 1175 Ausschnitt
737 1111 808 1171 aus

662 1265 993 1325 H.IEKII

485 1342 598 1402 vom:

831 1435 892 1495 23
938 1425 1071 1485 OKT.
1090 1416 1196 1476 1931

416 1696 620 1756 Letztes
674 1694 982 1754 Gespräch
1034 1684 1147 1744 mit
1190 1677 1281 1737 dem
1364 1669 1600 1729 Dichter

2056 1816 2813 1876 Burgtheaters

1212 1851 1432 1911 itzler
1495 1838 1716 1898 über
1801 1839 1919 1899 dir

485 1873 811 1933 Aethuer

1330 1943 1383 2003 das
1410 1942 1490 2002 jeden
1518 1937 1610 1997 neuen
1637 1932 1798 1992 Gedanken
1825 1929 1879 1989 und
1907 1927 1971 1987 jede
1993 1924 2062 1984 neue
2091 1918 2165 1978 Form
2231 1912 2354 1972 theater
2376 1907 2424 1967 die
2446 1905 2537 1965 guten
2570 1899 2802 1959 Möglichkeiten
2835 1893 2883 1953 der
2911 1891 3093 1951 Gestaltung

2236 1957 2294 2017 und
2331 1954 2449 2014 werden
2491 1948 2573 2008 diese
2603 1946 2833 2006 Möglichkeiten
2875 1938 2940 1998 auch
2976 1936 3005 1996 in
3047 1936 3099 1996 der

493 1963 553 2023 Der
581 1962 641 2022 Tod
676 1960 791 2020 Arthur
819 1954 1008 2014 Schnitzlers
1037 1950 1097 2010 löst
1118 1948 1172 2008 das
1200 1944 1280 2004 Ver¬

1334 1987 1392 2047 mit
1437 1983 1520 2043 einer
1550 1977 1873 2037 Liebenswürdigkeit
1898 1969 2100 2029 verarbeitet,
2144 1963 2192 2023 die

418 2007 566 2067 sprechen,
591 2005 628 2065 um
672 2003 729 2063 das
758 2001 792 2061 er
816 2001 888 2061 bat,
907 1998 955 2058 als
984 1995 1017 2055 er
1047 1993 1070 2053 in
1105 1991 1156 2051 den
1191 1989 1277 2049 ersten

2236 2001 2379 2061 Zukunft
2405 1996 2528 2056 finden.

1335 2031 1573 2091 wahrscheinlich
1627 2025 1707 2085 nicht
1734 2022 1845 2082 immer
1893 2015 2079 2075 zeitgemäß,
2122 2010 2196 2070 aber

2314 2047 2381 2107 Das
2412 2043 2495 2103 sind,
2522 2040 2578 2100 wie
2605 2034 2666 2094 Sie
2693 2034 2796 2094 sehen,
2823 2029 2973 2089 eigentlich
3005 2025 3103 2085 nichts

412 2052 517 2112 Tagen
573 2049 628 2109 der
658 2045 951 2105 Burgtheaterkrise
1007 2037 1087 2097 seine
1123 2034 1278 2094 Meinung

1337 2077 1446 2137 immer
1474 2075 1552 2135 schön
1590 2073 1636 2133 ist.

2235 2093 2364 2153 anderes
2413 2086 2465 2146 als
2494 2084 2681 2144 persöneiche
2706 2076 2897 2136 Meinungen
2951 2073 3013 2133 und
3042 2066 3104 2126 Be¬

409 2094 483 2154 über
513 2094 621 2154 Wesen
661 2092 720 2152 und
755 2088 899 2148 Zukunft
944 2083 993 2143 des
1048 2081 1279 2141 Burgtheaters

1410 2122 1463 2182 Ist
1490 2118 1558 2178 aber
1585 2115 1680 2175 Kunst
1702 2112 1818 2172 immer
1840 2108 2031 2168 zeitgemäß?
2063 2102 2110 2162 In
2143 2100 2190 2160 den

2234 2137 2462 2197 gründungen.
2497 2130 2606 2190 Gewiß
2646 2127 2735 2187 innig
2775 2122 2874 2182 damit
2904 2116 3106 2176 zusammen¬

410 2139 535 2199 abgab;
560 2138 595 2198 er
626 2136 731 2196 wollte
761 2133 841 2193 nicht
873 2130 897 2190 in
938 2130 988 2190 der
1018 2124 1194 2184 Diskussion
1235 2121 1284 2181 für

1334 2168 1476 2228 Jahren,
1502 2164 1546 2224 als
1581 2161 1620 2221 ich
1655 2159 1728 2219 jung
1764 2158 1827 2218 war
1858 2153 1916 2213 und
1951 2149 2114 2209 deswegen
2149 2142 2197 2202 be¬

2240 2183 2395 2243 hängend,
2426 2179 2478 2239 daß
2520 2176 2561 2236 ein
2598 2174 2712 2234 großer
2743 2169 2816 2229 Teil
2842 2168 2940 2228 seines
2977 2161 3101 2221 Werkes

416 2181 487 2241 oder
516 2181 607 2241 gegen
641 2180 693 2240 den
727 2179 861 2239 Bestand
895 2173 947 2233 des
976 2169 1206 2229 Burgtheaters
1240 2162 1292 2222 ge¬

1340 2213 1455 2273 kämpft
1486 2210 1612 2270 wurde,
1643 2205 1718 2265 weil
1749 2202 1809 2262 ich,
1835 2200 1895 2260 wie
1931 2197 1976 2257 die
2012 2192 2203 2252 Unverstän¬

2247 2228 2266 2288 im
2322 2226 2535 2286 Burgtheater
2570 2219 2625 2279 aus
2666 2216 2717 2276 der
2748 2213 2874 2273 Schrift
2904 2207 2954 2267 ins
2991 2206 3101 2266 Atmen

418 2225 521 2285 nannt
546 2225 624 2285 sein,
649 2225 727 2285 nicht
752 2223 810 2283 nur
840 2220 899 2280 aus
934 2216 982 2276 der
1008 2215 1130 2275 Sorge,
1150 2212 1198 2272 sich
1233 2207 1291 2267 mit

1340 2261 1425 2321 digen
1461 2255 1581 2315 sagten,
1607 2252 1657 2312 die
1688 2248 1873 2308 „Krankbeit
1904 2243 1949 2303 als
1985 2240 2050 2300 eine
2081 2234 2201 2294 Bedin¬

2249 2273 2389 2333 übersetzt
2414 2270 2534 2330 wurde.
2565 2264 2735 2324 Deswegen
2771 2258 2841 2318 bitte
2867 2257 2906 2317 ich
2932 2255 3007 2315 Sie,
3027 2252 3107 2312 diese

419 2270 513 2330 seinem
555 2268 649 2328 Wort
670 2267 720 2327 der
746 2267 831 2327 Liebe
857 2264 917 2324 und
947 2258 1128 2318 Verehrung
1159 2255 1204 2315 für
1235 2252 1284 2312 das

1339 2306 1439 2366 gung"
1475 2303 1499 2363 in
1535 2299 1635 2359 meine
1666 2294 1862 2354 dramatische
1893 2290 2003 2350 Arbeit
2034 2282 2205 2342 einführte,

419 2314 629 2374 Burgtheater
659 2312 689 2372 zu
725 2311 930 2371 exponieren,
951 2300 1080 2360 sondern
1111 2300 1171 2360 aus
1201 2297 1286 2357 jener

2251 2318 2442 2378 Meinungen
2486 2314 2548 2374 und
2582 2307 2841 2367 Begründungen
2881 2300 2961 2360 nicht
2991 2297 3024 2357 an
3068 2294 3115 2354 die

1338 2350 1382 2410 die
1417 2345 1585 2405 „wirkliche
1615 2341 1674 2401 und
1710 2338 1832 2398 härtere
1863 2334 2010 2394 Klarheit
2036 2330 2085 2390 der
2120 2327 2193 2387 deut

417 2357 624 2417 bescheidenen
661 2354 899 2414 Behutsamkeit
930 2346 1066 2406 heraus,
1093 2341 1153 2401 mit
1184 2341 1234 2401 der
1265 2338 1300 2398 er

2249 2364 2491 2424 Oeffentlichkeit
2517 2359 2547 2419 zu
2583 2354 2695 2414 geben,
2715 2352 2750 2412 da
2781 2348 2811 2408 es
2842 2346 2958 2406 klingen
2994 2341 3115 2401 könnte,

1345 2396 1414 2456 schen
1449 2391 1611 2451 Literatur
1637 2386 1873 2446 verseuchend".
1893 2382 1917 2442 in
1953 2378 2045 2438 diesen
2081 2374 2199 2434 Jahren

420 2404 468 2464 sich
501 2401 614 2461 immer
647 2398 722 2458 weit
750 2398 852 2458 hinter
885 2396 944 2456 sein
982 2389 1074 2449 Werk
1102 2385 1193 2445 stellte
1226 2382 1285 2442 und

2249 2410 2296 2470 als
2349 2407 2455 2467 wollte
2484 2403 2523 2463 ich
2576 2399 2643 2459 eine
2677 2395 2884 2455 Dankbarkeit
2913 2389 3119 2449 ausdrücken,

1344 2438 1408 2498 war
1434 2439 1474 2499 ich
1505 2435 1635 2495 vielleich
1666 2432 1751 2492 auch
1787 2430 1832 2490 der
1863 2428 2034 2488 Meinung,
2060 2422 2109 2482 daß
2145 2419 2205 2479 nur

420 2446 473 2506 vor
517 2444 570 2504 der
620 2443 874 2503 Oeffentlichkeit
918 2440 977 2500 mit
1015 2431 1129 2491 keiner
1156 2427 1285 2487 anderen

2259 2456 2304 2516 die
2326 2454 2407 2514 ihren
2444 2448 2633 2508 zukünftigen
2669 2444 2746 2504 Lohn
2778 2439 2869 2499 sucht.
2885 2435 2982 2495 Wenn
3014 2430 3090 2490 dies¬

1348 2486 1412 2546 jene
1443 2484 1543 2544 Kunst
1569 2479 1669 2539 wahre
1700 2476 1800 2536 Kunst
1826 2475 1876 2535 ist,
1902 2473 1946 2533 die
1972 2472 2022 2532 sich
2053 2466 2113 2526 mit
2143 2464 2188 2524 den

423 2488 578 2548 Meinung
613 2487 764 2547 vertreten
810 2486 867 2546 sein
909 2485 1024 2545 wollte,
1059 2476 1111 2536 als
1146 2473 1209 2533 mit
1244 2470 1296 2530 der

2255 2500 2428 2560 Hindernis
2462 2494 2542 2554 nicht
2570 2491 2668 2551 wäre,
2696 2486 2794 2546 wollte
2821 2485 2859 2545 ich
2892 2482 2918 2542 es
2958 2477 3017 2537 mit
3045 2476 3120 2536 alle?

1347 2530 1484 2590 Problem
1548 2524 1602 2584 des
1637 2524 1739 2584 Tages
1774 2517 2073 2577 auseinandersetzt.
2128 2512 2210 2572 Jetzt

417 2532 624 2592 dichterischen
661 2530 756 2590 seiner
787 2527 913 2587 Arbeit.

2249 2544 2347 2604 Krast
2368 2542 2455 2602 sagen
2513 2538 2569 2598 und
2606 2533 2673 2593 laut
2715 2532 2828 2592 sagen:
2881 2527 2963 2587 Die
2990 2524 3119 2584 Kunst

1350 2576 1419 2636 aber
1449 2574 1522 2634 weiß
1552 2571 1610 2631 ich,
1631 2571 1684 2631 daß
1714 2567 1743 2627 es
1778 2565 1856 2625 nicht
1881 2562 1930 2622 die
1955 2558 2127 2618 Problemie
2157 2553 2206 2613 des

496 2574 674 2634 „Vielleicht
721 2574 779 2634 hat
808 2574 912 2634 meine
941 2571 1034 2631 Liebe
1081 2564 1143 2624 zum
1196 2559 1282 2619 Burg

2251 2587 2548 2647 Oesterreichs
2601 2579 2761 2639 könnte
2814 2571 2890 2631 den
2943 2568 3129 2628 Pexlust

1345 2623 1450 2683 Tages
1484 2618 1609 2678 waren,
1648 2613 1782 2673 sondern
1836 2609 1884 2669 die
1918 2606 2086 2666 meines
2120 2601 2216 2661 Her¬

418 2620 536 2680 theater
570 2617 677 2677 innere
711 2617 862 2677 Gründe,
890 2616 938 2676 die
971 2616 1036 2676 eine
1069 2606 1302 2666 EiWzigartig¬

2255 2637 2324 2697 des
2362 2633 2701 2693 Burgtheaters
2734 2621 2846 2681 nicht
2872 2613 3104 2673 ertragen.

1348 2667 1466 2727 zens,
1488 2664 1524 2724 um
1571 2661 1617 2721 die
1649 2660 1685 2720 ich
1717 2657 1841 2717 damals
1873 2654 2023 2714 kämpfte.
2044 2647 2101 2707 Die
2133 2646 2215 2706 Pro¬

418 2662 471 2722 keit
499 2664 661 2724 bedeuten,
689 2663 721 2723 um
771 2661 954 2721 deretwillen
988 2658 1025 2718 ich
1058 2658 1112 2718 das
1140 2649 1302 2709 Wißver¬

2719 2676 2952 2736 Johannes
2985 2673 3081 2733 Ilg.

418 2706 553 2766 ständnis
597 2706 771 2766 vermeiden
815 2703 946 2763 möchte,
979 2703 1032 2763 das
1077 2703 1125 2763 bei
1164 2694 1305 2754 Väglen,

1347 2711 1448 2771 bleme
1494 2709 1545 2769 des
1574 2708 1709 2768 Herzens
1761 2703 1834 2763 aber
1880 2701 1987 2761 fanden
2039 2697 2067 2757 im
2113 2692 2214 2752 Burg¬

420 2750 464 2810 die
518 2750 592 2810 mich
647 2749 804 2809 grundlos
859 2747 1060 2807 bekämpfen,
1105 2746 1233 2806 austauc

419 2795 542 2855 könnte,
568 2792 655 2852 wenn
692 2792 733 2852 ich
770 2792 867 2852 meine
904 2790 1058 2850 Meinung
1094 2792 1150 2852 zur
1182 2789 1290 2849 Burge

419 2840 615 2900 theaterkrise
642 2837 923 2897 zusammenfasse:

459 2901 505 2961 die
536 2900 639 2960 Kunst
665 2900 866 2960 Oesterreichs
898 2897 1005 2957 könnte
1037 2895 1088 2955 den
1124 2897 1253 2957 Verlust

1516 2944 1903 3004 Ferbaer
1989 2914 2645 2974 Hacproneaded

551 2944 605 3004 des
636 2944 869 3004 Burgtheaters
900 2941 978 3001 nicht
999 2941 1157 3001 ertragen.

417 3005 475 3065 Die
508 3007 789 3067 Einzigartigkeit,
811 3004 869 3064 von
907 3002 954 3062 der
987 3001 1024 3061 ich
1056 3001 1189 3061 spreche,
1216 3004 1295 3064 liegt

418 3052 526 3112 darin,
551 3050 605 3110 daß
640 3050 689 3110 ich
724 3049 813 3109 mich
848 3049 926 3109 mit
957 3046 1074 3106 Haus
1109 3046 1188 3106 und
1223 3043 1296 3103 Be¬

2110 3096 2266 3156 huur
2336 3082 2946 3142 Sahnätzlers

418 3097 534 3157 griff
567 3093 919 3153 „Burgtheater"
957 3091 1036 3151 auf
1069 3091 1149 3151 das
1192 3088 1298 3148 Per¬

1552 3108 1739 3168 or
1837 3103 1969 3163 Ar

420 3137 646 3197 sönlichste
696 3134 956 3194 verbunden
1016 3132 1143 3192 weiß.
1218 3131 1286 3191 Von

417 3182 537 3242 meinem
589 3180 684 3240 Vater
716 3180 786 3240 her,
811 3180 862 3240 der
893 3178 958 3238 hier
989 3177 1176 3237 ärztlichen,
1187 3177 1297 3237 Dienst

1356 3234 1844 3294 Telephongespräch
1907 3219 1997 3279 mit
2049 3214 2130 3274 der
2182 3206 2415 3266 „Wiener
2478 3195 2823 3255 Allgemeinen
2865 3182 3068 3242 Zeilung

420 3225 486 3285 tat;
511 3225 568 3285 von
607 3225 726 3285 meinen
765 3222 986 3282 künstlerischen
1029 3222 1193 3282 Anfängen
1231 3219 1303 3279 her,

420 3270 467 3330 die
516 3269 582 3329 hier
612 3267 698 3327 ihren
737 3268 823 3328 ersten
862 3266 977 3326 breiten
1016 3264 1121 3324 Boden
1160 3264 1299 3324 sanden;

1484 3315 1639 3375 Gerhart
1662 3306 1874 3366 Hauptmann
1910 3299 2042 3359 äußerte
2071 3292 2122 3352 sich
2152 3289 2243 3349 heute
2273 3284 2335 3344 auf
2365 3280 2496 3340 unseren
2555 3270 2813 3330 telephonischen
2854 3264 2963 3324 Anruf
2992 3259 3072 3319 über

420 3313 477 3373 von
511 3312 564 3372 den
602 3312 986 3372 Enttäuschungen
1025 3310 1092 3370 her,
1136 3309 1184 3369 die
1232 3309 1299 3369 mir

420 3357 710 3417 Schlenthers
740 3355 843 3415 Zeit
868 3353 1006 3413 brachte;
1031 3350 1084 3410 von
1119 3350 1168 3410 dem
1218 3350 1296 3410 nicht

1394 3368 1448 3428 den
1486 3364 1557 3424 Tod
1590 3355 1825 3415 Schnitzlers:

1487 3418 1553 3478 „Es
1586 3408 1624 3468 ist
1642 3405 1823 3465 furchtbar,
1846 3400 1901 3460 daß
1934 3398 1989 3458 der
2012 3392 2105 3452 arme
2128 3386 2259 3446 Arthur
2282 3380 2458 3440 Schnitzler
2487 3375 2513 3435 so
2536 3371 2657 3431 schnell
2674 3366 2839 3426 gestorben
2868 3361 2917 3421 ist.
2934 3360 2983 3420 Er
3006 3356 3077 3416 war

420 3400 506 3460 leicht
555 3401 588 3461 zu
623 3399 781 3459 fassenden
840 3398 902 3458 und
941 3398 984 3458 oft
1014 3395 1288 3455 problematischen

1402 3466 1473 3526 eine
1505 3463 1566 3523 mir
1592 3459 1622 3519 so
1654 3452 1987 3512 wesensverwandte
2014 3442 2141 3502 Natur,
2163 3437 2208 3497 ein
2246 3431 2373 3491 Dichter
2425 3427 2486 3487 und
2538 3419 2707 3479 Kämpfer
2739 3414 2800 3474 wie
2826 3412 2887 3472 ich,
2929 3408 2995 3468 und
3027 3405 3078 3465 die

421 3445 513 3505 Glück
540 3444 612 3504 her,
634 3443 690 3503 das
727 3442 789 3502 hier
820 3443 944 3503 Beisall
971 3440 1027 3500 und
1064 3440 1173 3500 Erfolg
1210 3440 1302 3500 hieß;

420 3488 480 3548 und
518 3488 579 3548 von
622 3488 673 3548 der
716 3487 856 3547 geistigen
899 3482 1204 3542 Zusammenarbeit
1238 3482 1298 3542 mit

1406 3515 1578 3575 Nachricht
1606 3509 1665 3569 von
1698 3506 1800 3566 seinem
1844 3501 1957 3561 Tode,
1979 3498 2027 3558 die
2055 3491 2129 3551 mich
2163 3487 2254 3547 heute
2281 3481 2443 3541 morgens
2476 3475 2545 3535 hier
2573 3470 2745 3530 erreichte,
2784 3464 2848 3524 hat
2892 3459 2972 3519 mich
3021 3458 3086 3518 tief

422 3529 474 3589 den
527 3532 771 3592 Schauspielern
829 3528 881 3588 des
935 3526 1188 3586 Burgtheaters,
1237 3526 1299 3586 mit

1414 3564 1570 3624 berührt.

422 3575 508 3635 denen
545 3574 614 3634 mich
646 3574 710 3634 eine
738 3573 907 3633 besondere
935 3570 1200 3630 Gemeinsamkeit
1228 3568 1296 3628 ver¬

1491 3614 1546 3674 Ich
1575 3604 1835 3664 telegraphierte
1864 3597 1903 3657 an
1938 3595 1988 3655 die
2017 3587 2186 3647 Familie:

421 3619 549 3679 bindet:
578 3619 640 3679 wir
669 3617 798 3677 wollen,
827 3616 865 3676 sie
899 3614 956 3674 und
990 3614 1047 3674 ich,
1072 3613 1119 3673 die
1153 3613 1296 3673 geschrie¬

1545 3660 1641 3720 „Tief
1664 3652 1862 3712 schmerzlich
1896 3645 2054 3705 ergriffen
2089 3637 2150 3697 vom
2196 3629 2388 3689 Verlöschen
2423 3622 2524 3682 dieses
2558 3617 2626 3677 mir
2655 3614 2682 3674 so
2711 3611 2818 3671 nahen
2847 3605 2999 3665 Dichter-
3022 3599 3084 3659 und

419 3664 511 3724 benen
545 3661 656 3721 Bilder
685 3661 747 3721 mit
772 3659 1013 3719 Körperlichkeit
1038 3657 1197 3717 ausfüllen
1231 3655 1289 3715 und

1449 3706 1750 3766 Kämpferdaseins
1786 3699 1889 3759 drücke
1913 3697 1953 3757 ich
1983 3693 2099 3753 Ihnen
2128 3686 2267 3746 zugleich
2297 3679 2325 3739 im
2367 3675 2499 3735 Namen
2529 3665 2656 3725 meiner
2686 3660 2772 3720 Frau
2825 3656 2918 3716 innig
2971 3652 3086 3712 wahre

422 3709 495 3769 statt
525 3706 574 3766 der
604 3706 736 3766 Vision,
761 3703 811 3763 die
841 3703 963 3763 Gestalt
988 3700 1096 3760 setzen.
1121 3700 1190 3760 Das
1224 3699 1297 3759 aber

2613 3712 2764 3772 Gerhart
2791 3706 3046 3766 Hauptmann.“

429 3749 495 3809 muß
525 3750 562 3810 ich
592 3748 678 3808 sagen
712 3744 774 3804 und
803 3744 908 3804 könnte
937 3743 966 3803 es
995 3741 1047 3801 vor
1076 3742 1124 3802 der
1154 3743 1297 3803 Oeffent¬

1464 3756 1693 3816 Teinlnahme
1725 3750 1806 3810 aus.

429 3792 543 3852 lichkeit
563 3792 630 3852 doch
659 3791 716 3851 nur
740 3789 807 3849 sehr
832 3789 936 3849 schwer
961 3786 1037 3846 tun:
1062 3786 1104 3846 die
1129 3786 1296 3846 besondere

425 3834 501 3894 Luft
530 3834 578 3894 des
616 3832 846 3892 Burgtheaters
886 3831 919 3891 ist
948 3829 995 3889 dem
1044 3830 1140 3890 Leben
1174 3828 1298 3888 meiner

427 3876 581 3936 Gestalten
621 3876 764 3936 günstig;
809 3873 913 3933 damit
938 3873 1012 3933 gebe
1062 3872 1101 3932 ich
1136 3873 1206 3933 noch
1241 3872 1299 3932 kein

427 3920 533 3980 Urteil
557 3918 590 3978 ab
625 3917 702 3977 über
732 3917 779 3977 die
809 3916 949 3976 Leistung
983 3915 1031 3975 des
1065 3916 1302 3976 Burgtheaters

427 3962 456 4022 im
496 3962 643 4022 Ganzen.
658 3961 712 4021 Ich
742 3959 805 4019 will
825 3959 928 4019 damit
948 3959 1006 4019 nur
1031 3959 1134 4019 sagen,
1154 3959 1208 4019 daß
1238 3956 1291 4016 das

427 4005 642 4065 Burgtheater
667 4004 748 4064 nicht
773 4004 858 4064 eines
888 4002 978 4062 unter
1008 4001 1098 4061 allen,
1123 4004 1190 4064 auch
1224 4001 1300 4061 nicht

429 4049 470 4109 ein
503 4051 624 4111 primns
653 4049 732 4109 inter
761 4046 854 4106 pares
882 4048 933 4108 ist,
957 4046 1083 4106 sondern
1121 4046 1177 4106 aus
1215 4043 1298 4103 einer

1227 4087 1301 4147 gei¬

431 4094 673 4154 eigenartigeren
713 4091 879 4151 Geschichte
913 4089 994 4149 lebt,
1038 4091 1183 4151 Zuflüsse

425 4138 514 4198 stiger
550 4135 611 4195 Art
662 4135 722 4195 aus
778 4135 868 4195 einer
904 4132 1181 4192 merkwürdigeren
1222 4130 1302 4190 Ver¬

449 4181 508 4241 lana

807 4192 832 4252 n
