3392 4352
984 73 1125 133 schrreven
1153 76 1253 136 yave,
1295 73 1308 133 d
1370 75 1423 135 ym
1457 76 1558 136 eroe
1580 76 1734 136 geern.

984 122 1180 182 Sammlung
1231 124 1498 184 veröffentlichten
1555 123 1701 183 Gedichte
1752 124 1938 184 Schnitzlers
1989 124 2054 184 sind
2105 127 2165 187 also

982 168 1131 228 vielleicht
1158 171 1204 231 die
1235 171 1369 231 einzigen
1411 171 1550 231 lyrischen
1587 171 1731 231 Gedichte
1762 171 1818 231 aus
1850 171 1948 231 seiner
1979 173 2098 233 Feder,
2119 172 2165 232 die

984 218 1067 278 einem
1112 218 1254 278 weiteren
1290 219 1457 279 Leserkreis
1487 219 1620 279 bekannt
1645 219 1802 279 geworden
1842 219 1920 279 sind.

1088 276 1137 336 Ich
1171 276 1298 336 glaube,
1321 276 1376 336 daß
1410 278 1442 338 sie
1471 276 1587 336 gerade
1610 276 1692 336 jetzt,
1715 276 1781 336 nach
1815 276 1864 336 dem
1915 276 2048 336 Ableben
2082 276 2164 336 ihres

983 321 1126 381 Autors,

1168 322 1342 382 besonderes
1374 324 1532 384 Interesse
1565 324 1701 384 erwecken
1739 324 1881 384 dürften.
1924 323 1987 383 Sie
2019 327 2077 387 sind
2109 327 2161 387 für

984 372 1054 432 seine
1087 369 1146 429 von
1184 370 1276 430 tiefer
1309 371 1519 431 Melancholie
1553 371 1725 431 beschattete
1764 371 1871 431 Erotik
1904 371 2169 431 charakteristisch;

977 417 1034 477 aus
1067 417 1151 477 ihren
1194 417 1299 477 Versen
1337 419 1447 479 spricht
1479 419 1526 479 die
1559 419 1659 479 lyrisch
1697 419 1903 479 kondensierte
1935 419 2040 479 Poesie
2067 421 2161 481 seiner

982 464 1247 524 „Anatol"-Zeit,
1290 467 1342 527 die
1375 467 1475 527 Poesie
1507 465 1560 525 des
1592 467 1751 527 Chambre
1783 467 1989 527 particulière
2022 467 2079 527 und
2112 468 2164 528 des

982 515 1108 575 „Süßen
1148 515 1320 575 Mädels".
1365 515 1442 575 Hier
1482 515 1559 575 zwei
1588 515 1687 575 dieser
1721 515 1881 575 Gedichte.

1934 518 2084 578 Zunächst
2116 517 2159 577 ein

984 560 1201 620 namenloses:

1207 604 1265 664 Wie
1297 604 1349 664 wir
1382 607 1408 667 so
1446 605 1504 665 still
1531 607 1562 667 an
1600 607 1679 667 einem
1728 609 1818 669 Tische
1850 612 1950 672 saßen,

1201 643 1250 703 Als
1281 643 1371 703 hätten
1407 645 1462 705 wir
1493 643 1548 703 uns
1579 645 1679 705 früher
1710 646 1755 706 nie
1786 646 1911 706 geseh'n,

1205 682 1261 742 Und
1294 683 1369 743 ganz
1402 684 1487 744 ruhig
1520 682 1633 742 unser'n
1671 685 1802 745 Spargel
1831 685 1920 745 aßen,

1205 723 1253 783 Als
1278 721 1355 781 wäre
1380 723 1428 783 gar
1457 721 1544 781 nichts
1569 721 1695 781 zwischen
1724 721 1777 781 uns
1807 724 1956 784 gescheh'n,

1208 757 1257 817 Und
1285 758 1335 818 wie
1353 757 1385 817 sie
1408 759 1458 819 mir
1481 759 1490 819 —
1536 759 1576 819 als
1600 759 1677 819 wenn
1700 759 1731 819 ich
1759 759 1786 819 es
1809 759 1877 819 nicht
1896 762 2005 822 wüßte!

1203 795 1242 855 Im
1287 798 1450 858 Flüsterton
1485 797 1647 857 erzählten,
1672 797 1731 857 wer
1761 796 1795 856 du
1830 798 1894 858 bist,

1211 834 1265 894 Und
1291 836 1325 896 ich
1355 837 1404 897 zum
1444 837 1567 897 Abschied
1592 835 1636 895 dir
1661 836 1710 896 das
1736 837 1883 897 Händchen
1914 838 2007 898 küßte,

1209 874 1260 934 Als
1292 873 1364 933 hätt'
1385 873 1421 933 ich
1453 876 1551 936 deinen
1588 876 1686 936 Nacken
1718 876 1764 936 nie
1795 876 1909 936 geküßt!

1362 950 1524 1010 Anfang
1558 950 1625 1010 vom
1670 953 1793 1013 Ende.

1205 1003 1264 1063 Daß
1299 1007 1338 1067 all
1368 1007 1417 1067 das
1447 1007 1556 1067 Schöne
1591 1007 1645 1067 nun
1680 1009 1774 1069 längst
1799 1011 1828 1071 zu
1863 1011 1951 1071 Ende,

1206 1045 1266 1105 Wie
1295 1046 1422 1106 könntest
1447 1045 1508 1105 du's
1537 1046 1697 1106 versteh'n?

1251 1079 1256 1139 h
1286 1084 1359 1144 hab'
1385 1085 1409 1145 ja
1445 1085 1488 1145 die
1519 1085 1627 1145 lieben,
1658 1085 1737 1145 süßen
1772 1085 1875 1145 Hände

1207 1120 1317 1180 Geküßt
1348 1124 1408 1184 beim
1449 1124 1585 1184 Kommen
1621 1124 1676 1184 und
1707 1124 1817 1184 Geh'n;

1207 1196 1267 1256 Und
1297 1198 1368 1258 hab'
1394 1198 1419 1258 in
1455 1200 1551 1260 deinem
1597 1201 1784 1261 dämm'rigen
1820 1201 1946 1261 Zimmer

1211 1235 1266 1295 Mit
1291 1237 1335 1297 dir
1361 1237 1450 1297 gekost
1475 1237 1529 1297 und
1555 1237 1663 1297 gelacht

1206 1274 1263 1334 Und
1292 1275 1359 1335 hab'
1374 1276 1437 1336 auch
1466 1276 1635 1336 geplaudert
1659 1276 1712 1336 mit
1731 1276 1788 1336 dir,
1809 1279 1856 1339 wie
1881 1279 1996 1339 immer,

1212 1313 1260 1373 Bis
1292 1316 1367 1376 spät,
1394 1315 1437 1375 bis
1475 1315 1534 1375 spät
1566 1318 1592 1378 in
1626 1315 1673 1375 die
1700 1315 1807 1375 Nacht.

1207 1386 1237 1446 Im
1278 1389 1446 1449 Heimgeh'n
1478 1391 1595 1451 wieder,
1616 1391 1697 1451 durch
1728 1392 1794 1452 stille
1820 1392 1937 1452 Gassen,

1211 1428 1341 1488 Schlich's
1371 1428 1440 1488 über
1476 1429 1541 1489 mich
1571 1431 1596 1491 so
1626 1428 1720 1488 bang,

1209 1467 1268 1527 Wie
1290 1467 1328 1527 ich
1356 1467 1426 1527 mein
1453 1467 1545 1527 armes
1573 1467 1676 1527 Mädel
1698 1470 1828 1530 verlassen

1213 1504 1253 1564 So
1277 1508 1363 1568 lange
1388 1506 1481 1566 schon!
1504 1506 1556 1566 Ach
1580 1506 1632 1566 wie
1656 1508 1742 1568 lang!

1211 1583 1298 1643 Doch,
1314 1583 1361 1643 daß
1387 1583 1423 1643 ich
1444 1583 1469 1643 so
1491 1583 1583 1643 einsam
1620 1583 1672 1643 von
1698 1586 1739 1646 dir
1760 1586 1920 1646 gegangen,

1206 1619 1260 1679 Wie
1292 1622 1377 1682 käm's
1409 1622 1449 1682 dir
1480 1622 1550 1682 denn
1587 1622 1611 1682 zu
1647 1622 1743 1682 Sinn,

1209 1659 1264 1719 Und
1295 1658 1345 1718 daß
1376 1658 1431 1718 ich,
1457 1658 1507 1718 von
1543 1659 1639 1719 deinem
1680 1661 1740 1721 Arm
1781 1662 1953 1722 umfangen,

1210 1697 1248 1757 So
1277 1697 1378 1757 endlos
1408 1697 1465 1757 fern
1499 1698 1542 1758 dir
1567 1700 1634 1760 bin!

1237 1774 1258 1834 ch
1290 1774 1359 1834 will
1386 1774 1413 1834 ja
1451 1774 1569 1834 morgen
1612 1777 1713 1837 wieder
1752 1777 1874 1837 kommen

1209 1808 1261 1868 Mit
1294 1813 1452 1873 ächelndem
1500 1811 1616 1871 Gesicht,

1209 1850 1265 1910 Und
1292 1849 1337 1909 daß
1364 1851 1399 1911 ich
1421 1853 1513 1913 längst
1534 1852 1658 1912 Abschied
1684 1851 1730 1911 von
1761 1850 1802 1910 dir
1823 1853 2004 1913 genommen,

1211 1891 1286 1951 Mein
1322 1891 1423 1951 Mädel
1449 1888 1464 1948 —
1515 1891 1545 1951 du
1576 1891 1687 1951 weißt's
1718 1892 1743 1952 ja
1779 1891 1905 1951 nicht...

1083 1995 1191 2055 Bevor
1222 1998 1288 2058 noch
1343 1998 1445 2058 meine
1476 1998 1663 2058 Anthologie
1712 2001 1772 2061 mit
1797 2001 1893 2061 diesen
1924 2001 2086 2061 Gedichten
2117 2000 2165 2060 er¬

991 2047 1095 2107 schien,
1119 2048 1170 2108 gab
1206 2047 1374 2107 Schnitzler
1404 2048 1502 2108 seinen
1544 2049 1642 2109 später
1672 2049 1700 2109 so
1730 2049 1800 2109 viel
1829 2049 1887 2109 und
1922 2049 2166 2109 leidenschaftlich

985 2095 1212 2155 angefeindeten
1246 2097 1407 2157 „Reigen“
1442 2096 1569 2156 heraus.
1592 2097 1675 2157 Aber
1703 2097 1764 2157 nur
1793 2097 1842 2157 als
1871 2097 2093 2157 Privatdruck,
2110 2097 2165 2157 von

983 2143 1067 2203 dem,
1079 2144 1163 2204 wenn
1192 2144 1226 2204 ich
1255 2143 1333 2203 nicht
1345 2143 1430 2203 irre,
1442 2144 1509 2204 bloß
1532 2144 1746 2204 zweihundert
1764 2144 1950 2204 „xemplare
1973 2144 2159 2204 ausgegeben

984 2192 1129 2252 wurden,
1168 2192 1248 2252 denn
1292 2192 1622 2252 bezeichnenderweise
1683 2192 1790 2252 wagt.
1835 2192 1872 2252 es
1921 2193 1974 2253 der
2008 2198 2175 2258 Verleger,

985 2242 1020 2302 S.
1039 2240 1151 2300 Fischer
1176 2240 1205 2300 in
1229 2240 1359 2300 Berlin,
1384 2240 1478 2300 nicht,
1491 2240 1544 2300 das
1568 2240 1651 2300 Buch
1675 2240 1728 2300 der
1753 2241 2002 2301 Oeffentlichkeit
2020 2241 2049 2301 zu
2080 2239 2168 2299 über¬

981 2289 1089 2349 geben;
1117 2288 1144 2348 so
1177 2288 1268 2348 keusch
1307 2288 1372 2348 war
1410 2288 1475 2348 man
1514 2288 1638 2348 damals
1676 2288 1790 2348 (1900)
1818 2288 1844 2348 in
1883 2291 2089 2351 Deutschland
2122 2286 2132 2346 —

983 2335 1071 2395 coram
1116 2335 1259 2395 publico!
1282 2335 1348 2395 Das
1382 2335 1531 2395 zelotische
1560 2335 1859 2395 Damoklesschwert
1887 2336 1936 2396 der
1970 2338 2025 2398 Lex
2053 2338 2163 2398 Heinze

984 2385 1049 2445 hing
1076 2383 1201 2443 damals
1234 2383 1363 2443 nämlich
1392 2383 1526 2443 drohend
1559 2383 1630 2443 über
1657 2383 1706 2443 den
1739 2385 1901 2445 Häuptern
1934 2383 2010 2443 aller
2032 2383 2161 2443 Sünder

983 2432 1079 2492 wider
1113 2432 1169 2492 das
1204 2432 1299 2492 sechste
1333 2431 1502 2491 Gebot...
1531 2431 1587 2491 Ich
1622 2434 1712 2494 bekam
1763 2431 1813 2491 das
1853 2434 1932 2494 Buch
1966 2434 2022 2494 von
2062 2431 2146 2491 einem

985 2479 1184 2539 persönlichen
1218 2479 1367 2539 Freunde
1395 2479 1599 2539 Schnitzlers,
1622 2479 1671 2539 der
1700 2479 1765 2539 auch
1805 2482 1860 2542 mir
1888 2480 2070 2540 befreundet
2098 2484 2164 2544 war

987 2527 1040 2587 und
1073 2527 1159 2587 eines
1208 2527 1261 2587 der
1294 2527 1505 2587 zweihundert
1533 2528 1721 2588 Exemplare
1770 2527 1911 2587 erhalten
1965 2530 2067 2590 hatte,
2111 2531 2165 2591 zur

987 2574 1110 2634 Lektüre
1135 2576 1193 2636 und
1223 2574 1399 2634 unterhielt
1423 2575 1493 2635 mich
1524 2577 1653 2637 köstlich.
1678 2574 1730 2634 Als
1760 2577 1925 2637 Schnitzler
1955 2574 2013 2634 dies
2043 2577 2166 2637 erfuhr,

980 2624 1115 2684 erfreute
1169 2625 1201 2685 er
1240 2622 1309 2682 mich
1364 2625 1455 2685 durch
1510 2625 1557 2685 die
1591 2625 1773 2685 Zusendung
1834 2623 1919 2683 eines
1958 2625 2162 2685 Widmungs¬

985 2672 1156 2732 exemplars
1184 2673 1234 2733 des
1268 2673 1400 2733 Buches.
1423 2673 1478 2733 Ich
1506 2670 1666 2730 quittierte
1695 2673 1772 2733 diese
1801 2670 2061 2730 liebenswürdige
2089 2673 2166 2733 Auf¬

984 2718 1191 2778 merksamkeit
1221 2720 1307 2780 durch
1343 2721 1411 2781 eine
1441 2721 1655 2781 Besprechung
1690 2720 1735 2780 des
1777 2720 1950 2780 „Reigen",
1974 2721 2002 2781 in
2037 2721 2088 2781 der
2118 2721 2158 2781 ich

983 2767 1098 2827 meiner
1132 2768 1254 2828 Ansicht
1282 2768 1442 2828 Ausdruck
1465 2768 1542 2828 gab,
1571 2768 1620 2828 daß
1660 2768 1725 2828 man
1765 2766 1859 2826 diesem
1903 2768 2008 2828 Werke
2042 2768 2163 2828 unrecht

982 2817 1060 2877 täte,
1089 2816 1190 2876 wollte
1225 2816 1292 2876 man
1333 2816 1360 2876 es
1400 2816 1468 2876 bloß
1508 2816 1552 2876 als
1587 2816 1869 2876 pornographische
1904 2815 2079 2875 Spielerei,
2108 2819 2158 2879 als

982 2866 1120 2926 „pikante
1148 2864 1292 2924 Lektüre,
1315 2864 1370 2924 nur
1399 2864 1448 2924 für
1477 2863 1615 2923 Herren“
1644 2864 1844 2924 aburteilen,
1861 2864 1916 2924 und
1950 2864 2077 2924 schrieb:
2100 2866 2160 2926 „Es

984 2914 1016 2974 ist
1038 2912 1081 2972 ein
1114 2912 1292 2972 Kunstwerk
1320 2912 1346 2972 in
1374 2911 1471 2971 seiner
1499 2909 1573 2969 Art,
1596 2912 1649 2972 das
1677 2912 1704 2972 es
1737 2912 1769 2972 an
1802 2912 1958 2972 fesselndem
2002 2914 2077 2974 Reiz
2105 2911 2163 2971 mit

980 2961 1026 3021 den
1062 2959 1154 3019 besten
1191 2959 1310 3019 Stücken
1367 2959 1423 3019 aus
1454 2956 1604 3016 Prévosts
1651 2959 1794 3019 „Lettres
1847 2959 1883 3019 de
1909 2959 2058 3019 femmes"
2089 2959 2156 3019 auf¬

974 3010 1107 3070 nehmen
1140 3011 1235 3071 kann,
1255 3010 1286 3070 sie
1313 3011 1350 3071 an
1377 3008 1465 3068 Tiefe
1492 3008 1548 3068 und
1581 3010 1747 3070 Wahrheit
1767 3007 1842 3067 aber
1869 3010 2053 3070 übertrifft."
2086 3007 2143 3067 Und

996 3100 1027 3160 ich
1065 3103 1154 3163 schloß
1197 3100 1291 3160 meine
1323 3103 1540 3163 Besprechung
1572 3103 1634 3163 mit
1662 3103 1714 3163 den
1757 3103 1904 3163 Worten:
1937 3103 2020 3163 „Nur
2053 3103 2168 3163 darauf

992 3145 1107 3205 kommt
1133 3147 1164 3207 es
1190 3147 1241 3207 bei
1267 3149 1420 3209 erotischen
1452 3150 1573 3210 Werken
1606 3152 1663 3212 an,
1689 3153 1739 3213 daß
1772 3153 1822 3213 das
1855 3151 1963 3211 Fleisch
1996 3151 2078 3211 durch
2111 3152 2161 3212 den

993 3195 1078 3255 Geist
1106 3195 1234 3255 geadelt
1256 3195 1374 3255 werde.

1097 3245 1141 3305 In
1175 3243 1258 3303 einem
1303 3244 1408 3304 Briefe
1437 3246 1476 3306 an
1510 3246 1598 3306 mich,
1621 3246 1671 3306 der
1699 3246 1749 3306 sich
1777 3246 1833 3306 auf
1861 3246 1961 3306 meine
1989 3246 2094 3306 vorhin
2129 3244 2178 3304 er¬

992 3290 1113 3350 wähnte
1140 3294 1335 3354 Anthologie
1363 3296 1468 3356 bezog,
1495 3294 1542 3354 kam
1590 3292 1758 3352 Schnitzler
1786 3295 1854 3355 auch
1886 3296 1944 3356 auf
1965 3294 2044 3354 diese
2071 3294 2171 3354 Kritik

993 3335 1024 3395 zu
1056 3340 1209 3400 sprechen,
1236 3341 1283 3401 die
1310 3341 1457 3401 übrigens
1511 3341 1595 3401 nicht
1637 3341 1822 3401 selbständig
1876 3341 2038 3401 erschienen
2092 3342 2176 3402 war,

1002 3386 1120 3446 ondern
1148 3388 1169 3448 in
1197 3389 1277 3449 einer
1304 3389 1515 3449 Artikelserie,
1526 3389 1644 3449 betitelt
1661 3390 1893 3450 „Jung=Wien"
1921 3389 2169 3449 („Norddeutsche

1000 3434 1184 3494 Allgemeine
1214 3437 1399 3497 Zeitung").
1417 3437 1462 3497 Er
1486 3435 1612 3495 schrieb:

1177 3491 1407 3551 „Insbesondere
1446 3489 1503 3549 was
1533 3490 1581 3550 Sie
1610 3491 1677 3551 über
1701 3491 1749 3551 den
1783 3491 1922 3551 „Reigen“
1952 3490 2028 3550 sagen
2057 3488 2071 3548 —
2115 3487 2167 3547 von

1065 3525 1153 3585 Ihrer
1181 3529 1461 3589 liebenswürdigen,
1490 3529 1596 3589 meiner
1625 3529 1736 3589 eigenen
1774 3529 1970 3589 Empfindung
2007 3528 2068 3588 nach
2101 3527 2170 3587 nicht

1066 3565 1141 3625 selten
1177 3568 1203 3628 zu
1239 3568 1497 3628 liebenswürdigen
1533 3568 1724 3628 Beurteilung
1756 3568 1889 3628 mancher
1916 3565 2022 3625 meiner
2054 3565 2173 3625 anderen

1071 3604 1201 3664 Schriften
1235 3605 1309 3665 ganz
1342 3605 1365 3665 zu
1399 3604 1543 3664 schweigen
1576 3606 1627 3666 —,
1651 3604 1698 3664 hat
1731 3605 1791 3665 mich
1824 3604 1899 3664 ganz
1927 3604 2170 3664 außerordentlich

1071 3641 1176 3701 gefrout
1196 3644 1248 3704 ...
1263 3643 1315 3703 Die
1340 3643 1498 3703 Keuschheit
1522 3644 1565 3704 des
1589 3646 1656 3706 ....
1676 3644 1790 3704 Blattes
1816 3643 1877 3703 (das
1902 3643 1959 3703 eine
1983 3643 2170 3703 Besprechung

1060 3679 1103 3739 des
1133 3682 1258 3742 Buches,
1292 3682 1340 3742 die
1364 3682 1398 3742 ich
1427 3682 1470 3742 ihm
1514 3682 1688 3742 angeboten,
1727 3683 1794 3743 trotz
1819 3682 1910 3742 seines
1935 3682 1982 3742 zur
2012 3682 2142 3742 Schaug

1063 3720 1198 3780 tragenen
1246 3720 1463 3780 „Freisinns",
1488 3719 1540 3779 aus
1574 3720 1709 3780 Gründen
1748 3718 1791 3778 der
1825 3720 1994 3780 Sittlichkeit
2023 3720 2177 3780 abgelehnt

1066 3757 1159 3817 hatte)
1183 3759 1234 3819 hat
1262 3759 1322 3819 mich
1356 3759 1454 3819 ebenso
1477 3759 1617 3819 amüsiert
1645 3759 1696 3819 wie
1725 3756 1789 3816 Sie.

1101 3808 1164 3868 Der
1191 3807 1243 3867 von
1270 3809 1438 3869 Schnitzler
1460 3807 1480 3867 im
1523 3810 1617 3870 Laufe
1634 3807 1686 3867 der
1707 3807 2170 3867 Anthologie=Korresponden)

991 3858 1155 3918 geäußerte
1182 3858 1325 3918 Wunsch,
1342 3858 1410 3918 mich
1437 3858 1602 3918 persönlich
1634 3858 1916 3918 kennenzulernen,
1937 3856 1990 3916 wie
2017 3858 2043 3918 er
2070 3858 2181 3918 hoffte,

996 3907 1061 3967 noch
1094 3906 1115 3966 im
1159 3906 1273 3966 Herbst
1295 3906 1376 3966 jenes
1409 3906 1545 3966 Jahres,
1567 3906 1653 3966 sollte
1681 3906 1724 3966 sich
1758 3906 1828 3966 aber
1855 3906 1996 3966 zunächst
2024 3906 2099 3966 nicht
2127 3904 2175 3964 er¬

1003 3953 1110 4013 füllen.
1149 3953 1262 4013 Meine
1290 3955 1555 4015 Stellungnahme
1583 3953 1636 4013 zar
1669 3953 1983 4013 Sensationsaffäre,
2022 3953 2070 4013 die
2098 3952 2173 4012 seine

998 4001 1124 4061 Novelle
1157 4003 1336 4063 „Leutnant
1363 4001 1495 4061 Gustel“
1528 4004 1596 4064 bald
1629 4002 1744 4062 darauf
1771 4002 1961 4062 verursachte
2000 4001 2068 4061 (und
2105 4000 2179 4060 über

1002 4052 1044 4112 die
1072 4052 1114 4112 ich
1147 4052 1211 4112 nach
1245 4049 1341 4109 seinem
1386 4051 1471 4111 Tode
1499 4051 1525 4111 im
1591 4050 1714 4110 „Neuen
1752 4051 1877 4111 Wiener
1904 4052 2071 4112 Journal"
2104 4049 2179 4109 zwei

999 4100 1192 4160 interessante
1226 4100 1335 4160 Briefe
1364 4100 1551 4160 Schnitzlers
1585 4100 1817 4160 veröffentlicht
1845 4103 1949 4163 habe),
1972 4102 2026 4162 hat
2060 4097 2154 4157 seinen
