3392 4320
758 105 1040 165 WOLLZELE

513 106 660 166 WIEN,

2408 152 2591 212 Wienera

595 157 814 217 TELEPHON
849 152 1027 212 R-23-0-43

1464 163 1640 223 Wiener
1672 165 1899 225 Hausfrau

822 366 1140 426 Arthur
1184 366 1683 426 Schnitzler
1740 368 1891 428 zum
1991 369 2517 429 Gedenken

1280 479 1364 539 gehen
1405 479 1440 539 sie
1471 479 1581 539 hinaus
1617 479 1641 539 in
1682 478 1733 538 den
1763 479 1904 539 Garten,
1930 480 1985 540 und
2020 479 2095 539 dann

443 482 598 542 )raußen
629 479 654 539 in
685 478 735 538 der
755 479 906 539 Cottage,
922 479 997 539 nahe
1023 479 1053 539 am
1094 479 1234 539 Türken¬

2153 478 2326 538 Menschen.
2356 479 2394 539 Es
2428 479 2553 539 braucht
2579 479 2621 539 sich
2656 479 2756 539 keiner
2782 481 2878 541 darum
2922 481 2979 541 mit

392 523 690 583 schanzpark,
729 521 755 581 in
804 521 856 581 der
900 524 1236 584 Sternwartestraße,

1281 522 1352 582 hört
1377 522 1443 582 man
1473 521 1554 581 einen
1588 524 1731 584 dumpfen
1766 522 1871 582 Knall.
1900 521 1938 581 Es
1967 521 2005 581 ist
2030 521 2101 581 alles

2160 521 2282 581 Skrasit
2303 521 2326 581 in
2361 522 2410 582 die
2435 522 2503 582 Luft
2533 522 2557 582 zu
2587 523 2753 583 sprengen,
2779 524 2852 584 weil
2877 524 2906 584 er
2931 524 2955 584 im

1284 566 1362 626 nicht
1387 566 1509 626 minder
1535 566 1657 626 tragisch
1692 565 1735 625 als
1770 565 1819 625 bei
1839 566 1946 626 öbsen,
1972 566 2040 626 aber
2070 564 2099 624 es

403 569 481 629 steht
505 567 557 627 das
590 567 721 627 einsame
750 564 853 624 Haus,
877 564 899 624 in
933 566 984 626 dem
1027 566 1078 626 der
1112 566 1228 626 Dichter

2157 566 2287 626 Grunde
2315 566 2408 626 nichts
2441 568 2548 628 taugt.
2596 566 2632 626 Es
2665 566 2735 626 geht
2763 567 2828 627 auch
2862 568 2973 628 anders

1282 609 1316 669 ist
1357 608 1407 668 die
1453 609 1605 669 Tragödie
1651 607 1706 667 der
1752 609 1953 669 Oberfläche.
2005 610 2105 670 Keine

407 609 546 669 wohnte.
583 607 639 667 Bis
670 610 732 670 spät
753 607 778 667 in
810 608 861 668 den
892 608 995 668 Herbst
1022 610 1129 670 konnte
1156 610 1217 670 man

2225 609 2306 669 nun,
2325 609 2384 669 und
2421 610 2503 670 wenn
2540 607 2567 667 es
2604 607 2676 667 schon
2714 611 2864 671 durchaus
2901 613 2978 673 nicht

1286 652 1388 712 Helden
1431 652 1492 712 und
1529 652 1689 712 Heiligen,
1716 652 1803 712 keine
1835 652 1995 712 Herrscher
2031 650 2103 710 oder

399 655 469 715 ihn,
495 654 519 714 in
550 652 600 712 sich
631 652 716 712 selbst
742 652 818 712 ganz
844 653 1035 713 versunken,
1056 652 1081 712 im
1127 653 1222 713 nahen

2159 651 2271 711 anders
2305 653 2388 713 geht,
2407 654 2486 714 dann
2520 652 2590 712 geht
2613 652 2678 712 man
2707 654 2786 714 ohne
2815 655 2880 715 viel
2904 656 2978 716 Auf¬

1281 697 1430 757 Lumpen,
1463 696 1490 756 es
1528 695 1593 755 sind
1631 697 1738 757 lauter
1771 697 1859 757 Leute
1897 696 1957 756 mit
1990 694 2102 754 ausge¬

2157 691 2271 751 hebens
2300 694 2352 754 ab.
2382 695 2449 755 Das
2478 697 2544 757 war
2569 700 2750 760 Schnitzlers
2779 698 2860 758 Zelt.
2894 699 2980 759 Viel¬

403 698 482 758 Park
506 697 754 757 dahinwandern
783 696 885 756 sehen,
909 697 1017 757 vorbei
1041 697 1073 757 am
1116 697 1228 757 Kainz¬

1281 740 1453 800 sprochenen
1495 740 1593 800 feinen
1636 739 1821 799 Manieren.
1860 739 1920 799 Sie
1953 739 2097 799 braucher

403 741 570 801 Denkmal.
636 742 798 802 Vielleicht
833 740 907 800 blieb
947 739 980 799 er
1021 740 1055 800 ab
1095 740 1154 800 und
1198 739 1222 799 zu

2160 738 2248 798 leicht
2278 740 2396 800 werden
2442 739 2520 799 seine
2555 742 2683 802 Stücke:
2729 743 2807 803 „Der
2847 745 2979 805 einsame

1286 783 1364 843 keine
1400 783 1507 843 Helden
1548 783 1626 843 sein,
1657 783 1710 843 das
1745 783 1785 843 ist
1815 782 1863 842 ihr
1899 783 2105 843 angenehmer

405 785 498 845 stehen
533 783 591 843 und
626 783 724 843 blickte
754 783 803 843 sich
838 783 881 843 ein
916 783 1014 843 wenig
1044 783 1132 843 müde
1167 783 1201 843 um

2158 781 2268 841 Weg",
2322 784 2406 844 „Das
2470 782 2565 842 weite
2623 783 2744 843 Land",
2803 786 2977 846 „Anatol".

1282 826 1419 886 Vorzug;
1452 827 1493 887 sie
1526 825 1620 885 haben
1663 828 1727 888 ihre
1765 825 2023 885 Beschäftigung,
2056 825 2103 885 die

2161 825 2442 885 „Zwischenspiel",
2496 822 2666 882 „Komödie
2724 826 2783 886 der
2836 829 2979 889 Worte",

400 828 551 888 Dahinten
603 826 627 886 im
679 828 861 888 Dunstkreis
907 826 957 886 des
993 828 1135 888 Herbstes
1181 827 1226 887 lag

1284 869 1362 929 nicht
1382 871 1490 931 gerade
1515 870 1627 930 Arbeit
1652 871 1676 931 zu
1702 870 1755 930 sein
1785 870 1932 930 braucht;
1947 870 1981 930 sie
2006 870 2094 930 haben

2162 870 2240 930 „Dr.
2256 870 2457 930 Bernhardi"
2487 870 2541 930 und
2567 870 2625 930 alle
2645 870 2689 930 die
2714 870 2807 930 vielen
2837 873 2965 933 anderen

403 872 624 932 ausgebreitet
649 869 663 929 —
718 872 776 932 sein
811 870 914 930 Wien.
963 872 1027 932 Das
1057 872 1164 932 Wien,
1189 870 1218 930 an

1277 912 1345 972 ihre
1378 915 1494 975 Frauen
1532 915 1600 975 oder
1633 914 1717 974 süßen
1755 915 1898 975 Mädels,
1925 914 1983 974 mit
2010 912 2099 972 denen

2157 912 2276 972 einmal
2310 912 2362 972 vor
2401 914 2488 974 einer
2522 915 2737 975 sportgeübten
2781 917 2977 977 Gegenwart

404 915 499 975 dessen
531 914 647 974 Kultur
674 915 726 975 der
748 915 847 975 letzten
879 916 911 976 30
943 916 1037 976 Jahre
1064 915 1095 975 er
1122 916 1217 976 keinen

2162 956 2344 1016 verblassen.
2379 956 2438 1016 Das
2473 957 2547 1017 wird
2577 959 2646 1019 aber
2671 957 2705 1017 an
2735 958 2789 1018 den
2819 962 2972 1022 Menschen

1287 959 1319 1019 sie
1348 959 1492 1019 Schicksal
1515 957 1642 1017 spielen.

406 960 548 1020 geringen
585 957 696 1017 Anteil
718 957 819 1017 hatte.

1325 998 1384 1058 Der
1417 1000 1492 1060 Arzt
1520 1001 1687 1061 Schnitzler
1715 1001 1785 1061 läßt
1813 1000 1888 1060 viele
1921 1001 2012 1061 seiner
2045 998 2104 1058 Ge¬

2158 998 2273 1058 liegen,
2299 1000 2374 1060 nicht
2399 999 2435 1059 an
2465 999 2646 1059 Schnitzler,
2667 1000 2742 1060 denn
2778 1003 2803 1063 im
2844 1005 2974 1065 Grunde

448 1002 506 1062 Der
533 1002 665 1062 Liebling
698 1001 745 1061 der
777 1001 983 1061 Gesellschaft,
1005 1001 1058 1061 der
1085 1001 1227 1061 gewohnt

1286 1043 1386 1103 stalten
1423 1043 1554 1103 sterben.
1597 1044 1676 1104 Aber
1708 1043 1744 1103 sie
1776 1043 1892 1103 sterben
1929 1042 2008 1102 nicht
2045 1043 2097 1103 wie

2158 1040 2194 1100 ist
2222 1042 2290 1102 doch
2317 1042 2380 1102 jede
2418 1043 2566 1103 wirkliche
2604 1046 2719 1106 Kultur
2752 1045 2878 1105 zeitlos.
2916 1047 2979 1107 Un¬

403 1045 486 1105 war,
507 1043 531 1103 in
561 1040 610 1100 den
645 1044 762 1104 Salons
797 1043 846 1103 von
881 1043 959 1103 Wien
994 1043 1048 1103 das
1073 1045 1161 1105 Beste
1186 1046 1220 1106 an

1285 1087 1329 1147 die
1355 1088 1455 1148 kleine
1487 1087 1607 1147 Hedwig
1638 1087 1667 1147 in
1704 1085 1753 1145 der
1789 1085 2001 1145 „Wildente",
2026 1085 2081 1145 nich

2153 1085 2345 1145 vergänglich
2398 1085 2471 1145 aber
2519 1085 2639 1145 werden
2693 1088 2852 1148 bestimmt
2895 1090 2972 1150 diese

404 1087 489 1147 Geist
524 1086 584 1146 und
626 1085 741 1145 Kultur
782 1086 817 1146 um
868 1087 913 1147 sich
953 1088 1160 1148 versammelt
1196 1088 1220 1148 zu

1285 1130 1341 1190 wie
1367 1130 1471 1190 Eilert
1497 1130 1637 1190 Lövborg
1668 1128 1694 1188 in
1736 1129 1854 1189 „Hedda
1886 1130 2041 1190 Gabler",
2067 1130 2103 1190 sie

2156 1127 2300 1187 Kovellen
2331 1128 2413 1188 sein,
2434 1128 2475 1188 die
2507 1130 2552 1190 zum
2595 1130 2702 1190 Besten
2734 1133 2883 1193 gehören,
2904 1135 2971 1195 was

408 1130 509 1190 sehen,
541 1130 594 1190 der
637 1130 834 1190 Frauenarzt

971 1133 1230 1193 Frauenkenner,

2156 1169 2187 1229 an
2225 1172 2378 1232 deutscher
2411 1172 2501 1232 Prosa
2533 1175 2687 1235 geschaffen
2724 1175 2846 1235 wurde.

1285 1175 1417 1235 sterben,
1438 1172 1511 1232 weil
1531 1172 1619 1232 ihnen
1654 1172 1707 1232 das
1737 1172 1825 1232 Leben
1860 1173 2007 1233 vielleicht
2037 1172 2096 1232 doch

404 1172 460 1232 der
486 1173 723 1233 Seelenchirurg
750 1174 806 1234 und
837 1176 940 1236 gütige
967 1175 1126 1235 Versteher
1152 1175 1224 1235 aller

1279 1216 1357 1276 nicht
1392 1216 1490 1276 etwas
1525 1216 1603 1276 gab,
1633 1216 1697 1276 was
1737 1214 1919 1274 annähernd
1954 1216 1978 1276 im
2028 1216 2105 1276 Ver¬

2201 1213 2249 1273 Ist
2289 1212 2327 1272 er
2371 1214 2442 1274 denn
2493 1216 2625 1276 wirklich
2670 1218 2736 1278 tot,
2775 1219 2830 1279 der
2875 1223 2973 1283 greise

403 1218 609 1278 menschlichen
649 1217 849 1277 Schwächen,
875 1217 943 1277 war
973 1217 997 1277 in
1037 1218 1085 1278 den
1125 1216 1218 1276 letzten

1281 1261 1398 1321 hältnis
1433 1258 1462 1318 zu
1497 1259 1551 1319 dem
1601 1260 1703 1320 stand,
1728 1259 1792 1319 was
1832 1260 1895 1320 man
1935 1258 1964 1318 zu
2004 1260 2101 1320 seiner

2161 1258 2331 1318 Jüngling?
2365 1255 2425 1315 Hat
2454 1256 2486 1316 er
2514 1258 2563 1318 den
2598 1260 2652 1320 Tod
2686 1260 2769 1320 nicht
2797 1264 2968 1324 bezwingen

406 1261 519 1321 Jahren
550 1260 612 1320 sehr
638 1261 844 1321 vereinsamt.
881 1261 937 1321 Die
964 1261 1077 1321 einzige
1103 1261 1226 1321 Tochter

1282 1304 1477 1364 Bestreitung
1509 1303 1725 1363 aufzubringen
1757 1301 1859 1361 hatte.
1875 1300 1947 1360 Eine
1968 1303 2102 1363 schlichte

399 1302 489 1362 hatte
525 1301 585 1361 mit
621 1303 706 1363 einem
758 1306 919 1366 tragischen
965 1306 1086 1366 Freitod
1127 1303 1212 1363 ihrem

2161 1300 2292 1360 können,
2325 1300 2383 1360 wie
2420 1300 2451 1360 er
2484 1301 2531 1361 ihn
2574 1303 2769 1363 tausendmal
2801 1307 2828 1367 in
2871 1309 2970 1369 seinen

1280 1348 1426 1408 Einsicht.
1465 1346 1556 1406 Wozu
1595 1349 1681 1409 auch,
1709 1348 1741 1408 es
1774 1348 1833 1408 hat
1861 1347 1887 1407 ja
1920 1345 1985 1405 doch
2024 1347 2099 1407 alles

2158 1345 2279 1405 Werken
2312 1345 2544 1405 überwunden,
2567 1348 2614 1408 er,
2635 1348 2688 1408 der
2710 1349 2783 1409 stets
2815 1351 2889 1411 kühl
2916 1352 2968 1412 und

403 1348 494 1408 Leben
522 1351 565 1411 ein
593 1348 657 1408 Ziel
674 1349 788 1409 gesetzt,
805 1350 853 1410 die
875 1351 951 1411 Frau
979 1351 1065 1411 hatte
1088 1350 1130 1410 ihn
1164 1348 1233 1408 ver¬

399 1391 503 1451 lassen,
539 1392 598 1452 und
643 1390 692 1450 der
723 1390 806 1450 Sohn

2563 1393 2623 1453 klug
2652 1391 2718 1451 über
2742 1393 2830 1453 seinen
2864 1393 2981 1453 Schöp¬

401 1434 530 1494 Heinrich
550 1434 632 1494 war,
647 1434 694 1494 dem
729 1434 815 1494 Thea¬

2566 1434 2668 1494 fungen
2701 1434 2803 1494 stand?

399 1479 513 1539 terbiut
543 1479 592 1539 des
628 1479 732 1539 Vaters
762 1480 816 1540 fol¬

2612 1476 2644 1536 Am
2678 1481 2819 1541 Dienstag
2848 1482 2973 1542 besuchte

1719 1507 2147 1567 undbranken

401 1524 495 1584 gend,
506 1524 570 1584 nach
591 1523 690 1583 Berlin
716 1524 745 1584 an
776 1523 814 1583 die

2561 1521 2590 1581 er
2616 1522 2675 1582 noch
2701 1521 2750 1581 das
2775 1524 2914 1584 Theater;
2929 1526 2959 1586 am

402 1565 514 1625 Bühne
541 1566 712 1626 gegangen.
750 1566 808 1626 Den

2563 1566 2711 1626 Mittwoch
2749 1568 2819 1628 ging
2857 1571 2888 1631 er
2921 1570 2973 1630 wie

404 1608 470 1668 Weg
496 1610 634 1670 hinunter
656 1610 742 1670 gehen
763 1610 819 1670 wir

2564 1610 2734 1670 gewöhnlich
2777 1610 2803 1670 im
2852 1613 2979 1673 Türken¬

1847 1603 1996 1663 gehr
2031 1614 2409 1674 bekömmlich

402 1652 457 1712 alle
478 1655 579 1715 allein,
595 1654 655 1714 sagt
676 1652 742 1712 Herr
758 1655 808 1715 von

2564 1654 2893 1714 schanzparkspazieren.
2910 1656 2980 1716 Viel¬

402 1696 489 1756 Salla
544 1697 571 1757 im
631 1698 811 1758 „Einsamen

2565 1697 2647 1757 leicht
2667 1700 2768 1760 machte
2793 1700 2817 1760 er
2841 1700 2890 1760 vor
2914 1703 2958 1763 dem

408 1737 513 1797 Weg".
541 1742 607 1802 War
630 1742 658 1802 es
686 1742 718 1802 ein
747 1745 813 1805 Weg

2570 1742 2792 1802 Kainzdenkmal
2814 1744 2890 1804 halt,
2913 1745 2977 1805 weil

404 1784 546 1844 hinunter
562 1787 608 1847 für
628 1787 674 1847 den
695 1787 822 1847 Dichter!

2564 1785 2607 1845 ihn
2640 1787 2688 1847 der
2716 1790 2921 1850 Jotenschädel
2944 1790 2965 1850 in

1754 1825 2156 1885 Thea

449 1830 487 1890 Es
521 1828 554 1888 ist
583 1831 732 1891 eigentlich
760 1832 815 1892 fast

2565 1828 2610 1888 des
2631 1829 2733 1889 Mimen
2754 1831 2830 1891 Hand
2856 1833 2973 1893 irgend¬

2568 1871 2621 1931 wie
2648 1876 2797 1936 berührte.
2819 1875 2856 1935 Er
2878 1876 2974 1936 blickte

400 1875 478 1935 nicht
521 1875 547 1935 zu
589 1876 715 1936 glauben
763 1876 809 1936 daß

1647 1914 2401 1974 MIICH-MARGARINE

406 1918 560 1978 Schnitzler
603 1916 629 1976 im
683 1918 810 1978 nächsten

2567 1919 2611 1979 zum
2662 1919 2818 1979 letztenmal
2841 1922 2891 1982 auf
2920 1923 2969 1983 sein

407 1964 501 2024 Jahre
535 1963 613 2023 schon
647 1960 741 2020 fiebzig
771 1965 820 2025 ge¬

2562 1963 2701 2023 geliebtes
2744 1965 2824 2025 Wien
2872 1968 2979 2028 herab,

1650 1986 1998 2046 weilleicht
2041 1988 2389 2048 verdaulich

404 2005 521 2065 worden
552 2008 644 2068 wäre.
675 2008 736 2068 Wir
757 2008 823 2068 ken¬

2564 2005 2651 2065 dessen
2688 2008 2777 2068 echter
2803 2010 2974 2070 eingebore¬

2562 2049 2612 2109 ner
2633 2049 2714 2109 Sohn
2745 2051 2770 2111 er
2802 2051 2867 2111 doch
2899 2055 2979 2115 war.

403 2050 455 2110 nen
475 2052 513 2112 ihn
538 2052 590 2112 alle
605 2052 667 2112 noch
687 2052 735 2112 mit
755 2052 797 2112 dem

2154 2092 2193 2152 Um
2239 2094 2272 2154 11
2302 2095 2358 2155 Uhr
2381 2096 2450 2156 fand
2479 2097 2524 2157 ihn
2553 2095 2598 2155 die
2621 2097 2826 2157 Sekretärin,
2844 2098 2889 2158 die
2918 2097 2974 2157 wie

1283 2098 1382 2158 keinen
1417 2100 1516 2160 Sinn,
1539 2097 1605 2157 sagt
1628 2096 1749 2156 jemand
1778 2097 1827 2157 bei
1850 2097 2017 2157 Schnitzler
2045 2097 2100 2157 und

407 2097 557 2157 schwarzen
583 2096 738 2156 Spitzbart
759 2097 809 2157 und
839 2099 884 2159 der
905 2097 1045 2157 samtenen
1071 2097 1141 2157 Locke
1156 2097 1226 2157 quer

2156 2139 2270 2199 immer
2307 2141 2352 2201 zum
2405 2139 2514 2199 Diktat
2546 2139 2685 2199 erschien,
2712 2142 2888 2202 bewußtlos
2925 2142 2955 2202 am

402 2139 477 2199 über
502 2137 543 2197 die
574 2141 679 2201 Stirn.
725 2141 851 2201 Samten
893 2142 953 2202 war
984 2142 1049 2202 doch
1080 2142 1226 2202 eigentlich

1283 2142 1356 2202 tritt
1386 2143 1625 2203 stillschweigend
1660 2142 1711 2202 ab.

2157 2184 2356 2244 Schreibtisch
2379 2181 2395 2241 —
2446 2184 2484 2244 ein
2513 2187 2584 2247 paar
2612 2187 2751 2247 Stunden
2779 2187 2878 2247 später
2907 2187 2972 2247 war

412 2186 487 2246 alles
526 2188 563 2248 an
612 2186 731 2246 Arthur
769 2189 953 2249 Schnitzler,
986 2188 1066 2248 seine
1105 2190 1229 2250 Augen,

1320 2225 1389 2285 Mit
1418 2227 1470 2287 der
1500 2228 1609 2288 milden
1651 2228 1737 2288 Hand
1773 2228 1854 2288 eines
1889 2228 2022 2288 Weisen,
2052 2228 2103 2288 der

2159 2228 2191 2288 er
2225 2229 2285 2289 tot.
2330 2228 2384 2288 Ein
2418 2229 2528 2289 milder
2556 2228 2634 2288 Tod,
2662 2230 2717 2290 wie
2745 2231 2778 2291 er
2806 2231 2855 2291 ihn
2889 2230 2971 2290 seine

408 2232 460 2292 sein
503 2231 603 2291 Haar,
631 2230 710 2290 seine
742 2231 880 2291 weißen,
902 2233 1092 2293 frauenhaft
1125 2231 1225 2291 zarten

1286 2271 1354 2331 stets
1392 2272 1497 2332 bereit
1530 2271 1582 2331 ist,
1614 2272 1672 2332 alle
1710 2273 1820 2333 Fehler
1863 2271 1889 2331 zu
1932 2270 2106 2330 verzeihen,

2159 2269 2268 2329 Helden
2304 2271 2413 2331 sterben
2454 2273 2528 2333 ließ,
2552 2273 2633 2333 hatte
2668 2273 2731 2333 auch
2766 2275 2806 2335 ihn
2847 2276 2881 2336 an
2917 2275 2968 2335 der

414 2273 530 2333 Hände,
558 2275 619 2335 sein
664 2278 892 2338 Klavierspiel,
920 2276 974 2336 auf
1009 2275 1069 2335 das
1108 2275 1142 2335 er
1175 2276 1225 2336 sich

1285 2315 1367 2375 wenn
1399 2315 1429 2375 er
1456 2317 1502 2377 die
1523 2318 1761 2378 unerbittlichen
1793 2318 1953 2378 Schicksale
1979 2317 2103 2377 deshalb

2157 2318 2301 2378 weichen,
2324 2318 2435 2378 weißen
2469 2316 2546 2376 Hand
2575 2316 2769 2376 genommen.

402 2318 597 2378 meisterhaft
644 2318 803 2378 verstand.
866 2319 907 2379 In
954 2318 1005 2378 den
1057 2321 1226 2381 neunziger

1286 2361 1350 2421 auch
1383 2361 1464 2421 nicht
1492 2363 1654 2423 abwenden
1693 2363 1784 2423 kann,
1806 2363 1942 2423 zeichnet
1964 2361 1996 2421 er
2024 2362 2104 2422 seine

408 2363 516 2423 Jahren
554 2363 624 2423 war
651 2364 711 2424 sein
744 2365 808 2425 Typ
841 2364 895 2424 der
922 2362 987 2422 Typ
1020 2365 1074 2425 des
1107 2365 1220 2425 schönen

2698 2369 2733 2429 5.
2760 2368 2794 2428 J.
2822 2363 2927 2423 Gigler

1162 2406 1216 2466 Ein

413 2408 569 2468 Mannes,
606 2406 656 2466 des
702 2408 1103 2468 Frauenherzenbrechers.

408 2450 582 2510 prächtiger
625 2449 730 2509 Bart,
767 2452 830 2512 mit
873 2452 1046 2512 gepflegten
1100 2450 1221 2510 Händen

406 2494 544 2554 liebreich
576 2494 782 2554 gestrelchelt,
804 2494 926 2554 gehörte
958 2494 1048 2554 dazu,
1075 2493 1117 2553 ein
1150 2493 1234 2553 Bttck

407 2539 463 2599 von
495 2538 666 2598 heimlichen
702 2537 821 2597 Feuern
853 2536 1034 2596 erleuchtet,
1061 2537 1143 2597 Geist
1170 2538 1226 2598 und

412 2581 553 2641 Würde.

616 2581 710 2641 Wenn
753 2581 822 2641 man
865 2582 1034 2642 Schnitzler
1072 2581 1225 2641 natürlich

404 2626 473 2686 auch
522 2626 606 2686 nicht
649 2625 675 2685 in
723 2625 776 2685 die
825 2626 920 2686 Reihe
963 2626 1064 2686 dieser
1107 2626 1228 2686 schönen

404 2669 548 2729 Männer
580 2670 677 2730 zählen
719 2670 801 2730 will,
823 2669 848 2729 so
885 2667 952 2727 war
983 2667 1014 2727 er
1045 2668 1107 2728 doch
1149 2667 1231 2727 einer

404 2713 457 2773 der
500 2715 732 2775 bedeutendsten
781 2712 949 2772 Vertreter
993 2715 1087 2775 dieser
1130 2712 1236 2772 Gene¬

409 2757 541 2817 ration.

454 2876 550 2936 Seine
583 2879 768 2939 Bedeutung
806 2879 854 2939 lag
887 2879 914 2939 in
953 2879 1006 2939 der
1039 2879 1229 2939 bestimmten

411 2924 728 2984 Menschengattung,
744 2924 789 2984 die
820 2922 850 2982 er
876 2923 931 2983 und
962 2924 1067 2984 keiner
1093 2924 1149 2984 vor
1174 2924 1219 2984 ihm

406 2968 571 3028 geschaffen
612 2968 717 3028 hatte,
743 2967 803 3027 und
844 2966 868 3026 in
909 2964 964 3024 der
1005 2967 1080 3027 Art,
1111 2966 1166 3026 wie
1202 2967 1231 3027 er

403 3011 478 3071 diese
523 3012 778 3072 Menschentypen
828 3010 876 3070 dem
931 3012 1089 3072 Schicksal
1122 3011 1236 3071 gegen¬

409 3055 611 3115 überstellte.

453 3107 516 3167 Der
543 3109 638 3169 große
665 3108 819 3168 nordische
851 3106 1095 3166 Frauenkenner
1122 3106 1232 3166 Henrik

407 3152 492 3212 Ibsen
524 3153 577 3213 hat
599 3151 672 3211 seine
700 3154 848 3214 Menschen
880 3151 906 3211 an
939 3151 1023 3211 ihren
1050 3151 1225 3211 Schicksalen

411 3196 641 3256 niederbrechen
682 3194 752 3254 oder
788 3194 833 3254 als
868 3193 984 3253 Sieger
1019 3196 1225 3256 hervorgehen

413 3241 523 3301 lassen;
574 3238 609 3298 er
660 3241 730 3301 war
786 3238 983 3298 unerbittlich
1044 3239 1104 3299 wie
1160 3240 1230 3300 alles

412 3282 589 3342 Kordische.
628 3282 703 3342 Auch
731 3283 898 3343 Schnitzler
931 3282 995 3342 läßt
1028 3282 1104 3342 viele
1137 3282 1233 3342 seiner

413 3330 562 3390 Gestalten
594 3327 624 3387 an
651 3327 733 3387 ihrem
776 3327 920 3387 Schicksal
941 3327 1148 3387 untergehen,
1164 3327 1236 3387 aber

408 3372 442 3432 er
493 3372 629 3432 verzeiht
675 3371 760 3431 ihnen
811 3371 922 3431 vorher
968 3371 1038 3431 noch
1080 3369 1134 3429 alle
1170 3371 1235 3431 ihre

411 3414 567 3474 Sünden;
613 3415 642 3475 es
694 3415 754 3475 sind
805 3414 911 3474 müde,
957 3414 1057 3474 etwas
1098 3416 1234 3476 morbide

413 3458 604 3518 Tragödien,
636 3458 684 3518 die
722 3458 800 3518 diese
839 3458 944 3518 Helden
993 3458 1146 3518 erleiden,
1179 3458 1236 3518 wie

415 3501 488 3561 diese
515 3503 626 3563 Helden
658 3501 721 3561 auch
753 3502 832 3562 sind,
854 3501 938 3561 müde
970 3502 1027 3562 und
1055 3502 1234 3562 überaltert

411 3546 474 3606 wie
496 3546 549 3606 das
582 3548 736 3608 damalige
768 3545 932 3605 kaiserliche
966 3543 1071 3603 Wien.

453 3595 495 3655 Da
533 3598 569 3658 ist
602 3602 735 3662 Anatol,
762 3599 814 3659 der
847 3599 942 3659 liebe,
969 3599 1064 3659 etwas
1102 3602 1234 3662 windige

414 3644 635 3704 Salonschurl,
660 3642 709 3702 den
749 3643 808 3703 wir
838 3644 901 3704 noch
936 3641 995 3701 vor
1025 3641 1074 3701 dem
1124 3644 1236 3704 Kriege

411 3688 562 3748 kannten,
593 3688 648 3748 der
684 3685 871 3745 leichtsinnig
912 3686 973 3746 und
1014 3686 1236 3746 unwidersteh¬

412 3733 461 3793 lich
505 3732 618 3792 gerade
663 3730 726 3790 nur
766 3730 820 3790 das
855 3730 923 3790 tut,
958 3730 1026 3790 was
1061 3729 1105 3789 ihm
1155 3733 1233 3793 seine

412 3775 552 3835 Reigung
585 3775 720 3835 eingibt;
743 3775 780 3835 da
813 3774 845 3834 ist
873 3775 1029 3835 Leutnant
1057 3774 1159 3834 Gustl,
1182 3774 1235 3834 der

414 3820 541 3880 typische
571 3820 722 3880 Leutnant
752 3817 806 3877 der
836 3819 909 3879 alten
948 3820 977 3880 k.
998 3819 1031 3879 u.
1056 3817 1085 3877 k.
1110 3820 1237 3880 Armee:

409 3862 444 3922 da
493 3863 555 3923 sind
599 3862 767 3922 dekadente
803 3859 971 3919 Jagediebe
1020 3859 1078 3919 und
1122 3859 1237 3919 Globe¬

414 3905 551 3965 trotter,
591 3905 640 3965 die
670 3906 787 3966 schöne,
827 3905 856 3965 in
905 3901 993 3961 ihrer
1028 3901 1086 3961 Ehe
1121 3903 1238 3963 unver¬

410 3951 556 4011 standene
597 3948 718 4008 Frauen
759 3945 931 4005 trösteten;
962 3946 997 4006 da
1038 3948 1098 4008 sind
1140 3947 1235 4007 starke

411 3994 628 4054 Ehemänner,
650 3993 696 4053 die
722 3992 867 4052 zuweilen
905 3990 961 4050 mit
987 3991 1039 4051 der
1065 3992 1158 4052 Faust
1185 3991 1241 4051 auf

415 4038 467 4098 den
510 4038 584 4098 Tisch
621 4038 774 4098 schlagen,
807 4035 949 4095 zuweilen
997 4035 1081 4095 weise
1124 4035 1229 4095 lächeln

412 4082 471 4142 und
504 4082 531 4142 so
564 4083 640 4143 tun,
668 4082 711 4142 als
745 4082 832 4142 sähen
870 4081 908 4141 sie
936 4079 1056 4139 nichts;
1090 4079 1230 4139 zuweilen
