3248 4384
359 260 936 320 Schnitzler's
1007 263 1235 323 Death

1460 261 1583 321 box
1660 266 1909 326 43/11

273 769 408 829 Preis
448 769 607 829 dieser
639 772 869 832 Nummer
910 772 964 832 50
1021 774 1267 834 Groschen

2041 1198 2236 1258 ON

664 1204 1554 1264 MoUNO

2540 1213 2626 1273 a

2486 1289 2568 1349 mit
2594 1291 2670 1351 den

2270 1354 2761 1414 Veröffentlichungen
2806 1357 2884 1417 der

2085 1429 2286 1489 „Union
2340 1432 2813 1492 österreichischer
2858 1435 3050 1495 Juden“

2482 1494 2557 1554 und
2601 1494 2675 1554 den

751 1535 1509 1595 Fanrhel

2127 1554 2391 1614 Ämtlichen
2443 1560 2900 1620 Verlautbarungen
2942 1563 3024 1623 der

2008 1638 2388 1698 Israelitischen
2446 1641 2932 1701 Kultusgemeinde
2981 1641 3118 1701 Wien

293 1641 525 1701 Erscheint
547 1644 666 1704 jeden
706 1647 872 1707 Freitag

721 1781 986 1841 Redaktion
1031 1782 1119 1842 und
1165 1781 1594 1841 Administration:
1624 1785 1749 1845 Wien
1794 1787 1868 1847 II.,
1899 1784 2216 1844 Heinestraße
2254 1783 2298 1843 13
2343 1783 2357 1843 —
2433 1787 2668 1847 Telephon
2714 1787 2735 1847 R
2788 1787 2950 1847 46-2-16

254 1894 438 1954 XLVII.
464 1901 706 1961 Jahrgang

1588 1901 1750 1961 Wien,
1773 1904 1846 1964 30.
1877 1901 2083 1961 Oktober
2121 1901 2224 1961 1931

3116 1910 3202 1970 Num

2644 2123 2709 2183 50
2758 2113 2978 2173 kompl.
2998 2119 3218 2179 Sk-Aus

2750 2150 2894 2210 bestehend
2913 2152 2979 2212 aus:
2991 2152 3003 2212 1
3015 2153 3080 2213 Paar
3097 2155 3154 2215 gute
3174 2153 3220 2213 Esc

2752 2179 3091 2239 Chromleder-Bindung,
3121 2184 3134 2244 1
3153 2184 3224 2244 Paar

2757 2211 2765 2271 1
2783 2208 2852 2268 Paar
2870 2211 3039 2271 Fußbleche,
3062 2211 3074 2271 1
3088 2214 3157 2274 aar
3179 2212 3235 2272 Has

2755 2238 2921 2298 Rohrteller,
2929 2241 2937 2301 1
2949 2241 3015 2301 Paar
3032 2242 3237 2302 Lederschlaute

647 2258 1019 2318 Artur
1116 2262 1926 2322 Schnitzler.

2754 2269 2864 2329 brillen,
2885 2273 2896 2333 1
2913 2274 3070 2334 spannholz
3095 2274 3122 2334 u.
3138 2274 3150 2334 1
3166 2274 3229 2334 Klot

2752 2301 2890 2361 kiassiger
2920 2304 3062 2364 Montage,
3092 2304 3158 2364 alles
3184 2304 3234 2364 zus

2750 2332 2918 2392 Deesgibe
2944 2334 3011 2394 füre
3033 2334 3108 2394 Kind
3134 2334 3146 2394 8
3172 2334 3205 2394 10

2431 2352 2502 2412 Nur

3135 2371 3230 2431 Wioel

2456 2405 3234 2465 belPORTVATTER.

1052 2414 1172 2474 Worte
1207 2414 1269 2474 des
1299 2417 1539 2477 Gedenkens.

207 2475 342 2535 Prof.
372 2477 558 2537 Heinrich
601 2477 915 2537 Glücksmann:

2430 2531 2492 2591 den
2528 2533 2662 2593 Rücken
2698 2536 2790 2596 fällt,
2805 2537 2839 2597 um
2889 2537 2953 2597 sich
2989 2540 3095 2600 gegen
3131 2540 3186 2600 das
3215 2537 3229 2597 R

283 2555 360 2615 Der
394 2558 576 2618 geplanten
622 2558 721 2618 Feier
755 2559 876 2619 seines
910 2561 971 2621 60.
1000 2561 1259 2621 Geburtstages

1313 2564 1536 2624 abgekehrte
1597 2567 1917 2627 Gleichgültigkeit
1973 2567 2032 2627 der
2092 2567 2244 2627 Starken
2310 2570 2375 2630 und

2432 2582 2526 2642 Seite
2555 2583 2615 2643 der
2644 2585 2772 2645 Macht
2795 2586 2834 2646 zu
2862 2588 3052 2648 schlagen,
3074 2588 3124 2648 die
3153 2588 3224 2648 Ces

194 2605 326 2665 entfloh
364 2607 469 2667 Artur
496 2607 702 2667 Schnitzler
729 2608 924 2668 seinerzeit
951 2609 977 2669 in
1015 2611 1072 2671 den
1110 2611 1252 2671 Frieden

1319 2614 1540 2674 Mächtigen,
1562 2616 1610 2676 als
1638 2614 1729 2674 einen
1762 2617 1859 2677 jener
1881 2617 2043 2677 Dichter,
2065 2617 2113 2677 die
2141 2617 2205 2677 mit
2233 2617 2367 2677 Wärme

2434 2632 2504 2692 keit
2531 2632 2590 2692 des
2624 2632 2802 2692 getauften
2841 2635 2943 2695 Juden
2982 2638 3209 2698 Schreimann

203 2656 261 2716 der
298 2656 435 2716 Berge,
462 2656 498 2716 um
552 2659 736 2719 erfrischt,
763 2661 927 2721 erquickt
965 2662 1022 2722 und
1065 2662 1165 2722 durch
1208 2662 1260 2722 die

1324 2662 1383 2722 und
1424 2664 1515 2724 Güte
1551 2665 1575 2725 in
1611 2665 1676 2725 das
1707 2665 1757 2725 sie
1787 2668 2024 2728 umwogende
2060 2668 2175 2728 Leben
2211 2668 2387 2728 schauen,

2432 2680 2539 2740 neben
2574 2682 2784 2742 schießende
2813 2686 3005 2746 Galligkeit
3029 2686 3091 2746 des
3120 2689 3221 2749 imme

195 2704 370 2764 zahllosen
402 2709 691 2769 Kundgebungen
728 2709 784 2769 der
811 2710 914 2770 Liebe
951 2710 1007 2770 und
1044 2712 1266 2772 Verehrung,

1316 2713 1380 2773 das
1411 2713 1461 2773 sie
1497 2713 1714 2773 befruchtet,
1744 2716 1805 2776 und
1841 2717 1895 2777 die
1932 2716 1992 2776 aus
2022 2716 2143 2776 diesen
2184 2719 2375 2779 wimmeln¬

2435 2731 2544 2791 Rasse
2583 2734 2798 2794 gekränkten
2843 2737 3019 2797 Dozenten
3063 2737 3234 2797 Löwenst

199 2755 263 2815 vor
303 2756 386 2816 allem
440 2755 503 2815 des
543 2758 921 2818 weltumspannenden
966 2761 1260 2821 Verständnisses

1321 2762 1379 2822 den
1411 2762 1629 2822 Reserveirs
1656 2764 1820 2824 schöpfen
1858 2766 1921 2826 mit
1943 2767 2113 2827 innigster
2145 2770 2389 2830 Zärtlichkeit.

2437 2779 2629 2839 schärfsten
2662 2785 2777 2845 Lauge
2817 2785 2932 2845 seiner
2959 2788 3067 2848 Ironie
3101 2788 3138 2848 zu
3171 2788 3234 2848 übe

200 2806 350 2866 erfreut,
371 2806 406 2866 an
437 2807 553 2867 seinen
584 2809 821 2869 Schreibtisch
852 2811 1165 2871 zurückzukehren
1201 2811 1256 2871 und

1322 2809 1500 2869 heiligstem
1555 2811 1706 2871 Mitleid,
1729 2814 1869 2874 tiefster
1902 2816 2205 2876 Menschenliebe.

203 2856 316 2916 seiner
342 2856 559 2916 Gemeinde,
575 2856 626 2916 die
653 2856 704 2916 die
736 2859 859 2919 Besten
890 2859 952 2919 der
979 2862 1262 2922 Kulturmensch¬

2514 2862 2613 2922 Aber
2648 2860 2714 2920 wie
2749 2862 2782 2922 es
2816 2864 2871 2924 ihm
2923 2865 2950 2925 in
3007 2865 3130 2925 diesem
3198 2867 3214 2927 m

1407 2892 1476 2952 Das
1515 2894 1693 2954 „jüdische
1727 2895 1840 2955 Herz“
1873 2898 1987 2958 pulste
2042 2898 2112 2958 mit
2161 2900 2362 2960 mächtigem

205 2904 276 2964 heit
298 2905 525 2965 einbegreift,
541 2907 628 2967 neue
654 2907 773 2967 reifste
799 2909 917 2969 Gaben
948 2910 1062 2970 seiner
1088 2911 1201 2971 Kunst
1222 2911 1258 2971 zu

2431 2910 2723 2970 Bühnenwerke,
2750 2913 2808 2973 nit
2836 2913 2952 2973 diesem
2995 2914 3127 2974 stolzen
3165 2919 3239 2979 Mär

1316 2943 1465 3003 Schlage
1503 2943 1524 3003 im
1573 2943 1717 3003 Dichter
1750 2945 1856 3005 Artur
1905 2946 2124 3006 Schnitzler.

2155 2951 2191 3011 Im
2255 2952 2376 3012 Ange¬

200 2955 401 3015 schenken.
427 2957 498 3017 Der
525 2957 627 3017 Feier
659 2958 777 3018 seines
809 2958 917 3018 nahen
953 2961 1175 3021 Siebzigers,
1222 2962 1257 3022 zu

2428 2960 2491 3020 das
2529 2961 2613 3021 auch
2652 2963 2752 3023 nicht
2784 2964 2843 3024 das
2880 2964 3061 3024 geringste
3099 2967 3225 3027 erotisc

1319 2991 1428 3051 sichte
1465 2993 1524 3053 des
1555 2994 1882 3054 Leichenwagens,
1908 2995 1968 3055 der
1999 2997 2059 3057 den
2100 2998 2205 3058 Toten
2241 3000 2276 3060 an
2317 3000 2376 3060 uns

200 3006 264 3066 dem
310 3006 431 3066 unsere
462 3006 612 3066 Theater
638 3008 703 3068 und
734 3009 950 3069 literarische
982 3012 1258 3072 Vereinigungen

2433 3009 2667 3069 eingeflossen
2699 3012 2746 3072 ist
2768 3012 2832 3072 und
2859 3015 2922 3075 das
2949 3015 3039 3075 seine
3072 3017 3215 3077 Dichter

1324 3039 1613 3099 vorüberführte,
1641 3044 1735 3104 sagte
1772 3043 1835 3103 mir
1873 3044 1919 3104 ein
1952 3044 2225 3104 Schriftsteller,
2252 3047 2310 3107 der
2342 3048 2368 3108 in

203 3053 333 3113 bereits
363 3054 544 3114 rüsteten,
566 3056 610 3116 ist
636 3056 670 3116 er
696 3059 928 3119 gründlicher
954 3059 1013 3119 aus
1044 3061 1104 3121 dem
1155 3062 1260 3122 Wege

2433 3059 2534 3119 gültig
2575 3062 2637 3122 von
2677 3062 2740 3122 dem
2791 3062 2974 3122 Epitheton
3008 3064 3070 3124 des
3106 3065 3213 3125 Nur-E

1319 3089 1469 3149 unserem
1525 3092 1793 3152 Staatsdienste
1834 3093 1873 3153 an
1914 3096 2232 3156 hervorragender
2268 3098 2373 3158 Stelle

200 3104 411 3164 gegangen,
433 3107 595 3167 flüchtete
633 3106 669 3166 er
702 3107 727 3167 in
765 3107 817 3167 die
855 3110 949 3170 Tiefe
981 3110 1044 3170 der
1076 3111 1186 3171 Erde,
1208 3112 1260 3172 ins

2435 3110 2565 3170 „Süßen
2606 3112 2908 3172 Mädel“-Barden
2948 3113 3136 3173 säuberte,
3182 3116 3233 3176 let

1319 3140 1401 3200 tätig
1432 3141 1493 3201 ist,
1509 3142 1570 3202 daß
1602 3140 1632 3200 er
1659 3142 1709 3202 die
1741 3143 1859 3203 weder
1885 3143 1946 3203 von
1978 3146 2034 3206 den
2065 3146 2363 3206 schmeichelnden

200 3152 294 3212 Grab
332 3155 469 3215 hinein,
501 3155 565 3215 von
607 3155 654 3215 wo
697 3157 734 3217 es
772 3158 871 3218 keine
909 3160 1147 3220 Wiederkehr
1179 3161 1268 3221 gibt.

2434 3159 2494 3219 gar
2528 3160 2627 3220 nicht
2656 3161 2694 3221 um
2750 3163 2849 3223 Anti-
2877 3162 2937 3222 und
2977 3165 3220 3225 Philosemitis

1319 3191 1706 3251 Schwingenschlägen
1749 3193 1807 3253 des
1839 3194 2013 3254 Ruhmes,
2041 3194 2125 3254 noch

2179 3197 2243 3257 von
2309 3200 2374 3260 den

197 3205 382 3265 Hunderte
420 3206 483 3266 der
515 3206 738 3266 erlesensten
776 3208 924 3268 Geister
956 3209 1104 3269 unserer
1158 3212 1268 3272 Stadt

2431 3209 2550 3269 dische
2577 3212 2641 3272 und
2669 3212 2868 3272 christliche
2896 3215 3220 3275 Weltanschauung

1318 3239 1579 3299 Keulenhieben
1610 3239 1862 3299 gegnerischen
1897 3242 2144 3302 (ieschimpfes
2174 3245 2295 3305 jemals
2325 3245 2375 3305 er¬

202 3250 408 3310 umstanden
443 3253 560 3313 dieses
585 3256 703 3316 Crab,
723 3254 747 3314 in
777 3256 836 3316 den
871 3256 1027 3316 feuchten
1063 3259 1175 3319 Augen
1210 3259 1263 3319 die

2431 3256 2579 3316 sondern
2616 3257 2690 3317 bloß
2727 3259 2763 3319 um
2812 3259 2969 3319 ethische
3002 3262 3160 3322 Klarheit
3187 3265 3223 3325 un

1313 3286 1514 3346 schütterte
1557 3289 1865 3349 Standhaftigkeit
1897 3292 2120 3352 Schnitzlers
2158 3294 2183 3354 im
2242 3295 2353 3355 Juden

205 3298 310 3358 Klage
343 3301 427 3361 über
454 3301 512 3361 den
550 3304 692 3364 Verlust
719 3304 814 3364 eines
841 3304 1015 3364 Führers,
1037 3307 1126 3367 eines
1159 3304 1243 3364 Weg

2428 3306 2466 3366 so
2499 3307 2726 3367 verleugnete
2759 3308 2796 3368 er
2824 3310 2889 3370 sein
2922 3310 3100 3370 jüdisches
3128 3313 3230 3373 Fühle

1317 3337 1367 3397 tum
1423 3337 1625 3397 besonders
1661 3337 1747 3397 hoch
1793 3338 1996 3398 einschätze
2037 3342 2097 3402 und
2143 3343 2381 3403 bewundere.

208 3349 351 3409 weisers
383 3352 444 3412 und
476 3352 743 3412 Wegbahners,
764 3355 856 3415 eines
893 3357 1103 3417 wahrhaften
1140 3358 1247 3418 Herol

2432 3355 2550 3415 seiner
2577 3357 2722 3417 Werke,
2745 3359 2803 3419 gab
2832 3361 2928 3421 jedem
2972 3361 3079 3421 Farbe
3112 3364 3171 3424 und
3199 3364 3214 3424 V

1322 3385 1434 3445 Unser
1461 3385 1605 3445 Dichter
1631 3388 1723 3448 hätte
1750 3388 1842 3448 diese
1873 3390 2141 3450 Bewunderung
2172 3392 2280 3452 gewiß
2317 3394 2373 3454 zu¬

203 3400 264 3460 des
296 3402 414 3462 seiner
440 3403 533 3463 Zeit.
554 3405 646 3465 Aber
673 3404 761 3464 auch
792 3406 931 3466 allerlei
957 3407 1039 3467 Volk
1097 3406 1168 3466 war

2428 3404 2618 3464 perament
2640 3408 2698 3468 und
2730 3409 2979 3469 Temperatur.
2996 3412 3038 3472 Er
3059 3412 3117 3472 hat
3139 3412 3202 3472 sich

1319 3436 1614 3496 rückgewiesen.
1630 3439 1680 3499 Ihm
1730 3439 1800 3499 war
1826 3439 1916 3499 diese
1947 3444 2238 3504 Anhänglichkeit
2258 3442 2373 3502 etwas

200 3451 234 3511 zu
270 3452 396 3512 sehen,
416 3454 481 3514 das
507 3451 577 3511 sich
633 3454 845 3514 bescheiden
901 3457 930 3517 im
996 3458 1258 3518 Hintergrunde

2426 3457 2520 3517 platz
2553 3457 2579 3517 in
2612 3457 2674 3517 der
2707 3457 2891 3517 deutschen
2930 3460 3104 3520 Literatur
3136 3463 3231 3523 errur

1321 3485 1747 3545 Selbstverständliches,
1778 3487 1828 3547 ihm
1884 3489 1954 3549 An-
1990 3492 2049 3552 und
2095 3492 2376 3552 L'ngeborenes.

203 3501 303 3561 hielt,
325 3501 435 3561 kleine
462 3501 593 3561 Leute,
615 3504 714 3564 junge
746 3504 915 3564 Mädchen
952 3506 1009 3566 und
1042 3509 1141 3569 junge
1174 3506 1263 3566 Bur¬

2433 3504 2453 3564 in
2490 3504 2561 3564 fast
2588 3504 2649 3564 alle
2686 3507 2979 3567 Kultursprachen
3016 3510 3211 3570 übersetzt,

1319 3534 1376 3594 Die
1409 3534 1566 3594 jüdische
1599 3536 1693 3596 Ethik
1730 3536 1804 3596 war
1831 3536 1925 3596 seine
1952 3541 2099 3601 geistige
2131 3541 2363 3601 Muttermilch

195 3549 324 3609 schen,
345 3552 391 3612 die
423 3552 484 3612 sich
516 3552 645 3612 selbst,
661 3553 733 3613 ihre
760 3555 982 3615 Sehnsüchte
1009 3557 1070 3617 und
1102 3556 1246 3616 Träume

2433 3551 2533 3611 weise
2574 3555 2719 3615 vielfach
2760 3558 2825 3618 und
2867 3557 2927 3617 von
2968 3561 3164 3621 Berufenen
3205 3563 3239 3623 at

1315 3582 1506 3642 gewesen,
1531 3585 1580 3645 sie
1620 3588 1880 3648 durchströmte
1920 3588 1988 3648 sein
2023 3591 2156 3651 ganzes
2210 3591 2376 3651 Denken,

200 3599 251 3659 ihr
282 3600 411 3660 Wesen
448 3602 509 3662 und
546 3603 598 3663 ihr
629 3603 758 3663 Wollen
795 3603 825 3663 in
857 3604 919 3664 den
961 3606 1110 3666 Werken
1147 3606 1260 3666 dieses

2428 3603 2544 3663 dische
2577 3605 2635 3665 und
2672 3606 2905 3666 Hebräische,
2927 3609 3069 3669 populär
3096 3611 3122 3671 in
3155 3612 3234 3672 Chir

1319 3633 1525 3693 Empfinden
1565 3636 1626 3696 und
1667 3638 1873 3698 Gestalten.
1924 3639 1994 3699 Und
2035 3640 2085 3700 sie
2126 3639 2242 3699 wurde
2277 3642 2352 3702 nich

198 3649 367 3709 Dichters
399 3651 574 3711 gefunden
611 3654 744 3714 haben,
776 3654 858 3714 aber
894 3654 976 3714 auch
1018 3657 1090 3717 ihre
1126 3657 1260 3717 Mütter

2428 3654 2454 3714 in
2492 3654 2554 3714 den
2593 3654 2794 3714 türkischen
2836 3657 2990 3717 Ländern
3033 3660 3096 3720 und
3134 3661 3160 3721 in
3203 3664 3218 3724 A

1314 3682 1397 3742 allen
1432 3684 1599 3744 merkbar
1624 3686 1683 3746 und
1718 3686 1870 3746 fühlbar,
1895 3688 1988 3748 wenn
2024 3689 2058 3749 er
2083 3689 2190 3749 Juden
2220 3689 2279 3749 und
2314 3692 2372 3752 Ju¬

205 3698 266 3758 und
303 3699 426 3759 Väter,
447 3701 498 3761 die
530 3701 576 3761 ihm
628 3701 777 3761 Modelle
809 3702 999 3762 gewesen,
1020 3704 1118 3764 deren
1154 3706 1262 3766 Natur

2431 3701 2516 3761 kaum
2567 3702 2611 3762 ein
2652 3704 2803 3764 anderer
2834 3707 2949 3767 seiner
2980 3707 3231 3767 Zeitgenosser

1318 3731 1476 3791 dentum,
1505 3734 1600 3794 wenn
1639 3737 1672 3797 er
1706 3736 1758 3796 die
1792 3735 1883 3795 seine
1922 3740 2156 3800 Artgenoeen
2195 3740 2357 3800 unmittel

194 3749 233 3809 er
263 3749 287 3809 in
317 3749 435 3809 Kunst
461 3751 683 3811 gewandelt,
708 3752 766 3812 und
801 3752 865 3812 von
901 3755 994 3815 jenen
1029 3755 1162 3815 Damen
1197 3757 1255 3817 une

2420 3749 2523 3809 schen
2560 3752 2669 3812 Geist
2695 3755 2757 3815 und
2799 3755 2851 3815 die
2882 3755 3048 3815 deutsche
3085 3758 3199 3818 Kunst

1316 3782 1380 3842 bar
1406 3783 1648 3843 berührenden
1684 3785 1961 3845 Zeitprobleme,
1982 3788 2037 3848 den
2073 3788 2370 3848 Antisemitismus

199 3797 331 3857 Herren
376 3800 494 3860 waren
538 3801 670 3861 welche
705 3803 769 3863 da,
799 3803 902 3863 derer
946 3805 1059 3865 Welt-
1094 3806 1157 3866 und
1197 3806 1260 3866 Le¬

2426 3800 2627 3860 vertreten.
2673 3803 2835 3863 Gerhar:
2881 3807 3103 3867 Hauptmann
3140 3809 3200 3869 hat
3226 3802 3240 3862 s

1316 3833 1380 3893 und
1421 3833 1471 3893 die
1513 3836 1759 3896 zionistischen
1800 3836 2062 3896 Bestrebungen
2108 3839 2133 3899 in
2169 3839 2234 3899 den
2270 3841 2370 3901 Kreis

203 3850 520 3910 bensanschauung
551 3852 586 3912 er
612 3853 783 3913 gebildet,
804 3854 909 3914 denen
945 3854 980 3914 er
1000 3855 1060 3915 den
1092 3854 1182 3914 Blick
1212 3855 1262 3915 ins

2420 3851 2616 3911 besonders
2652 3854 2875 3914 kultivierten
2911 3857 2991 3917 Stile
3022 3857 3077 3917 die
3108 3857 3229 3917 „deuts

1309 3881 1427 3941 seiner
1463 3883 1701 3943 Betrachtung
1741 3887 1805 3947 und
1840 3887 2063 3947 Darstellung
2103 3891 2187 3951 zog,
2238 3890 2301 3950 wie
2336 3890 2370 3950 er

203 3899 316 3959 Leben
352 3899 522 3959 eröffnet,
543 3902 646 3962 deren
682 3902 775 3962 Herz
807 3902 868 3962 und
905 3904 1007 3964 Geist
1034 3904 1069 3964 er
1096 3905 1265 3965 geformt,

2425 3902 2699 3962 nachgerühmt,
2721 3905 2897 3965 Hermann
2928 3905 3021 3965 Bahr
3048 3906 3110 3966 hat
3136 3907 3203 3967 sein

1317 3931 1384 3991 dies
1415 3931 1441 3991 in
1478 3932 1592 3992 seinem
1639 3937 1769 3997 Poman
1806 3934 1899 3994 „Der
1926 3937 2008 3997 Weg
2041 3939 2092 3999 ins
2119 3937 2237 3997 Freie“
2269 3937 2367 3997 getan

200 3949 349 4009 erzogen
380 3949 493 4009 hatte.
514 3952 580 4012 Auf
602 3951 683 4011 allen
715 3949 853 4009 Mienen
885 3953 930 4013 lag
962 3955 1013 4015 die
1039 3955 1173 4015 Trauer
1199 3955 1255 4015 des

2426 3949 2493 4009 eine
2535 3949 2665 4009 Wende
2702 3951 2769 4011 der
2800 3953 2992 4013 deutschen
3029 3955 3221 4015 Kunstkult

1314 3982 1370 4042 und
1412 3982 1501 4042 auch
1543 3983 1568 4043 in
1611 3983 1730 4043 seiner
1768 3985 1907 4045 kühnen
1945 3988 2117 4048 Komödie
2159 3988 2372 4048 „Professor

197 4000 468 4060 Dankbarkeit.

2425 4000 2486 4060 und
2518 4000 2600 4060 doch
2631 4000 2672 4060 ist
2693 4002 2811 4062 dieser
2837 4006 2940 4066 große
2966 4006 3141 4066 Deutsche
3168 4006 3229 4066 imn

1319 4030 1556 4090 Bernhardi“,
1584 4032 1636 4092 die
1673 4034 1736 4094 von
1774 4035 1837 4095 den
1896 4036 2239 4096 Christlichsozialen
2303 4039 2366 4099 und

2427 4048 2511 4108 Jude
2545 4051 2738 4111 gewesen,
2755 4054 2817 4114 hat
2846 4054 2879 4114 er
2913 4054 2981 4114 sich
3016 4056 3066 4116 als
3095 4057 3235 4117 solcher

285 4078 414 4138 Sc'nem
458 4080 587 4140 letzten
619 4081 797 4141 Wunsche
822 4084 1106 4144 entsprechend,
1126 4084 1150 4144 in
1182 4083 1261 4143 des¬

1313 4081 1405 4141 ihren
1452 4081 1705 4141 Liebedienern
1752 4086 1777 4146 im
1830 4087 2088 4147 Staatsbetrieb
2130 4087 2238 4147 durch
2280 4089 2368 4149 volle

2428 4099 2655 4159 verleugnet,
2677 4102 2771 4162 wenn
2798 4104 2835 4164 er
2862 4102 2909 4162 die
2936 4104 2962 4164 in
2989 4105 3136 4165 tausend
3163 4105 3226 4165 Fas

202 4124 255 4184 sen
297 4128 474 4188 einzelnen
510 4131 800 4191 Destimmungen
836 4129 900 4189 sich
937 4133 989 4193 die
1025 4134 1114 4194 volle
1144 4133 1255 4193 Größe

1315 4127 1418 4187 sechs
1448 4129 1550 4189 Jahre
1585 4130 1682 4190 unter
1717 4133 1849 4193 Verbot
1874 4137 2030 4197 gehalten
2065 4137 2123 4197 und
2158 4137 2236 4197 erst
2261 4139 2364 4199 durch

2428 4149 2541 4209 lernde
2572 4151 2696 4211 Kultur
2723 4152 2789 4212 des
2821 4154 3078 4214 Wienertums,
3100 4156 3151 4216 die
3182 4155 3218 4215 er
