3392 4320
824 91 872 151 wie
886 89 954 149 man
976 88 1023 148 den
1053 87 1176 147 Wiener
1191 85 1238 145 oft
1260 87 1342 147 falsch
1364 85 1508 145 versteht,
1522 84 1591 144 weil
1620 82 1681 142 man
1716 82 1806 142 leises
1834 80 1992 140 skeptisches

820 136 957 196 Gebaren
987 134 1036 194 für
1066 133 1305 193 „Schlappheit“
1335 131 1413 191 hält,
1434 131 1576 191 während
1606 128 1649 188 sich
1679 127 1703 187 in
1733 127 1777 187 ihm
1817 126 1880 186 viel
1900 124 2003 184 Weis¬

826 182 883 242 heit
907 178 964 238 und
993 177 1074 237 Güte
1098 179 1255 239 verbirgt,
1275 178 1294 238 so
1323 175 1490 235 widerfuhr
1515 177 1543 237 es
1572 177 1638 237 auch
1668 174 1849 234 Schnitzler.
1868 173 1925 233 Die
1949 170 2006 230 un¬

824 228 948 288 garische
977 224 1078 284 Pußta
1112 225 1169 285 mit
1198 227 1279 287 ihren
1314 225 1471 285 traurigen
1505 222 1687 282 Liedweisen
1722 221 1778 281 und
1813 221 1860 281 die
1885 217 2009 277 schwer¬

825 275 957 335 mütigen
992 273 1094 333 Lieder
1120 273 1168 333 der
1193 273 1374 333 mährischen
1404 272 1560 332 Schnitter
1586 270 1644 330 sind
1674 270 1728 330 alle
1753 269 1830 329 nicht
1855 266 1923 326 weit
1949 266 2002 326 von

827 319 906 379 Wien
942 321 1138 381 entstanden.
1158 322 1203 382 In
1239 320 1404 380 Schnitzler
1430 317 1510 377 lebte
1535 319 1585 379 die
1611 318 1776 378 Tradition
1812 315 1861 375 der
1892 313 2002 373 großen

823 368 945 428 Wiener
975 369 1102 429 Aerzte,
1123 366 1171 426 die
1201 367 1254 427 alle
1284 366 1471 426 bedeutende
1501 366 1657 426 Menschen
1692 366 1814 426 waren.
1839 362 1878 422 In
1913 357 2001 417 Wien

820 417 905 477 war,
930 418 955 478 in
986 416 1036 476 den
1072 413 1162 473 besten
1193 414 1314 474 Jahren
1370 413 1572 473 Schnitzlers,
1612 413 1663 473 die
1689 412 1885 472 Humanität
1931 407 2011 467 keine

833 464 958 524 Phrase,
979 462 1033 522 kein
1059 464 1204 524 Betrieb,
1225 461 1280 521 kein
1306 461 1517 521 Parteiwort,
1533 459 1658 519 sondern
1684 458 1874 518 bürgerliche
1895 453 2015 513 Selbst¬

825 512 1105 572 verständlichkeit;
1124 510 1198 570 alles
1227 509 1398 569 verstohen,
1418 506 1487 566 alles
1516 506 1669 566 verzeihen
1703 503 1804 563 gemäß
1838 503 1884 563 dem
1927 503 2005 563 alten

829 557 952 617 Wiener
977 557 1071 617 Lied:
1091 557 1293 617 „Menschen,
1318 555 1476 615 Menschen
1506 552 1554 612 san
1589 552 1658 612 mar
1684 553 1757 613 alle,
1782 551 1895 611 Fehler
1921 551 1974 611 hat
1999 551 2013 611 a

831 607 914 667 jeder
946 602 1071 662 gnua".

929 658 1141 718 Bezeichnend
1168 656 1204 716 ist
1226 657 1273 717 die
1300 655 1442 715 folgende
1470 652 1639 712 Anekdote:
1661 652 1713 712 Ich
1746 652 1819 712 habe
1847 651 2015 711 Schnitzler

829 709 880 769 seit
901 708 952 768 dem
995 706 1097 766 Jahre
1130 704 1202 764 1913
1234 705 1316 765 nicht
1342 703 1425 763 mehr
1452 700 1591 760 gesehen,
1618 700 1664 760 bis
1690 699 1721 759 zu
1753 699 1804 759 dem
1846 697 1949 757 Tage,
1971 696 2017 756 als

832 754 986 814 Elisobeth
1017 751 1166 811 Bergner
1213 751 1243 811 in
1280 750 1372 810 seiner
1403 748 1625 808 Anwesenheit
1672 745 1697 805 im
1744 745 1928 805 Reichstage
1955 742 2011 802 aus

834 804 929 864 seinen
959 797 1085 857 Werken
1116 799 1182 859 las.
1202 798 1272 858 Wir
1303 798 1399 858 hatten
1435 795 1489 855 uns
1526 795 1676 855 ungefähr
1708 792 1894 852 anderthalb
1925 788 2025 848 Jahr¬

833 852 938 912 zehnte
969 850 1049 910 nicht
1075 849 1251 909 gesprochen
1292 848 1352 908 und
1383 843 1590 903 geschrieben.
1616 841 1670 901 Ich
1706 840 1807 900 wußte
1843 840 1903 900 nur
1934 839 2019 899 durch

836 899 883 959 den
920 897 1052 957 üblichen
1090 897 1232 957 Tratsch,
1280 896 1332 956 daß
1370 894 1538 954 Schnitzler
1571 891 1628 951 mit
1655 891 1776 951 meiner
1808 885 2014 945 „preußischen

838 947 1014 1007 Haltung“,
1034 944 1088 1004 wie
1113 942 1142 1002 er
1162 944 1245 1004 sagte
1265 944 1275 1004 —
1329 942 1358 1002 er
1383 941 1495 1001 meinte
1520 939 1574 999 vor
1589 939 1662 999 allem
1702 939 1751 999 den
1781 935 1996 995 „Friedericus

849 992 889 1052 —,
910 994 992 1054 nicht
1019 992 1251 1052 einverstanden
1287 989 1415 1049 gewesen
1453 988 1504 1048 sei.
1525 987 1571 1047 Da
1607 986 1674 1046 traf
1701 985 1736 1045 ich
1773 985 1818 1045 ihn
1856 981 1901 1041 bei
1928 982 2025 1042 dieser

833 1042 1028 1102 Vorlesung,
1074 1040 1154 1100 recht
1185 1040 1230 1100 alt
1256 1039 1416 1099 geworden
1457 1036 1512 1096 und
1548 1035 1643 1095 grau.
1689 1032 1773 1092 Aber
1804 1029 1834 1089 er
1860 1029 1930 1089 trug
1966 1026 2025 1086 mit

838 1090 952 1150 Würde
983 1090 1038 1150 und
1074 1088 1098 1148 in
1134 1088 1310 1148 Schönheit
1336 1085 1390 1145 das
1421 1084 1682 1144 Unabwendbare
1708 1079 1763 1139 des
1793 1076 1944 1136 Alterns,
1965 1076 2019 1136 das

842 1138 887 1198 für
919 1138 965 1198 ihn
1007 1137 1088 1197 keine
1120 1137 1315 1197 Schrecknisse
1346 1134 1449 1194 hatte.
1496 1132 1562 1192 Das
1599 1127 1665 1187 Leid
1702 1128 1768 1188 war
1800 1127 1912 1187 immer
1944 1127 2020 1187 seine

842 1187 1052 1247 Privatsache.
1074 1184 1121 1244 Er
1148 1184 1195 1244 kam
1243 1184 1337 1244 sofort
1364 1184 1421 1244 auf
1448 1182 1516 1242 mich
1554 1179 1579 1239 zu
1617 1176 1674 1236 und
1706 1178 1822 1238 begann
1859 1175 1964 1235 schnell
1991 1176 2017 1236 in

840 1237 933 1297 seiner
966 1234 1198 1294 bezwingenden
1238 1231 1409 1291 Dialektik:
1438 1231 1509 1291 „Ich
1543 1227 1625 1287 freue
1659 1224 1752 1284 mich,
1775 1223 1830 1283 Sie
1864 1222 1897 1282 zu
1930 1222 2029 1282 sehen,

840 1283 908 1343 denn
940 1284 1008 1344 mich
1035 1282 1136 1342 drückt
1158 1279 1252 1339 etwas
1279 1281 1331 1341 seit
1353 1280 1496 1340 Jahren,
1512 1276 1564 1336 das
1591 1274 1628 1334 ich
1655 1272 1760 1332 Ihnen
1787 1272 1871 1332 sagen
1904 1270 2030 1330 möchte.

837 1337 885 1397 Ich
924 1333 999 1393 habe
1032 1330 1161 1390 nämlich
1194 1327 1269 1387 über
1297 1327 1356 1387 Sie
1389 1327 1470 1387 nicht
1493 1324 1573 1384 schön
1612 1321 1784 1381 gesprochen
1845 1320 1903 1380 und
1937 1318 2022 1378 heute

839 1379 914 1439 weiß
947 1379 1005 1439 ich,
1028 1379 1081 1439 daß
1114 1378 1151 1438 ich
1179 1376 1309 1436 unrecht
1336 1376 1449 1436 gehabt
1477 1374 1568 1434 habe.
1590 1371 1676 1431 Nicht
1704 1370 1812 1430 wahr,
1834 1369 1887 1429 Sie
1915 1367 2022 1427 tragen

836 1427 899 1487 mir
926 1427 978 1487 das
1011 1426 1089 1486 nicht
1116 1423 1226 1483 nach?“
1259 1420 1306 1480 So
1333 1423 1395 1483 war
1422 1421 1612 1481 Schnitzler!
1634 1419 1691 1479 Ein
1723 1417 1844 1477 Dichter
1877 1415 1929 1475 von
1961 1414 2029 1474 An¬

843 1475 923 1535 stand
956 1475 1015 1535 und
1048 1474 1183 1534 Würde,
1205 1470 1247 1530 ein
1286 1472 1410 1532 Ethiker
1438 1470 1518 1530 ohne
1545 1469 1632 1529 laute
1659 1465 1783 1525 Worte,
1811 1465 1854 1525 ein
1887 1463 2026 1523 vorbild¬

845 1523 893 1583 lich
931 1523 1136 1583 anständiger
1169 1521 1364 1581 Charakter,
1392 1519 1440 1579 den
1484 1518 1640 1578 eigentlich
1679 1514 1738 1574 sein
1776 1513 1889 1573 ganzes
1928 1511 2025 1571 Leben

844 1572 987 1632 hindurch
1024 1570 1080 1630 nur
1132 1569 1188 1629 das
1220 1569 1358 1629 Problem
1400 1567 1451 1627 des
1482 1566 1606 1626 Todes,
1647 1563 1698 1623 den
1735 1562 1796 1622 wir
1828 1560 1884 1620 alle
1910 1558 2022 1618 sterben

845 1616 975 1676 müssen,
995 1616 1216 1676 interessierte,
1237 1614 1287 1674 der
1312 1613 1382 1673 alles
1413 1613 1468 1673 von
1499 1613 1594 1673 diesem
1634 1610 1845 1670 Standpunkt
1866 1609 1941 1669 aus,
1961 1606 2031 1666 zart

850 1666 901 1726 und
933 1664 1228 1724 traurig=ironisch,
1245 1661 1447 1721 betrachtete.

958 1730 1047 1790 Wenn
1079 1731 1137 1791 mit
1164 1729 1221 1789 uns
1248 1727 1332 1787 Wien
1364 1728 1448 1788 heute
1475 1727 1548 1787 über
1575 1726 1633 1786 das
1660 1724 1791 1784 Ableben
1823 1723 1907 1783 eines
1934 1721 2028 1781 seiner

845 1781 979 1841 echtesten
1015 1781 1126 1841 Söhne
1157 1776 1297 1836 trauert,
1318 1775 1398 1835 dann
1428 1775 1529 1835 sollten
1565 1774 1624 1834 wir
1656 1772 1705 1832 von
1741 1770 1836 1830 dieser
1867 1770 2027 1830 traurigen

848 1828 976 1888 Stunde
1007 1825 1043 1885 an
1079 1827 1207 1887 wirklich
1244 1822 1357 1882 endlich
1393 1822 1573 1882 versuchen,
1599 1820 1686 1880 durch
1723 1818 1892 1878 Schnitzler
1923 1817 2031 1877 unsere

853 1874 1138 1934 Stammesbrüder
1164 1873 1193 1933 an
1224 1871 1273 1931 der
1299 1870 1409 1930 Donau
1445 1870 1529 1930 besser
1560 1870 1585 1930 zu
1615 1869 1785 1929 verstehen,
1806 1867 1840 1927 um
1881 1865 2031 1925 gerechter

850 1929 881 1989 zu
913 1923 1065 1983 urteilen,
1087 1921 1134 1981 als
1166 1921 1197 1981 es
1224 1919 1398 1979 gemeinhin
1435 1917 1534 1977 bisher
1567 1916 1613 1976 der
1646 1917 1719 1977 Fall
1741 1915 1825 1975 war.
1846 1915 1914 1975 Wir
1941 1913 2025 1973 fagen

852 1973 1018 2033 Schnitzler
1048 1972 1140 2032 Dank
1181 1972 1238 2032 für
1267 1968 1319 2028 sein
1354 1966 1469 2026 Wirken
1528 1965 1584 2025 und
1620 1966 1694 2026 seine
1724 1964 1954 2024 Vornehmheit
1984 1962 2029 2022 als

850 2022 1041 2082 Charakter.

940 2196 1101 2256 Arine
1153 2196 1490 2256 Schnigrers
1542 2187 1691 2247 leiste
1730 2188 1955 2248 Fahti.

849 2273 1040 2333 Imposante
1069 2269 1401 2329 Trauerkundgebung
1436 2265 1486 2325 der
1520 2264 1694 2324 Literatur-
1729 2264 1785 2324 und
1819 2263 2033 2323 Theaterwelt

1383 2312 1506 2372 Wiens.

954 2396 1044 2456 Unter
1073 2396 1209 2456 überaus
1238 2395 1352 2455 großer
1375 2393 1579 2453 Beteiligung
1609 2392 1682 2452 aller
1706 2390 1813 2450 Kreise
1836 2390 1887 2450 der
1911 2387 2035 2447 Wiener

851 2446 1007 2506 Literatur
1040 2442 1099 2502 und
1127 2443 1180 2503 des
1213 2443 1365 2503 Theaters
1398 2440 1468 2500 fand
1501 2440 1609 2500 gestern
1648 2439 1690 2499 die
1718 2437 1902 2497 Bestattung
1935 2435 2037 2495 Artur

846 2494 1118 2554 Schnitzlers
1148 2490 1234 2550 statt.
1252 2491 1298 2551 Im
1339 2488 1548 2548 Trauerhaus
1577 2488 1681 2548 hatten
1711 2486 1757 2546 sich
1792 2485 1826 2545 um
1874 2485 1948 2545 ½11
1972 2481 2035 2541 Uhr

851 2542 1040 2602 vormittags
1078 2538 1131 2598 die
1163 2539 1374 2599 Verwandten
1417 2536 1469 2596 des
1507 2534 1649 2594 Dichters
1687 2535 1744 2595 und
1787 2534 1866 2594 seine
1904 2533 2030 2593 nächsten

852 2590 995 2650 Freunde
1029 2587 1249 2647 eingefunden.
1278 2587 1321 2647 So
1355 2586 1399 2646 sah
1438 2586 1504 2646 man
1538 2584 1587 2644 die
1615 2584 1741 2644 Dichter
1770 2584 1880 2644 Franz
1908 2581 2040 2641 Werfel,

852 2637 1045 2697 Schönherr,
1073 2634 1350 2694 Beer=Hoffmann
1395 2633 1450 2693 und
1489 2632 1578 2692 Felix
1612 2631 1750 2691 Salten,
1778 2629 1894 2689 Hofrat
1928 2629 2044 2689 Heine,

852 2685 967 2745 Hofrat
1001 2685 1151 2745 Thimig,
1185 2682 1306 2742 Hofrat
1340 2682 1568 2742 Frankfurter,
1601 2679 1761 2739 Professor
1801 2676 2039 2736 Weingartner,

854 2733 896 2793 den
928 2733 1129 2793 Präsidenten
1156 2731 1203 2791 der
1230 2730 1478 2790 Aerztekammer
1500 2730 1563 2790 Dr.
1580 2727 1701 2787 Thenen
1728 2727 1786 2787 und
1813 2727 1892 2787 viele
1913 2724 2040 2784 andere.

961 2799 1060 2859 Artur
1092 2799 1261 2859 Schnitzler
1298 2797 1361 2857 war
1394 2796 1419 2856 in
1462 2796 1557 2856 seinem
1605 2796 1857 2856 Sterbezimmer
1890 2791 1915 2851 in
1953 2793 2036 2853 einer

857 2846 1003 2906 einfachen
1037 2846 1182 2906 Holzkiste
1210 2846 1410 2906 aufgebahrt.
1433 2843 1497 2903 Vor
1525 2842 1579 2902 dem
1617 2843 1828 2903 Trauerhaus
1856 2841 1959 2901 hatten
1992 2840 2035 2900 sich

850 2895 929 2955 viele
956 2897 1162 2957 Trauergäste
1189 2894 1416 2954 eingefunden,
1438 2894 1464 2954 so
1491 2894 1544 2954 daß
1576 2891 1655 2951 nicht
1682 2890 1740 2950 alle
1767 2890 1793 2950 in
1825 2891 1877 2951 das
1910 2888 2036 2948 Sterbe¬

861 2945 981 3005 zimmer
1014 2944 1130 3004 Einlaß
1162 2943 1267 3003 finden
1305 2942 1452 3002 konnten.
1480 2940 1516 3000 Um
1569 2939 1642 2999 ½12
1681 2938 1738 2998 Uhr
1770 2938 1902 2998 mittags
1934 2936 2039 2996 wurde

860 2994 903 3054 der
930 2992 1011 3052 Sarg
1038 2992 1227 3052 geschlossen,
1243 2990 1297 3050 vor
1324 2990 1367 3050 die
1395 2990 1469 3050 Villa
1497 2989 1637 3049 getragen
1670 2987 1723 3047 und
1751 2987 1804 3047 auf
1821 2987 1874 3047 das
1902 2985 2036 3045 Leichen¬

859 3042 927 3102 auto
954 3043 1107 3103 gehoben,
1128 3039 1180 3099 das
1207 3039 1254 3099 sich
1287 3038 1344 3098 nun
1376 3038 1460 3098 durch
1498 3037 1534 3097 ein
1566 3036 1676 3096 dichtes
1709 3033 1840 3093 Spalier
1867 3034 1919 3094 von
1951 3033 2035 3093 Leid¬

858 3088 1021 3148 tragenden
1063 3088 1121 3148 und
1158 3088 1343 3148 Zuschauern
1380 3085 1469 3145 durch
1507 3084 1548 3144 die
1581 3085 1886 3145 Sternwartestraße
1919 3082 1944 3142 in
1982 3081 2034 3141 der

861 3139 1009 3199 Richtung
1048 3138 1097 3198 zum
1148 3136 1424 3196 Zentralfriedhof
1458 3134 1479 3194 in
1524 3132 1700 3192 Bewegung
1739 3130 1833 3190 setzte.

963 3205 1037 3265 Auch
1067 3203 1123 3263 auf
1147 3202 1193 3262 dem
1234 3202 1389 3262 Friedhof
1407 3201 1505 3261 hatten
1534 3199 1579 3259 sich
1609 3200 1689 3260 schon
1719 3199 1810 3259 lange
1834 3200 1891 3260 vor
1914 3199 1943 3259 12
1972 3196 2035 3256 Uhr

853 3254 909 3314 vor
946 3254 1002 3314 und
1044 3251 1070 3311 in
1112 3250 1163 3310 der
1200 3250 1494 3310 Zeremonienhalle
1531 3250 1695 3310 zahlreiche
1732 3248 1938 3308 Trauergäste
1970 3247 2037 3307 ein¬

857 3302 1026 3362 gefunden,
1053 3300 1145 3360 unter
1177 3296 1269 3356 denen
1311 3297 1377 3357 man
1414 3297 1470 3357 fast
1502 3297 1558 3357 alle
1590 3297 1806 3357 prominenten
1848 3294 2038 3354 Persönlich¬

860 3352 944 3412 keiten
981 3348 1033 3408 der
1066 3344 1223 3404 Literatur
1261 3342 1318 3402 und
1351 3344 1403 3404 des
1435 3345 1588 3405 Theaters
1620 3343 1688 3403 sah.
1715 3343 1757 3403 Am
1805 3342 1947 3402 Eingang
1979 3341 2031 3401 des

858 3397 1044 3457 Friedhofes
1084 3393 1266 3453 erwarteten
1312 3392 1470 3452 Professor
1505 3393 1572 3453 Dr.
1602 3393 1669 3453 Pick
1704 3392 1766 3452 und
1806 3393 2038 3453 Vizepräsident

977 3490 1036 3550 Dr.
1063 3491 1200 3551 Ornstein
1235 3492 1286 3552 von
1322 3494 1373 3554 der
1400 3494 1684 3554 Kultusgemeinde
1711 3494 1762 3554 den
1797 3494 1996 3554 Trauerzug,
2022 3491 2064 3551 der
2100 3489 2150 3549 den

970 3537 1036 3597 Weg
1078 3541 1113 3601 am
1165 3541 1382 3601 Burgtheater
1418 3541 1532 3601 vorbei
1563 3542 1640 3602 über
1676 3541 1728 3601 den
1770 3542 1929 3602 Rennweg
1966 3539 2145 3599 genommen

970 3588 1070 3648 hatte.
1097 3588 1159 3648 Die
1192 3588 1297 3648 beiden
1335 3590 1556 3650 Funktionäre
1589 3589 1641 3649 der
1678 3587 1958 3647 Kultusgemeinde
1995 3588 2148 3648 geleiteten

969 3635 1021 3695 den
1054 3637 1158 3697 Sarg,
1196 3635 1248 3695 dem
1312 3636 1364 3696 die
1406 3638 1543 3698 nächsten
1576 3638 1791 3698 Angehörigen
1844 3635 1896 3695 des
1928 3634 2149 3694 Verstorbenen

971 3685 1102 3745 folgten,
1124 3685 1144 3745 in
1177 3685 1218 3745 die
1245 3683 1550 3743 Zeremonienhalle,
1567 3684 1608 3744 wo
1635 3685 1830 3745 Oberkantor
1857 3682 1972 3742 Fischer
1994 3682 2062 3742 nach
2089 3681 2136 3741 dem

972 3732 1090 3792 Wunsch
1121 3730 1172 3790 des
1198 3733 1486 3793 Heimgegangenen
1523 3732 1579 3792 nur
1605 3730 1651 3790 die
1677 3731 1815 3791 rituellen
1847 3727 1960 3787 Gebete
1981 3730 2099 3790 sprach.

1077 3780 1172 3840 Unter
1208 3778 1262 3838 den
1303 3780 1545 3840 Leidtragenden
1585 3778 1736 3838 bemerkte
1772 3778 1867 3838 man:
1898 3776 1958 3836 Den
1999 3776 2159 3836 General¬

972 3829 1172 3889 intendanten
1204 3828 1255 3888 der
1282 3828 1534 3888 Bundestheater
1560 3829 1813 3889 Schneiderhan,
1834 3825 1859 3885 in
1891 3823 2076 3883 Vertretung
2108 3821 2153 3881 des

975 3879 1403 3939 Unterrichtsministeriums
1461 3876 1720 3936 Ministerialrat
1779 3873 1841 3933 Dr.
1895 3873 2011 3933 Wisoko
2096 3869 2153 3929 und

979 3925 1179 3985 Sektionsrat
1200 3926 1265 3986 Dr.
1280 3924 1546 3984 Thomasberger,
1562 3925 1642 3985 dann
1673 3919 2019 3979 Landesamtsdirektor
2040 3918 2155 3978 Doktor

976 3974 1089 4034 Hartl,
1106 3973 1148 4033 die
1176 3972 1570 4032 Universitätsprofessoren
1603 3972 1667 4032 Dr.
1684 3972 1791 4032 Hupka
1819 3969 1872 4029 und
1905 3969 1964 4029 Dr.
1981 3966 2093 4026 Hofer,
2115 3964 2158 4024 die

975 4020 1129 4080 Dozenten
1176 4020 1243 4080 Dr.
1274 4019 1372 4079 Stern
1413 4020 1475 4080 und
1517 4018 1578 4078 Dr.
1610 4017 1754 4077 Wessely.
1786 4017 1831 4077 In
1873 4014 2064 4074 Vertretung
2106 4011 2157 4071 des

979 4068 1214 4128 Journalisten=
1270 4065 1330 4125 und
1371 4065 1733 4125 Schriftstellervereines
1774 4062 2019 4122 „Concordia“,
2050 4059 2150 4119 waren

978 4109 1145 4169 Präsident
1168 4109 1317 4169 Lipschütz
1336 4109 1392 4169 und
1421 4110 1663 4170 Vizepräsident
1682 4109 1742 4169 Dr.
1766 4109 1947 4169 Reichmann
1981 4106 2166 4166 erschienen.
