3344 4352
184 262 238 322 12

383 267 954 327 Schnitzler's
1025 265 1255 325 Death

1473 261 1598 321 box
1670 264 1859 324 42/7

2207 127 2222 187 W

2058 183 2180 243 Arthur
2223 186 2416 246 Schnitzler,
2455 183 2512 243 der
2559 183 2719 243 bekannte
2763 183 2861 243 öster¬

2004 228 2154 288 reichische
2211 228 2427 288 Dramatiker
2489 227 2550 287 und
2611 225 2785 285 Novellist,
2833 226 2870 286 ist

2004 270 2118 330 gestern
2150 270 2250 330 abend
2278 272 2373 332 gegen
2406 270 2419 330 7
2447 270 2515 330 Uhr
2543 270 2565 330 in
2602 269 2706 329 seiner
2734 270 2862 330 Wiener

2007 313 2170 373 Wohnung
2207 314 2298 374 einem
2340 313 2571 373 Schlaganfall
2595 311 2745 371 erlegen.
2787 312 2854 372 Von

2004 354 2086 414 einem
2128 355 2238 415 kurzen
2271 357 2718 417 Nachmittagsspaziergang
2746 354 2874 414 zurück¬

2003 398 2150 458 gekehrt,
2168 398 2244 458 sank
2267 399 2302 459 er
2330 398 2463 458 plötzlich
2495 398 2678 458 zusammen
2715 395 2777 455 und
2809 395 2879 455 ver¬

2008 441 2111 501 schied,
2140 443 2224 503 ohne
2257 440 2313 500 das
2351 441 2562 501 Bewußtsein
2614 440 2872 500 wiedererlangt

2004 487 2033 547 zu
2068 485 2195 545 hab.n.

2058 536 2180 596 Arthur
2215 539 2489 599 Schnitzler,
2524 539 2582 599 der
2618 539 2705 599 einer
2740 537 2872 597 Wiener

2004 580 2249 640 Aerztesamilie
2278 580 2500 640 entstammte,
2525 580 2609 640 wäre
2638 580 2675 640 am
2718 580 2770 640 15.
2794 580 2869 640 Mai

2004 622 2055 682 des
2088 624 2293 684 kommenden
2331 625 2457 685 Jahres
2485 622 2527 682 70
2560 623 2709 683 Jahre
2742 624 2789 684 alt
2817 623 2868 683 ge¬

2009 667 2157 727 worden.
2176 670 2243 730 Zur
2272 670 2367 730 Feier
2391 670 2492 730 dieses
2521 667 2721 727 Jubiläums
2756 668 2860 728 waren

2273 1637 2389 1697 Arthur
2417 1637 2614 1697 Schnitzler

2010 1724 2328 1784 Festaufführungen
2376 1723 2482 1783 seiner
2509 1724 2625 1784 Stücke
2663 1724 2704 1784 an
2737 1726 2874 1786 Wiener

2013 1765 2072 1825 und
2102 1765 2204 1825 vielen
2244 1765 2396 1825 deutschen
2430 1765 2567 1825 Bühnen
2607 1766 2759 1826 geplant.
2799 1766 2872 1826 Erst

2009 1807 2064 1867 vor
2102 1807 2149 1867 ein
2196 1807 2275 1867 paar
2304 1807 2430 1867 Wochen
2468 1807 2504 1867 ist
2528 1809 2575 1869 ein
2613 1810 2711 1870 neuer
2744 1810 2870 1870 Roman

2005 1851 2052 1911 des
2087 1849 2139 1909 bis
2168 1851 2196 1911 in
2236 1852 2293 1912 sein
2332 1851 2422 1911 hohes
2457 1852 2552 1912 Alter
2586 1852 2869 1912 außerordentlich

2004 1894 2215 1954 produktiven
2264 1894 2417 1954 Dichters
2457 1894 2653 1954 erschienen.
2693 1895 2870 1955 Schnitzler

2007 1938 2075 1998 war
2101 1938 2322 1998 ursprünglich
2352 1939 2445 1999 Arzt.
2466 1938 2568 1998 Durch
2599 1938 2701 1998 seinen
2731 1938 2874 1998 „Leut¬

2004 1980 2117 2040 nant
2142 1980 2304 2040 Gustl“,
2325 1980 2393 2040 eine
2423 1980 2521 2040 scharf
2546 1980 2871 2040 antimilitaristische

2003 2022 2180 2082 Komödie,
2222 2022 2348 2082 erregte
2385 2022 2422 2082 er
2465 2022 2553 2082 Ende
2596 2022 2646 2082 der
2689 2025 2870 2085 neunziger

2007 2067 2110 2127 Jahre
2141 2066 2190 2126 die
2220 2067 2413 2127 Empörung
2453 2065 2507 2125 der
2547 2067 2864 2127 altösterreichischen

2009 2109 2223 2169 Bürokratie.
2272 2109 2377 2169 Seine
2406 2109 2520 2169 frühen
2559 2109 2711 2169 Arbeiten
2750 2112 2860 2172 tragen

2004 2151 2063 2211 alle
2113 2153 2201 2213 einen
2246 2151 2454 2211 ausgeprägt
2494 2153 2869 2213 gesellschaftskritischen

2000 2198 2090 2258 Zug,
2115 2196 2215 2256 jedoch
2244 2195 2320 2255 ohne
2350 2195 2536 2255 irgendeine
2565 2195 2775 2255 Konsequenz
2809 2195 2866 2255 und

2005 2238 2067 2298 mit
2101 2240 2197 2300 jenem
2245 2240 2476 2300 spielerischen,
2501 2240 2655 2300 leichten,
2679 2240 2876 2300 österreichi¬

2008 2283 2077 2343 schen
2116 2282 2234 2342 Hauch,
2254 2282 2323 2342 der,
2343 2282 2367 2342 je
2397 2282 2510 2342 länger
2540 2283 2716 2343 Schnitzler
2747 2282 2874 2342 schrieb,

2008 2324 2106 2384 seinen
2141 2324 2273 2384 Werken
2318 2325 2485 2385 schließlich
2530 2326 2578 2386 die
2618 2326 2712 2386 trübe
2747 2325 2864 2385 Patina

1998 2368 2055 2428 der
2104 2367 2243 2427 Wiener
2292 2368 2470 2428 Dekadenz
2518 2370 2740 2430 aufprägten.
2783 2369 2864 2429 Sein

2004 2412 2090 2472 Ruhm
2134 2413 2260 2473 begann
2299 2410 2361 2470 mit
2386 2410 2439 2470 den
2473 2412 2622 2472 Büchern
2657 2411 2869 2471 „Anatol“

2003 2455 2062 2515 und
2092 2455 2200 2515 „Der
2231 2455 2324 2515 Weg
2354 2455 2428 2515 ins
2458 2455 2635 2515 Freie“.
2671 2455 2735 2515 Die
2765 2455 2873 2515 Repo¬

2002 2497 2284 2557 lutionskomödie
2324 2497 2432 2557 „Der
2478 2497 2626 2557 grüne
2656 2497 2878 2557 Kakadu",

2008 2538 2094 2598 eines
2137 2541 2242 2601 seiner
2290 2540 2433 2600 stärksten
2486 2538 2625 2598 Würfe,
2654 2541 2763 2601 wurde
2816 2541 2849 2601 am

2008 2583 2165 2643 seltensten
2200 2584 2353 2644 gespielt.
2383 2583 2447 2643 Die
2478 2583 2704 2643 Szenenfolge
2744 2583 2871 2643 „Rei¬

2002 2626 2098 2686 gen“
2127 2627 2252 2687 erregte
2281 2625 2349 2685 noch
2378 2625 2406 2685 in
2436 2625 2488 2685 den
2522 2628 2628 2688 letzten
2658 2628 2787 2688 Jahren
2821 2624 2869 2684 die

2011 2670 2207 2730 Entrüstung
2252 2670 2419 2730 völkischer
2449 2670 2611 2730 Spießer.
2641 2670 2704 2730 Die
2734 2671 2871 2731 A.czte¬

2008 2713 2150 2773 tragödie
2200 2712 2470 2772 „Prosessor
2510 2715 2770 2775 Bernardi“
2820 2714 2869 2774 er¬

2003 2756 2105 2816 weckte
2132 2753 2185 2813 den
2221 2753 2318 2813 Groll
2341 2755 2394 2815 der
2421 2753 2723 2813 Ultramontanen.

2063 2799 2237 2859 Schnitzler
2271 2798 2319 2858 kam
2363 2798 2420 2858 aus
2455 2798 2507 2858 dem
2556 2799 2787 2859 Gesichtskreis
2817 2798 2870 2858 des

2004 2843 2154 2903 liberalen
2211 2842 2493 2902 weltmännischen
2540 2843 2677 2903 Wiener
2715 2845 2870 2905 Bürger¬

2004 2885 2090 2945 tums
2124 2885 2206 2945 nicht
2235 2885 2374 2945 heraus.
2418 2885 2528 2945 „Der
2557 2887 2764 2947 Schleier
2793 2888 2865 2948 der

2004 2929 2261 2989 Beatrice“,
2299 2927 2351 2987 die
2393 2929 2463 2989 sehr
2496 2929 2641 2989 bekannt
2675 2929 2871 2989 gewordene

2007 2973 2069 3033 und
2113 2972 2184 3032 auch
2233 2970 2401 3030 versilmte
2435 2972 2574 3032 Novelle
2618 2973 2867 3033 „Fräulein

2003 3016 2139 3076 Else“,
2165 3015 2427 3075 „Sterben".
2453 3016 2539 3076 „Der
2570 3016 2665 3076 Sohn
2701 3014 2757 3074 des
2793 3016 2868 3076 Me¬

2007 3058 2160 3118 dardus".
2195 3058 2296 3118 „Fink
2325 3058 2387 3118 und
2421 3058 2682 3118 Fliederbusch",
2706 3058 2768 3118 und
2807 3060 2869 3120 wie

2004 3101 2057 3161 alle
2087 3103 2168 3163 seine
2198 3103 2309 3163 Werke
2334 3103 2464 3163 heißen,
2484 3103 2522 3163 sie
2547 3103 2609 3163 sind
2639 3100 2696 3160 alle
2726 3101 2779 3161 für
2804 3103 2866 3163 uns

2002 3144 2212 3204 weltenfern.
2262 3144 2331 3204 Die
2386 3144 2568 3204 blendende
2620 3142 2779 3202 Sprache,
2820 3144 2870 3204 die

2007 3189 2217 3249 künstlerische
2246 3189 2329 3249 Form
2377 3189 2493 3249 können
2526 3189 2610 3249 nicht
2634 3186 2774 3246 darüber
2803 3186 2877 3246 hin¬

1999 3234 2228 3294 wegtäuschen,
2262 3231 2318 3291 daß
2361 3231 2426 3291 dies
2473 3231 2552 3291 alles
2595 3231 2660 3291 uns
2703 3231 2768 3291 nur
2806 3231 2871 3291 sehr

2004 3276 2108 3336 wenig
2136 3276 2268 3336 angeht.
2305 3275 2483 3335 Schnitzler
2510 3274 2578 3334 war
2606 3275 2647 3335 ein
2679 3273 2807 3333 Literat
2830 3273 2857 3333 im

1999 3319 2093 3379 besten
2126 3320 2239 3380 Sinne
2267 3318 2319 3378 des
2352 3318 2503 3378 Wortes.
2546 3318 2592 3378 Er
2621 3317 2672 3377 hat
2701 3315 2771 3375 stets
2805 3317 2870 3377 Re¬

2009 3362 2102 3422 klame
2127 3362 2187 3422 und
2216 3362 2324 3422 Mache
2348 3362 2537 3422 abgelehnt.
2575 3362 2645 3422 Der
2669 3362 2791 3422 Olymp
2820 3361 2871 3421 der

2004 3405 2302 3465 Dichterakademie
2331 3406 2410 3466 blieb
2439 3404 2491 3464 ihm
2534 3404 2756 3464 verschlossen.
2785 3404 2865 3464 Sein

2007 3446 2230 3506 Lebenöabend
2269 3449 2334 3509 war
2371 3448 2437 3508 auch
2470 3448 2558 3508 durch
2596 3446 2774 3506 familäres
2807 3445 2853 3505 Un

2003 3494 2088 3554 glück
2112 3494 2301 3554 verbittert.

2058 3535 2233 3595 Schnitzler
2257 3535 2327 3595 war
2351 3535 2441 3595 einer
2470 3535 2521 3595 der
2550 3535 2673 3595 „letzten
2707 3535 2877 3595 Wiener“,

2007 3581 2051 3641 ein
2093 3580 2197 3640 wenig
2239 3578 2443 3638 romantisch,
2475 3577 2729 3637 melancholisch,
2757 3580 2875 3640 witzig.

2007 3625 2075 3685 Für
2105 3622 2154 3682 die
2185 3624 2336 3684 Schwere
2367 3622 2499 3682 unserer
2534 3622 2612 3682 Zeit
2637 3622 2710 3682 sand
2746 3622 2794 3682 er,
2819 3622 2863 3682 ein

1989 3667 2065 3727 Aief
2109 3664 2338 3724 musikalischer
2386 3664 2515 3724 Mann,
2554 3667 2639 3727 nicht
2683 3665 2773 3725 mehr
2822 3663 2869 3723 die

2007 3712 2135 3772 richtige
2184 3709 2347 3769 Melodie.
2401 3709 2450 3769 Er
2495 3709 2553 3769 hat
2604 3707 2711 3767 „Das
2766 3708 2869 3768 süße

2007 3753 2157 3813 Mädel
2172 3753 2255 3813 von
2284 3753 2420 3813 Wien"
2445 3753 2474 3813 zu
2503 3752 2596 3812 einem
2635 3749 2868 3809 künstlerischen

2013 3797 2140 3857 Begriff
2163 3795 2317 3855 gemacht,
2336 3795 2390 3855 den
2423 3793 2490 3853 nach
2523 3793 2573 3853 ihm
2619 3792 2773 3852 hunderte
2801 3792 2873 3852 ver¬

2002 3840 2157 3900 kitschten.
2195 3838 2279 3898 Aber
2303 3837 2350 3897 die
2374 3838 2448 3898 Zeit
2468 3835 2547 3895 steht
2566 3837 2660 3897 heute
2684 3834 2763 3894 nicht
2783 3837 2867 3897 mehr

2002 3884 2069 3944 nach
2104 3882 2204 3942 diesen
2243 3880 2431 3940 Gestalten.
2475 3880 2542 3940 Die
2576 3879 2792 3939 Einsamkeit,
2822 3879 2869 3939 die

2004 3923 2180 3983 Schnitzler
2226 3923 2339 3983 zuletzt
2384 3923 2534 3983 umsing,
2585 3923 2652 3983 war
2702 3921 2765 3981 nur
2816 3922 2870 3982 der

2007 3968 2170 4028 Ausdruck
2194 3965 2306 4025 dafür,
2325 3965 2376 4025 daß
2410 3965 2442 4025 er
2467 3965 2536 4025 noch
2565 3965 2682 4025 immer
2710 3965 2799 4025 allein
2837 3964 2860 4024 in

2004 4011 2154 4071 Bezirken
2188 4010 2241 4070 der
2265 4007 2362 4067 Seele
2387 4009 2686 4069 herumspazierte,
2701 4010 2750 4070 die
2774 4010 2870 4070 heute

2005 4056 2052 4116 die
2079 4053 2169 4113 Welt
2196 4054 2274 4114 nicht
2302 4052 2386 4112 mehr
2413 4055 2582 4115 bewegen.
