<?xml version="1.0" encoding="UTF-8" standalone="yes"?>
<PcGts xmlns="http://schema.primaresearch.org/PAGE/gts/pagecontent/2013-07-15" xmlns:xsi="http://www.w3.org/2001/XMLSchema-instance" xsi:schemaLocation="http://schema.primaresearch.org/PAGE/gts/pagecontent/2013-07-15 http://schema.primaresearch.org/PAGE/gts/pagecontent/2013-07-15/pagecontent.xsd">
    <Metadata>
        <Creator>prov=READ-COOP:name=PyLaia@TranskribusPlatform:version=2.12.1:model_id=39995:lm=none:date=09_04_2024_22:49</Creator>
        <Created>2019-10-07T20:37:50.696+02:00</Created>
        <LastChange>2024-04-09T22:49:22.828+02:00</LastChange>
        <TranskribusMetadata docId="224459" pageId="9580714" pageNr="126" tsid="157629770" status="IN_PROGRESS" userId="64420" imgUrl="https://files.transkribus.eu/Get?id=WPZIJHQNSACJWPBSHCBXVOYQ&amp;fileType=view" xmlUrl="https://files.transkribus.eu/Get?id=GFGKGDRKYBNJDFWCFJHTCZJL" imageId="6208738"/>
    </Metadata>
    <Page imageFilename="224459_0126.jpeg" imageWidth="3436" imageHeight="4352">
        <ReadingOrder>
            <OrderedGroup id="ro_1712938072696" caption="Regions reading order">
                <RegionRefIndexed index="0" regionRef="tr_1"/>
                <RegionRefIndexed index="1" regionRef="tr_2"/>
            </OrderedGroup>
        </ReadingOrder>
        <TextRegion orientation="0.0" id="tr_1" custom="readingOrder {index:0;}">
            <Coords points="265,213 265,371 922,371 922,213"/>
            <TextLine id="tr_1_tl_1" custom="readingOrder {index:0;}">
                <Coords points="256,332 426,310 496,343 918,344 918,276 861,256 638,271 499,250 432,292 310,247 256,264"/>
                <Baseline points="265,313 297,313 330,314 363,317 396,319 429,321 462,320 494,318 527,319 560,317 593,318 626,319 659,319 692,317 724,316 757,317 790,319 823,319 856,319 889,319 922,319"/>
                <Word id="tr_1_tl_1_w1" custom="readingOrder {index:0;}">
                    <Coords points="265,273 265,333 392,333 392,273"/>
                    <TextEquiv>
                        <Unicode>12.</Unicode>
                    </TextEquiv>
                </Word>
                <Word id="tr_1_tl_1_w2" custom="readingOrder {index:1;}">
                    <Coords points="452,278 452,338 886,338 886,278"/>
                    <TextEquiv>
                        <Unicode>Schnitzle</Unicode>
                    </TextEquiv>
                </Word>
                <TextEquiv>
                    <Unicode>12. Schnitzle</Unicode>
                </TextEquiv>
            </TextLine>
            <TextEquiv>
                <Unicode></Unicode>
            </TextEquiv>
        </TextRegion>
        <TextRegion orientation="0.0" id="tr_2" custom="readingOrder {index:1;}">
            <Coords points="996,296 996,4209 2358,4209 2358,296"/>
            <TextLine id="tr_2_tl_1" custom="readingOrder {index:0;}">
                <Coords points="988,356 1037,343 1071,356 1369,346 1368,279 1311,255 1266,279 1137,261 1103,285 1040,268 986,301"/>
                <Baseline points="996,322 1021,320 1046,319 1071,319 1096,319 1121,319 1146,319 1171,319 1197,319 1222,319 1247,321 1272,322 1297,322 1322,323 1347,324 1373,325"/>
                <Word id="tr_2_tl_1_w1" custom="readingOrder {index:0;}">
                    <Coords points="995,280 995,340 1043,340 1043,280"/>
                    <TextEquiv>
                        <Unicode>s</Unicode>
                    </TextEquiv>
                </Word>
                <Word id="tr_2_tl_1_w2" custom="readingOrder {index:1;}">
                    <Coords points="1113,279 1113,339 1337,339 1337,279"/>
                    <TextEquiv>
                        <Unicode>Death</Unicode>
                    </TextEquiv>
                </Word>
                <TextEquiv>
                    <Unicode>s Death</Unicode>
                </TextEquiv>
            </TextLine>
            <TextLine id="tr_2_tl_2" custom="readingOrder {index:1;}">
                <Coords points="1556,338 1640,355 1693,355 1743,326 1792,347 1819,331 1876,349 1974,338 1964,253 1895,258 1876,276 1803,267 1754,301 1684,268 1664,283 1608,282 1588,262 1556,273"/>
                <Baseline points="1564,322 1589,324 1615,325 1641,325 1667,325 1693,325 1719,325 1745,325 1771,327 1796,328 1822,328 1848,328 1874,328 1900,328 1926,328 1952,326 1978,325"/>
                <Word id="tr_2_tl_2_w1" custom="readingOrder {index:0;}">
                    <Coords points="1561,285 1561,345 1685,345 1685,285"/>
                    <TextEquiv>
                        <Unicode>box</Unicode>
                    </TextEquiv>
                </Word>
                <Word id="tr_2_tl_2_w2" custom="readingOrder {index:1;}">
                    <Coords points="1765,288 1765,348 1951,348 1951,288"/>
                    <TextEquiv>
                        <Unicode>42/7</Unicode>
                    </TextEquiv>
                </Word>
                <TextEquiv>
                    <Unicode>box 42/7</Unicode>
                </TextEquiv>
            </TextLine>
            <TextLine id="tr_2_tl_3" custom="readingOrder {index:2;}">
                <Coords points="1517,700 1643,749 2108,739 2105,672 2012,641 1928,636 1821,669 1724,644 1515,654"/>
                <Baseline points="1525,704 1554,704 1583,709 1612,715 1642,718 1671,718 1700,718 1729,714 1759,714 1788,717 1817,720 1846,725 1876,731 1905,731 1934,732 1963,734 1993,730 2022,725 2051,719 2080,717 2110,719"/>
                <Word id="tr_2_tl_3_w1" custom="readingOrder {index:0;}">
                    <Coords points="1527,674 1527,734 1993,734 1993,674"/>
                    <TextEquiv>
                        <Unicode>SERVER</Unicode>
                    </TextEquiv>
                </Word>
                <TextEquiv>
                    <Unicode>SERVER</Unicode>
                </TextEquiv>
            </TextLine>
            <TextLine id="tr_2_tl_4" custom="readingOrder {index:3;}">
                <Coords points="1269,742 1356,758 1416,742 1448,761 1530,744 1608,754 1618,720 1553,720 1483,662 1338,665 1292,687 1268,682"/>
                <Baseline points="1277,734 1303,731 1329,733 1356,734 1382,734 1408,735 1435,737 1461,737 1488,737 1514,737 1540,737 1567,737 1593,734 1620,730"/>
                <Word id="tr_2_tl_4_w1" custom="readingOrder {index:0;}">
                    <Coords points="1280,694 1280,754 1452,754 1452,694"/>
                    <TextEquiv>
                        <Unicode>OB</Unicode>
                    </TextEquiv>
                </Word>
                <TextEquiv>
                    <Unicode>OB</Unicode>
                </TextEquiv>
            </TextLine>
            <TextLine id="tr_2_tl_5" custom="readingOrder {index:4;}">
                <Coords points="1368,805 1979,794 2007,790 2009,746 1369,754"/>
                <Baseline points="1376,788 1407,791 1439,790 1471,788 1503,788 1534,788 1566,788 1598,786 1630,785 1661,785 1693,785 1725,783 1757,782 1788,782 1820,782 1852,782 1884,782 1915,782 1947,782 1979,782 2011,782"/>
                <Word id="tr_2_tl_5_w1" custom="readingOrder {index:0;}">
                    <Coords points="1370,748 1370,808 1395,808 1395,748"/>
                    <TextEquiv>
                        <Unicode>1.</Unicode>
                    </TextEquiv>
                </Word>
                <Word id="tr_2_tl_5_w2" custom="readingOrder {index:1;}">
                    <Coords points="1408,748 1408,808 1529,808 1529,748"/>
                    <TextEquiv>
                        <Unicode>österr.</Unicode>
                    </TextEquiv>
                </Word>
                <Word id="tr_2_tl_5_w3" custom="readingOrder {index:2;}">
                    <Coords points="1542,745 1542,805 1689,805 1689,745"/>
                    <TextEquiv>
                        <Unicode>behördl.</Unicode>
                    </TextEquiv>
                </Word>
                <Word id="tr_2_tl_5_w4" custom="readingOrder {index:3;}">
                    <Coords points="1702,742 1702,802 2005,802 2005,742"/>
                    <TextEquiv>
                        <Unicode>konzessioniertes</Unicode>
                    </TextEquiv>
                </Word>
                <TextEquiv>
                    <Unicode>1. österr. behördl. konzessioniertes</Unicode>
                </TextEquiv>
            </TextLine>
            <TextLine id="tr_2_tl_6" custom="readingOrder {index:5;}">
                <Coords points="1323,842 2052,831 2052,788 2025,784 1323,793"/>
                <Baseline points="1331,832 1367,829 1403,829 1439,829 1476,829 1512,829 1548,827 1584,826 1621,825 1657,823 1693,823 1729,823 1766,823 1802,822 1838,820 1874,823 1911,823 1947,821 1983,820 2019,819 2056,817"/>
                <Word id="tr_2_tl_6_w1" custom="readingOrder {index:0;}">
                    <Coords points="1325,789 1325,849 1561,849 1561,789"/>
                    <TextEquiv>
                        <Unicode>Unternehmen</Unicode>
                    </TextEquiv>
                </Word>
                <Word id="tr_2_tl_6_w2" custom="readingOrder {index:1;}">
                    <Coords points="1592,785 1592,845 1639,845 1639,785"/>
                    <TextEquiv>
                        <Unicode>für</Unicode>
                    </TextEquiv>
                </Word>
                <Word id="tr_2_tl_6_w3" custom="readingOrder {index:2;}">
                    <Coords points="1665,781 1665,841 2048,841 2048,781"/>
                    <TextEquiv>
                        <Unicode>Zeitungs-Ausschnitte</Unicode>
                    </TextEquiv>
                </Word>
                <TextEquiv>
                    <Unicode>Unternehmen für Zeitungs-Ausschnitte</Unicode>
                </TextEquiv>
            </TextLine>
            <TextLine id="tr_2_tl_7" custom="readingOrder {index:6;}">
                <Coords points="1375,898 1940,903 2007,891 2009,843 1377,849"/>
                <Baseline points="1384,892 1415,890 1446,887 1478,884 1509,888 1540,888 1572,886 1603,886 1634,884 1666,883 1697,883 1728,883 1760,883 1791,883 1822,883 1854,883 1885,884 1916,886 1948,883 1979,880 2011,880"/>
                <Word id="tr_2_tl_7_w1" custom="readingOrder {index:0;}">
                    <Coords points="1378,846 1378,906 1527,906 1527,846"/>
                    <TextEquiv>
                        <Unicode>WIEN,</Unicode>
                    </TextEquiv>
                </Word>
                <Word id="tr_2_tl_7_w2" custom="readingOrder {index:1;}">
                    <Coords points="1554,846 1554,906 1599,906 1599,846"/>
                    <TextEquiv>
                        <Unicode>I.,</Unicode>
                    </TextEquiv>
                </Word>
                <Word id="tr_2_tl_7_w3" custom="readingOrder {index:2;}">
                    <Coords points="1625,843 1625,903 1912,903 1912,843"/>
                    <TextEquiv>
                        <Unicode>WOLLZEILE</Unicode>
                    </TextEquiv>
                </Word>
                <Word id="tr_2_tl_7_w4" custom="readingOrder {index:3;}">
                    <Coords points="1959,840 1959,900 1997,900 1997,840"/>
                    <TextEquiv>
                        <Unicode>11</Unicode>
                    </TextEquiv>
                </Word>
                <TextEquiv>
                    <Unicode>WIEN, I., WOLLZEILE 11</Unicode>
                </TextEquiv>
            </TextLine>
            <TextLine id="tr_2_tl_8" custom="readingOrder {index:7;}">
                <Coords points="1478,948 1918,943 1919,895 1480,903"/>
                <Baseline points="1486,937 1511,937 1537,937 1562,937 1588,935 1614,934 1639,934 1665,934 1691,934 1716,934 1742,934 1768,934 1793,934 1819,932 1845,931 1870,931 1896,930 1922,928"/>
                <Word id="tr_2_tl_8_w1" custom="readingOrder {index:0;}">
                    <Coords points="1478,895 1478,955 1697,955 1697,895"/>
                    <TextEquiv>
                        <Unicode>TELEPHON</Unicode>
                    </TextEquiv>
                </Word>
                <Word id="tr_2_tl_8_w2" custom="readingOrder {index:1;}">
                    <Coords points="1728,892 1728,952 1907,952 1907,892"/>
                    <TextEquiv>
                        <Unicode>R-23-0-43</Unicode>
                    </TextEquiv>
                </Word>
                <TextEquiv>
                    <Unicode>TELEPHON R-23-0-43</Unicode>
                </TextEquiv>
            </TextLine>
            <TextLine id="tr_2_tl_9" custom="readingOrder {index:8;}">
                <Coords points="1272,1098 1310,1106 1347,1092 1423,1110 1442,1095 1626,1091 1626,1047 1523,1049 1472,1031 1441,1043 1272,1042"/>
                <Baseline points="1280,1086 1306,1088 1333,1088 1360,1086 1387,1086 1414,1085 1441,1084 1467,1083 1494,1083 1521,1083 1548,1082 1575,1081 1602,1081 1629,1083"/>
                <Word id="tr_2_tl_9_w1" custom="readingOrder {index:0;}">
                    <Coords points="1278,1045 1278,1105 1501,1105 1501,1045"/>
                    <TextEquiv>
                        <Unicode>Ausschnitt</Unicode>
                    </TextEquiv>
                </Word>
                <Word id="tr_2_tl_9_w2" custom="readingOrder {index:1;}">
                    <Coords points="1529,1041 1529,1101 1618,1101 1618,1041"/>
                    <TextEquiv>
                        <Unicode>aus:</Unicode>
                    </TextEquiv>
                </Word>
                <TextEquiv>
                    <Unicode>Ausschnitt aus:</Unicode>
                </TextEquiv>
            </TextLine>
            <TextLine id="tr_2_tl_10" custom="readingOrder {index:9;}">
                <Coords points="1725,1140 1792,1164 1903,1143 1938,1152 1971,1132 2074,1120 2079,1040 1995,1065 1952,1059 1933,1073 1903,1061 1734,1086"/>
                <Baseline points="1734,1146 1760,1146 1787,1143 1813,1140 1840,1136 1867,1133 1893,1129 1920,1125 1946,1122 1973,1116 2000,1111 2026,1106 2053,1104 2080,1104"/>
                <Word id="tr_2_tl_10_w1" custom="readingOrder {index:0;}">
                    <Coords points="1735,1096 1735,1156 1939,1156 1939,1096"/>
                    <TextEquiv>
                        <Unicode>Vorwarts,</Unicode>
                    </TextEquiv>
                </Word>
                <Word id="tr_2_tl_10_w2" custom="readingOrder {index:1;}">
                    <Coords points="1961,1067 1961,1127 2073,1127 2073,1067"/>
                    <TextEquiv>
                        <Unicode>Berlin</Unicode>
                    </TextEquiv>
                </Word>
                <TextEquiv>
                    <Unicode>Vorwarts, Berlin</Unicode>
                </TextEquiv>
            </TextLine>
            <TextLine id="tr_2_tl_11" custom="readingOrder {index:10;}">
                <Coords points="1672,1308 1916,1238 2046,1256 2085,1125 2041,1119 1757,1222 1696,1225"/>
                <Baseline points="1689,1280 1714,1280 1740,1275 1766,1270 1791,1263 1817,1255 1843,1246 1868,1239 1894,1232 1920,1224 1945,1215 1971,1206 1997,1199 2022,1192 2048,1185 2074,1179"/>
                <TextEquiv>
                    <Unicode></Unicode>
                </TextEquiv>
            </TextLine>
            <TextLine id="tr_2_tl_12" custom="readingOrder {index:11;}">
                <Coords points="1284,1328 1299,1328 1320,1316 1329,1325 1348,1319 1368,1328 1381,1322 1417,1322 1417,1286 1399,1278 1372,1278 1362,1268 1342,1264 1293,1277 1284,1275"/>
                <Baseline points="1292,1313 1317,1313 1343,1313 1368,1313 1394,1314 1420,1316"/>
                <Word id="tr_2_tl_12_w1" custom="readingOrder {index:0;}">
                    <Coords points="1289,1273 1289,1333 1399,1333 1399,1273"/>
                    <TextEquiv>
                        <Unicode>vom:</Unicode>
                    </TextEquiv>
                </Word>
                <TextEquiv>
                    <Unicode>vom:</Unicode>
                </TextEquiv>
            </TextLine>
            <TextLine id="tr_2_tl_13" custom="readingOrder {index:12;}">
                <Coords points="1658,1526 1691,1535 1849,1490 1889,1491 1907,1509 1956,1475 2012,1478 2032,1471 2043,1399 1924,1411 1907,1399 1816,1401 1772,1426 1675,1404"/>
                <Baseline points="1668,1510 1694,1510 1720,1505 1747,1500 1773,1495 1800,1491 1826,1487 1853,1484 1879,1480 1905,1477 1932,1473 1958,1470 1985,1466 2011,1464 2038,1462"/>
                <Word id="tr_2_tl_13_w1" custom="readingOrder {index:0;}">
                    <Coords points="1673,1465 1673,1525 1762,1525 1762,1465"/>
                    <TextEquiv>
                        <Unicode>92.</Unicode>
                    </TextEquiv>
                </Word>
                <Word id="tr_2_tl_13_w2" custom="readingOrder {index:1;}">
                    <Coords points="1777,1445 1777,1505 1906,1505 1906,1445"/>
                    <TextEquiv>
                        <Unicode>OKT.</Unicode>
                    </TextEquiv>
                </Word>
                <Word id="tr_2_tl_13_w3" custom="readingOrder {index:2;}">
                    <Coords points="1922,1429 1922,1489 1998,1489 1998,1429"/>
                    <TextEquiv>
                        <Unicode>193</Unicode>
                    </TextEquiv>
                </Word>
                <TextEquiv>
                    <Unicode>92. OKT. 193</Unicode>
                </TextEquiv>
            </TextLine>
            <TextLine id="tr_2_tl_14" custom="readingOrder {index:13;}">
                <Coords points="1402,1801 2125,1809 2123,1758 1994,1711 1399,1721"/>
                <Baseline points="1411,1776 1446,1778 1482,1780 1518,1780 1554,1779 1590,1781 1626,1783 1661,1784 1697,1784 1733,1785 1769,1787 1805,1787 1841,1789 1877,1791 1912,1793 1948,1793 1984,1793 2020,1793 2056,1794 2092,1797 2128,1799"/>
                <Word id="tr_2_tl_14_w1" custom="readingOrder {index:0;}">
                    <Coords points="1422,1746 1422,1806 2110,1806 2110,1746"/>
                    <TextEquiv>
                        <Unicode>Arthur-Schnitzler.</Unicode>
                    </TextEquiv>
                </Word>
                <TextEquiv>
                    <Unicode>Arthur-Schnitzler.</Unicode>
                </TextEquiv>
            </TextLine>
            <TextLine id="tr_2_tl_15" custom="readingOrder {index:14;}">
                <Coords points="1421,1867 2111,1874 2110,1825 2020,1804 1973,1822 1624,1800 1548,1830 1421,1803"/>
                <Baseline points="1429,1847 1463,1847 1497,1849 1531,1850 1565,1850 1600,1850 1634,1852 1668,1853 1702,1853 1736,1856 1771,1856 1805,1857 1839,1859 1873,1859 1907,1859 1942,1859 1976,1859 2010,1859 2044,1859 2078,1860 2113,1859"/>
                <Word id="tr_2_tl_15_w1" custom="readingOrder {index:0;}">
                    <Coords points="1430,1807 1430,1867 1506,1867 1506,1807"/>
                    <TextEquiv>
                        <Unicode>Dem</Unicode>
                    </TextEquiv>
                </Word>
                <Word id="tr_2_tl_15_w2" custom="readingOrder {index:1;}">
                    <Coords points="1552,1812 1552,1872 1765,1872 1765,1812"/>
                    <TextEquiv>
                        <Unicode>Gedächtnis</Unicode>
                    </TextEquiv>
                </Word>
                <Word id="tr_2_tl_15_w3" custom="readingOrder {index:2;}">
                    <Coords points="1798,1819 1798,1879 1887,1879 1887,1819"/>
                    <TextEquiv>
                        <Unicode>eines</Unicode>
                    </TextEquiv>
                </Word>
                <Word id="tr_2_tl_15_w4" custom="readingOrder {index:3;}">
                    <Coords points="1914,1819 1914,1879 2093,1879 2093,1819"/>
                    <TextEquiv>
                        <Unicode>Dichters.</Unicode>
                    </TextEquiv>
                </Word>
                <TextEquiv>
                    <Unicode>Dem Gedächtnis eines Dichters.</Unicode>
                </TextEquiv>
            </TextLine>
            <TextLine id="tr_2_tl_16" custom="readingOrder {index:15;}">
                <Coords points="1235,1912 2353,1936 2351,1883 2296,1873 1235,1867"/>
                <Baseline points="1244,1901 1299,1904 1355,1904 1410,1906 1466,1907 1521,1908 1577,1910 1632,1912 1688,1913 1743,1916 1799,1916 1855,1918 1910,1919 1966,1919 2021,1920 2077,1920 2132,1921 2188,1922 2243,1922 2299,1922 2355,1925"/>
                <Word id="tr_2_tl_16_w1" custom="readingOrder {index:0;}">
                    <Coords points="1240,1862 1240,1922 1314,1922 1314,1862"/>
                    <TextEquiv>
                        <Unicode>Was</Unicode>
                    </TextEquiv>
                </Word>
                <Word id="tr_2_tl_16_w2" custom="readingOrder {index:1;}">
                    <Coords points="1345,1864 1345,1924 1410,1924 1410,1864"/>
                    <TextEquiv>
                        <Unicode>war</Unicode>
                    </TextEquiv>
                </Word>
                <Word id="tr_2_tl_16_w3" custom="readingOrder {index:2;}">
                    <Coords points="1436,1866 1436,1926 1490,1926 1490,1866"/>
                    <TextEquiv>
                        <Unicode>das</Unicode>
                    </TextEquiv>
                </Word>
                <Word id="tr_2_tl_16_w4" custom="readingOrder {index:3;}">
                    <Coords points="1521,1868 1521,1928 1566,1928 1566,1868"/>
                    <TextEquiv>
                        <Unicode>für</Unicode>
                    </TextEquiv>
                </Word>
                <Word id="tr_2_tl_16_w5" custom="readingOrder {index:4;}">
                    <Coords points="1597,1871 1597,1931 1656,1931 1656,1871"/>
                    <TextEquiv>
                        <Unicode>eine</Unicode>
                    </TextEquiv>
                </Word>
                <Word id="tr_2_tl_16_w6" custom="readingOrder {index:5;}">
                    <Coords points="1682,1876 1682,1936 1883,1936 1883,1876"/>
                    <TextEquiv>
                        <Unicode>Beglückung,</Unicode>
                    </TextEquiv>
                </Word>
                <Word id="tr_2_tl_16_w7" custom="readingOrder {index:6;}">
                    <Coords points="1909,1879 1909,1939 1949,1939 1949,1879"/>
                    <TextEquiv>
                        <Unicode>als</Unicode>
                    </TextEquiv>
                </Word>
                <Word id="tr_2_tl_16_w8" custom="readingOrder {index:7;}">
                    <Coords points="1985,1880 1985,1940 2095,1940 2095,1880"/>
                    <TextEquiv>
                        <Unicode>Arthur</Unicode>
                    </TextEquiv>
                </Word>
                <Word id="tr_2_tl_16_w9" custom="readingOrder {index:8;}">
                    <Coords points="2120,1882 2120,1942 2276,1942 2276,1882"/>
                    <TextEquiv>
                        <Unicode>Schnitzler</Unicode>
                    </TextEquiv>
                </Word>
                <Word id="tr_2_tl_16_w10" custom="readingOrder {index:9;}">
                    <Coords points="2307,1883 2307,1943 2346,1943 2346,1883"/>
                    <TextEquiv>
                        <Unicode>die</Unicode>
                    </TextEquiv>
                </Word>
                <TextEquiv>
                    <Unicode>Was war das für eine Beglückung, als Arthur Schnitzler die</Unicode>
                </TextEquiv>
            </TextLine>
            <TextLine id="tr_2_tl_17" custom="readingOrder {index:16;}">
                <Coords points="1159,1953 2351,1973 2298,1924 1159,1913"/>
                <Baseline points="1167,1952 1226,1946 1285,1946 1345,1949 1404,1949 1464,1951 1523,1952 1582,1953 1642,1957 1701,1958 1761,1961 1820,1961 1879,1961 1939,1964 1998,1964 2058,1964 2117,1965 2176,1967 2236,1967 2295,1968 2355,1967"/>
                <Word id="tr_2_tl_17_w1" custom="readingOrder {index:0;}">
                    <Coords points="1162,1906 1162,1966 1391,1966 1391,1906"/>
                    <TextEquiv>
                        <Unicode>„Liebelei“</Unicode>
                    </TextEquiv>
                </Word>
                <Word id="tr_2_tl_17_w2" custom="readingOrder {index:1;}">
                    <Coords points="1420,1910 1420,1970 1475,1970 1475,1910"/>
                    <TextEquiv>
                        <Unicode>und</Unicode>
                    </TextEquiv>
                </Word>
                <Word id="tr_2_tl_17_w3" custom="readingOrder {index:2;}">
                    <Coords points="1504,1912 1504,1972 1550,1972 1550,1912"/>
                    <TextEquiv>
                        <Unicode>den</Unicode>
                    </TextEquiv>
                </Word>
                <Word id="tr_2_tl_17_w4" custom="readingOrder {index:3;}">
                    <Coords points="1584,1917 1584,1977 1775,1977 1775,1917"/>
                    <TextEquiv>
                        <Unicode>„Anatol“</Unicode>
                    </TextEquiv>
                </Word>
                <Word id="tr_2_tl_17_w5" custom="readingOrder {index:4;}">
                    <Coords points="1803,1921 1803,1981 1854,1981 1854,1921"/>
                    <TextEquiv>
                        <Unicode>auf</Unicode>
                    </TextEquiv>
                </Word>
                <Word id="tr_2_tl_17_w6" custom="readingOrder {index:5;}">
                    <Coords points="1878,1922 1878,1982 1920,1982 1920,1922"/>
                    <TextEquiv>
                        <Unicode>die</Unicode>
                    </TextEquiv>
                </Word>
                <Word id="tr_2_tl_17_w7" custom="readingOrder {index:6;}">
                    <Coords points="1943,1924 1943,1984 2051,1984 2051,1924"/>
                    <TextEquiv>
                        <Unicode>Bühne</Unicode>
                    </TextEquiv>
                </Word>
                <Word id="tr_2_tl_17_w8" custom="readingOrder {index:7;}">
                    <Coords points="2070,1925 2070,1985 2201,1985 2201,1925"/>
                    <TextEquiv>
                        <Unicode>brachte.</Unicode>
                    </TextEquiv>
                </Word>
                <Word id="tr_2_tl_17_w9" custom="readingOrder {index:8;}">
                    <Coords points="2234,1927 2234,1987 2350,1987 2350,1927"/>
                    <TextEquiv>
                        <Unicode>Haupt¬</Unicode>
                    </TextEquiv>
                </Word>
                <TextEquiv>
                    <Unicode>„Liebelei“ und den „Anatol“ auf die Bühne brachte. Haupt¬</Unicode>
                </TextEquiv>
            </TextLine>
            <TextLine id="tr_2_tl_18" custom="readingOrder {index:17;}">
                <Coords points="1159,1994 2354,2026 2354,1977 1158,1964"/>
                <Baseline points="1167,1987 1226,1988 1286,1990 1345,1990 1405,1991 1464,1993 1524,1996 1583,1997 1643,1999 1702,1999 1762,1999 1822,2001 1881,2002 1941,2005 2000,2007 2060,2005 2119,2006 2179,2008 2238,2008 2298,2011 2358,2011"/>
                <Word id="tr_2_tl_18_w1" custom="readingOrder {index:0;}">
                    <Coords points="1161,1947 1161,2007 1271,2007 1271,1947"/>
                    <TextEquiv>
                        <Unicode>mann,</Unicode>
                    </TextEquiv>
                </Word>
                <Word id="tr_2_tl_18_w2" custom="readingOrder {index:1;}">
                    <Coords points="1294,1950 1294,2010 1356,2010 1356,1950"/>
                    <TextEquiv>
                        <Unicode>auch</Unicode>
                    </TextEquiv>
                </Word>
                <Word id="tr_2_tl_18_w3" custom="readingOrder {index:2;}">
                    <Coords points="1383,1953 1383,2013 1577,2013 1577,1953"/>
                    <TextEquiv>
                        <Unicode>Sudermann</Unicode>
                    </TextEquiv>
                </Word>
                <Word id="tr_2_tl_18_w4" custom="readingOrder {index:3;}">
                    <Coords points="1613,1958 1613,2018 1661,2018 1661,1958"/>
                    <TextEquiv>
                        <Unicode>und</Unicode>
                    </TextEquiv>
                </Word>
                <Word id="tr_2_tl_18_w5" custom="readingOrder {index:4;}">
                    <Coords points="1693,1959 1693,2019 1782,2019 1782,1959"/>
                    <TextEquiv>
                        <Unicode>Halbe</Unicode>
                    </TextEquiv>
                </Word>
                <Word id="tr_2_tl_18_w6" custom="readingOrder {index:5;}">
                    <Coords points="1809,1961 1809,2021 1905,2021 1905,1961"/>
                    <TextEquiv>
                        <Unicode>hatten</Unicode>
                    </TextEquiv>
                </Word>
                <Word id="tr_2_tl_18_w7" custom="readingOrder {index:6;}">
                    <Coords points="1937,1965 1937,2025 1986,2025 1986,1965"/>
                    <TextEquiv>
                        <Unicode>das</Unicode>
                    </TextEquiv>
                </Word>
                <Word id="tr_2_tl_18_w8" custom="readingOrder {index:7;}">
                    <Coords points="2013,1965 2013,2025 2101,2025 2101,1965"/>
                    <TextEquiv>
                        <Unicode>junge</Unicode>
                    </TextEquiv>
                </Word>
                <Word id="tr_2_tl_18_w9" custom="readingOrder {index:8;}">
                    <Coords points="2128,1968 2128,2028 2265,2028 2265,1968"/>
                    <TextEquiv>
                        <Unicode>Mädchen</Unicode>
                    </TextEquiv>
                </Word>
                <Word id="tr_2_tl_18_w10" custom="readingOrder {index:9;}">
                    <Coords points="2297,1971 2297,2031 2349,2031 2349,1971"/>
                    <TextEquiv>
                        <Unicode>aus</Unicode>
                    </TextEquiv>
                </Word>
                <TextEquiv>
                    <Unicode>mann, auch Sudermann und Halbe hatten das junge Mädchen aus</Unicode>
                </TextEquiv>
            </TextLine>
            <TextLine id="tr_2_tl_19" custom="readingOrder {index:18;}">
                <Coords points="1159,2038 2351,2064 2310,2017 1159,1994"/>
                <Baseline points="1167,2029 1226,2032 1285,2034 1345,2035 1404,2038 1464,2038 1523,2041 1582,2041 1642,2041 1701,2044 1761,2044 1820,2046 1879,2047 1939,2048 1998,2048 2058,2050 2117,2051 2176,2053 2236,2053 2295,2053 2355,2053"/>
                <Word id="tr_2_tl_19_w1" custom="readingOrder {index:0;}">
                    <Coords points="1162,1989 1162,2049 1211,2049 1211,1989"/>
                    <TextEquiv>
                        <Unicode>dem</Unicode>
                    </TextEquiv>
                </Word>
                <Word id="tr_2_tl_19_w2" custom="readingOrder {index:1;}">
                    <Coords points="1262,1994 1262,2054 1334,2054 1334,1994"/>
                    <TextEquiv>
                        <Unicode>Volk</Unicode>
                    </TextEquiv>
                </Word>
                <Word id="tr_2_tl_19_w3" custom="readingOrder {index:2;}">
                    <Coords points="1366,1998 1366,2058 1443,2058 1443,1998"/>
                    <TextEquiv>
                        <Unicode>ganz</Unicode>
                    </TextEquiv>
                </Word>
                <Word id="tr_2_tl_19_w4" custom="readingOrder {index:3;}">
                    <Coords points="1470,2001 1470,2061 1588,2061 1588,2001"/>
                    <TextEquiv>
                        <Unicode>tragisch</Unicode>
                    </TextEquiv>
                </Word>
                <Word id="tr_2_tl_19_w5" custom="readingOrder {index:4;}">
                    <Coords points="1620,2004 1620,2064 1792,2064 1792,2004"/>
                    <TextEquiv>
                        <Unicode>aufgefaßt.</Unicode>
                    </TextEquiv>
                </Word>
                <Word id="tr_2_tl_19_w6" custom="readingOrder {index:5;}">
                    <Coords points="1834,2006 1834,2066 1892,2066 1892,2006"/>
                    <TextEquiv>
                        <Unicode>Sie</Unicode>
                    </TextEquiv>
                </Word>
                <Word id="tr_2_tl_19_w7" custom="readingOrder {index:6;}">
                    <Coords points="1924,2008 1924,2068 2019,2068 2019,2008"/>
                    <TextEquiv>
                        <Unicode>hatten</Unicode>
                    </TextEquiv>
                </Word>
                <Word id="tr_2_tl_19_w8" custom="readingOrder {index:7;}">
                    <Coords points="2056,2010 2056,2070 2101,2070 2101,2010"/>
                    <TextEquiv>
                        <Unicode>den</Unicode>
                    </TextEquiv>
                </Word>
                <Word id="tr_2_tl_19_w9" custom="readingOrder {index:8;}">
                    <Coords points="2138,2013 2138,2073 2278,2073 2278,2013"/>
                    <TextEquiv>
                        <Unicode>Instinkt,</Unicode>
                    </TextEquiv>
                </Word>
                <Word id="tr_2_tl_19_w10" custom="readingOrder {index:9;}">
                    <Coords points="2306,2013 2306,2073 2346,2073 2346,2013"/>
                    <TextEquiv>
                        <Unicode>die</Unicode>
                    </TextEquiv>
                </Word>
                <TextEquiv>
                    <Unicode>dem Volk ganz tragisch aufgefaßt. Sie hatten den Instinkt, die</Unicode>
                </TextEquiv>
            </TextLine>
            <TextLine id="tr_2_tl_20" custom="readingOrder {index:19;}">
                <Coords points="1168,2089 2348,2107 2335,2062 1168,2041"/>
                <Baseline points="1176,2077 1234,2077 1293,2077 1352,2077 1411,2080 1470,2080 1528,2083 1587,2083 1646,2085 1705,2086 1764,2089 1822,2088 1881,2088 1940,2092 1999,2092 2058,2094 2116,2095 2175,2095 2234,2095 2293,2095 2352,2098"/>
                <Word id="tr_2_tl_20_w1" custom="readingOrder {index:0;}">
                    <Coords points="1162,2037 1162,2097 1273,2097 1273,2037"/>
                    <TextEquiv>
                        <Unicode>Freude</Unicode>
                    </TextEquiv>
                </Word>
                <Word id="tr_2_tl_20_w2" custom="readingOrder {index:1;}">
                    <Coords points="1299,2037 1299,2097 1333,2097 1333,2037"/>
                    <TextEquiv>
                        <Unicode>am</Unicode>
                    </TextEquiv>
                </Word>
                <Word id="tr_2_tl_20_w3" custom="readingOrder {index:2;}">
                    <Coords points="1372,2040 1372,2100 1522,2100 1522,2040"/>
                    <TextEquiv>
                        <Unicode>Ausleben</Unicode>
                    </TextEquiv>
                </Word>
                <Word id="tr_2_tl_20_w4" custom="readingOrder {index:3;}">
                    <Coords points="1553,2043 1553,2103 1600,2103 1600,2043"/>
                    <TextEquiv>
                        <Unicode>des</Unicode>
                    </TextEquiv>
                </Word>
                <Word id="tr_2_tl_20_w5" custom="readingOrder {index:4;}">
                    <Coords points="1630,2045 1630,2105 1763,2105 1763,2045"/>
                    <TextEquiv>
                        <Unicode>Sinnes,</Unicode>
                    </TextEquiv>
                </Word>
                <Word id="tr_2_tl_20_w6" custom="readingOrder {index:5;}">
                    <Coords points="1785,2048 1785,2108 1836,2108 1836,2048"/>
                    <TextEquiv>
                        <Unicode>wie</Unicode>
                    </TextEquiv>
                </Word>
                <Word id="tr_2_tl_20_w7" custom="readingOrder {index:6;}">
                    <Coords points="1863,2049 1863,2109 1944,2109 1944,2049"/>
                    <TextEquiv>
                        <Unicode>einen</Unicode>
                    </TextEquiv>
                </Word>
                <Word id="tr_2_tl_20_w8" custom="readingOrder {index:7;}">
                    <Coords points="1974,2052 1974,2112 2055,2112 2055,2052"/>
                    <TextEquiv>
                        <Unicode>Fluch</Unicode>
                    </TextEquiv>
                </Word>
                <Word id="tr_2_tl_20_w9" custom="readingOrder {index:8;}">
                    <Coords points="2086,2055 2086,2115 2266,2115 2266,2055"/>
                    <TextEquiv>
                        <Unicode>dargestellt.</Unicode>
                    </TextEquiv>
                </Word>
                <Word id="tr_2_tl_20_w10" custom="readingOrder {index:9;}">
                    <Coords points="2293,2056 2293,2116 2348,2116 2348,2056"/>
                    <TextEquiv>
                        <Unicode>Sie</Unicode>
                    </TextEquiv>
                </Word>
                <TextEquiv>
                    <Unicode>Freude am Ausleben des Sinnes, wie einen Fluch dargestellt. Sie</Unicode>
                </TextEquiv>
            </TextLine>
            <TextLine id="tr_2_tl_21" custom="readingOrder {index:20;}">
                <Coords points="1159,2137 2353,2153 2351,2105 2275,2099 1158,2086"/>
                <Baseline points="1167,2119 1226,2119 1285,2121 1345,2122 1404,2125 1464,2125 1523,2125 1582,2128 1642,2128 1701,2131 1761,2132 1820,2134 1879,2134 1939,2135 1998,2137 2058,2137 2117,2137 2176,2137 2236,2140 2295,2141 2355,2146"/>
                <Word id="tr_2_tl_21_w1" custom="readingOrder {index:0;}">
                    <Coords points="1160,2079 1160,2139 1258,2139 1258,2079"/>
                    <TextEquiv>
                        <Unicode>hatten</Unicode>
                    </TextEquiv>
                </Word>
                <Word id="tr_2_tl_21_w2" custom="readingOrder {index:1;}">
                    <Coords points="1288,2082 1288,2142 1412,2142 1412,2082"/>
                    <TextEquiv>
                        <Unicode>erzählt,</Unicode>
                    </TextEquiv>
                </Word>
                <Word id="tr_2_tl_21_w3" custom="readingOrder {index:2;}">
                    <Coords points="1434,2085 1434,2145 1489,2145 1489,2085"/>
                    <TextEquiv>
                        <Unicode>wie</Unicode>
                    </TextEquiv>
                </Word>
                <Word id="tr_2_tl_21_w4" custom="readingOrder {index:3;}">
                    <Coords points="1511,2087 1511,2147 1630,2147 1630,2087"/>
                    <TextEquiv>
                        <Unicode>schwer,</Unicode>
                    </TextEquiv>
                </Word>
                <Word id="tr_2_tl_21_w5" custom="readingOrder {index:4;}">
                    <Coords points="1652,2089 1652,2149 1703,2149 1703,2089"/>
                    <TextEquiv>
                        <Unicode>wie</Unicode>
                    </TextEquiv>
                </Word>
                <Word id="tr_2_tl_21_w6" custom="readingOrder {index:5;}">
                    <Coords points="1729,2092 1729,2152 1835,2152 1835,2092"/>
                    <TextEquiv>
                        <Unicode>dunkel</Unicode>
                    </TextEquiv>
                </Word>
                <Word id="tr_2_tl_21_w7" custom="readingOrder {index:6;}">
                    <Coords points="1857,2094 1857,2154 1929,2154 1929,2094"/>
                    <TextEquiv>
                        <Unicode>alles</Unicode>
                    </TextEquiv>
                </Word>
                <Word id="tr_2_tl_21_w8" custom="readingOrder {index:7;}">
                    <Coords points="1956,2097 1956,2157 2045,2157 2045,2097"/>
                    <TextEquiv>
                        <Unicode>Leben</Unicode>
                    </TextEquiv>
                </Word>
                <Word id="tr_2_tl_21_w9" custom="readingOrder {index:8;}">
                    <Coords points="2076,2097 2076,2157 2148,2157 2148,2097"/>
                    <TextEquiv>
                        <Unicode>dann</Unicode>
                    </TextEquiv>
                </Word>
                <Word id="tr_2_tl_21_w10" custom="readingOrder {index:9;}">
                    <Coords points="2183,2098 2183,2158 2229,2158 2229,2098"/>
                    <TextEquiv>
                        <Unicode>sein</Unicode>
                    </TextEquiv>
                </Word>
                <Word id="tr_2_tl_21_w11" custom="readingOrder {index:10;}">
                    <Coords points="2264,2102 2264,2162 2353,2162 2353,2102"/>
                    <TextEquiv>
                        <Unicode>wird,</Unicode>
                    </TextEquiv>
                </Word>
                <TextEquiv>
                    <Unicode>hatten erzählt, wie schwer, wie dunkel alles Leben dann sein wird,</Unicode>
                </TextEquiv>
            </TextLine>
            <TextLine id="tr_2_tl_22" custom="readingOrder {index:21;}">
                <Coords points="1153,2171 2304,2199 2348,2155 1152,2137"/>
                <Baseline points="1161,2164 1220,2164 1280,2166 1339,2167 1399,2167 1458,2167 1518,2170 1577,2171 1637,2173 1696,2173 1756,2176 1816,2176 1875,2178 1935,2178 1994,2178 2054,2181 2113,2181 2173,2181 2232,2184 2292,2184 2352,2181"/>
                <Word id="tr_2_tl_22_w1" custom="readingOrder {index:0;}">
                    <Coords points="1155,2124 1155,2184 1236,2184 1236,2124"/>
                    <TextEquiv>
                        <Unicode>wenn</Unicode>
                    </TextEquiv>
                </Word>
                <Word id="tr_2_tl_22_w2" custom="readingOrder {index:1;}">
                    <Coords points="1269,2126 1269,2186 1318,2186 1318,2126"/>
                    <TextEquiv>
                        <Unicode>das</Unicode>
                    </TextEquiv>
                </Word>
                <Word id="tr_2_tl_22_w3" custom="readingOrder {index:2;}">
                    <Coords points="1346,2127 1346,2187 1432,2187 1432,2127"/>
                    <TextEquiv>
                        <Unicode>junge</Unicode>
                    </TextEquiv>
                </Word>
                <Word id="tr_2_tl_22_w4" custom="readingOrder {index:3;}">
                    <Coords points="1460,2130 1460,2190 1596,2190 1596,2130"/>
                    <TextEquiv>
                        <Unicode>Mädchen</Unicode>
                    </TextEquiv>
                </Word>
                <Word id="tr_2_tl_22_w5" custom="readingOrder {index:4;}">
                    <Coords points="1629,2133 1629,2193 1787,2193 1787,2133"/>
                    <TextEquiv>
                        <Unicode>aufwacht.</Unicode>
                    </TextEquiv>
                </Word>
                <Word id="tr_2_tl_22_w6" custom="readingOrder {index:5;}">
                    <Coords points="1829,2137 1829,2197 1887,2197 1887,2137"/>
                    <TextEquiv>
                        <Unicode>Bei</Unicode>
                    </TextEquiv>
                </Word>
                <Word id="tr_2_tl_22_w7" custom="readingOrder {index:6;}">
                    <Coords points="1906,2138 1906,2198 2061,2198 2061,2138"/>
                    <TextEquiv>
                        <Unicode>Schnitzler</Unicode>
                    </TextEquiv>
                </Word>
                <Word id="tr_2_tl_22_w8" custom="readingOrder {index:7;}">
                    <Coords points="2089,2141 2089,2201 2174,2201 2174,2141"/>
                    <TextEquiv>
                        <Unicode>fehlen</Unicode>
                    </TextEquiv>
                </Word>
                <Word id="tr_2_tl_22_w9" custom="readingOrder {index:8;}">
                    <Coords points="2207,2143 2207,2203 2247,2203 2247,2143"/>
                    <TextEquiv>
                        <Unicode>die</Unicode>
                    </TextEquiv>
                </Word>
                <Word id="tr_2_tl_22_w10" custom="readingOrder {index:9;}">
                    <Coords points="2271,2143 2271,2203 2347,2203 2347,2143"/>
                    <TextEquiv>
                        <Unicode>Tra¬</Unicode>
                    </TextEquiv>
                </Word>
                <TextEquiv>
                    <Unicode>wenn das junge Mädchen aufwacht. Bei Schnitzler fehlen die Tra¬</Unicode>
                </TextEquiv>
            </TextLine>
            <TextLine id="tr_2_tl_23" custom="readingOrder {index:22;}">
                <Coords points="1164,2225 2341,2242 2350,2187 1162,2175"/>
                <Baseline points="1170,2211 1229,2206 1288,2208 1347,2208 1407,2207 1466,2209 1525,2214 1584,2214 1644,2214 1703,2217 1762,2218 1821,2220 1881,2220 1940,2221 1999,2223 2058,2220 2118,2223 2177,2223 2236,2225 2295,2226 2355,2229"/>
                <Word id="tr_2_tl_23_w1" custom="readingOrder {index:0;}">
                    <Coords points="1160,2167 1160,2227 1257,2227 1257,2167"/>
                    <TextEquiv>
                        <Unicode>gödien</Unicode>
                    </TextEquiv>
                </Word>
                <Word id="tr_2_tl_23_w2" custom="readingOrder {index:1;}">
                    <Coords points="1289,2168 1289,2228 1377,2228 1377,2168"/>
                    <TextEquiv>
                        <Unicode>nicht.</Unicode>
                    </TextEquiv>
                </Word>
                <Word id="tr_2_tl_23_w3" custom="readingOrder {index:2;}">
                    <Coords points="1418,2168 1418,2228 1475,2228 1475,2168"/>
                    <TextEquiv>
                        <Unicode>Sie</Unicode>
                    </TextEquiv>
                </Word>
                <Word id="tr_2_tl_23_w4" custom="readingOrder {index:3;}">
                    <Coords points="1503,2174 1503,2234 1595,2234 1595,2174"/>
                    <TextEquiv>
                        <Unicode>waren</Unicode>
                    </TextEquiv>
                </Word>
                <Word id="tr_2_tl_23_w5" custom="readingOrder {index:4;}">
                    <Coords points="1627,2177 1627,2237 1835,2237 1835,2177"/>
                    <TextEquiv>
                        <Unicode>naturalistisch</Unicode>
                    </TextEquiv>
                </Word>
                <Word id="tr_2_tl_23_w6" custom="readingOrder {index:5;}">
                    <Coords points="1867,2181 1867,2241 2044,2241 2044,2181"/>
                    <TextEquiv>
                        <Unicode>beobachtet.</Unicode>
                    </TextEquiv>
                </Word>
                <Word id="tr_2_tl_23_w7" custom="readingOrder {index:6;}">
                    <Coords points="2085,2182 2085,2242 2129,2242 2129,2182"/>
                    <TextEquiv>
                        <Unicode>Es</Unicode>
                    </TextEquiv>
                </Word>
                <Word id="tr_2_tl_23_w8" custom="readingOrder {index:7;}">
                    <Coords points="2156,2184 2156,2244 2257,2244 2257,2184"/>
                    <TextEquiv>
                        <Unicode>konnte</Unicode>
                    </TextEquiv>
                </Word>
                <Word id="tr_2_tl_23_w9" custom="readingOrder {index:8;}">
                    <Coords points="2285,2187 2285,2247 2346,2247 2346,2187"/>
                    <TextEquiv>
                        <Unicode>auch</Unicode>
                    </TextEquiv>
                </Word>
                <TextEquiv>
                    <Unicode>gödien nicht. Sie waren naturalistisch beobachtet. Es konnte auch</Unicode>
                </TextEquiv>
            </TextLine>
            <TextLine id="tr_2_tl_24" custom="readingOrder {index:23;}">
                <Coords points="1155,2263 2338,2287 2347,2242 1153,2226"/>
                <Baseline points="1161,2250 1220,2250 1280,2252 1339,2253 1399,2253 1458,2255 1518,2256 1577,2257 1637,2259 1696,2259 1756,2262 1816,2264 1875,2265 1935,2265 1994,2267 2054,2268 2113,2268 2173,2268 2232,2268 2292,2271 2352,2271"/>
                <Word id="tr_2_tl_24_w1" custom="readingOrder {index:0;}">
                    <Coords points="1156,2210 1156,2270 1235,2270 1235,2210"/>
                    <TextEquiv>
                        <Unicode>nicht</Unicode>
                    </TextEquiv>
                </Word>
                <Word id="tr_2_tl_24_w2" custom="readingOrder {index:1;}">
                    <Coords points="1253,2212 1253,2272 1358,2272 1358,2212"/>
                    <TextEquiv>
                        <Unicode>anders</Unicode>
                    </TextEquiv>
                </Word>
                <Word id="tr_2_tl_24_w3" custom="readingOrder {index:2;}">
                    <Coords points="1385,2213 1385,2273 1455,2273 1455,2213"/>
                    <TextEquiv>
                        <Unicode>sein.</Unicode>
                    </TextEquiv>
                </Word>
                <Word id="tr_2_tl_24_w4" custom="readingOrder {index:3;}">
                    <Coords points="1491,2216 1491,2276 1575,2276 1575,2216"/>
                    <TextEquiv>
                        <Unicode>Denn</Unicode>
                    </TextEquiv>
                </Word>
                <Word id="tr_2_tl_24_w5" custom="readingOrder {index:4;}">
                    <Coords points="1602,2219 1602,2279 1756,2279 1756,2219"/>
                    <TextEquiv>
                        <Unicode>Schnitzler</Unicode>
                    </TextEquiv>
                </Word>
                <Word id="tr_2_tl_24_w6" custom="readingOrder {index:5;}">
                    <Coords points="1778,2223 1778,2283 1840,2283 1840,2223"/>
                    <TextEquiv>
                        <Unicode>war</Unicode>
                    </TextEquiv>
                </Word>
                <Word id="tr_2_tl_24_w7" custom="readingOrder {index:6;}">
                    <Coords points="1862,2225 1862,2285 1888,2285 1888,2225"/>
                    <TextEquiv>
                        <Unicode>ja</Unicode>
                    </TextEquiv>
                </Word>
                <Word id="tr_2_tl_24_w8" custom="readingOrder {index:7;}">
                    <Coords points="1915,2225 1915,2285 1955,2285 1955,2225"/>
                    <TextEquiv>
                        <Unicode>ein</Unicode>
                    </TextEquiv>
                </Word>
                <Word id="tr_2_tl_24_w9" custom="readingOrder {index:8;}">
                    <Coords points="1982,2227 1982,2287 2065,2287 2065,2227"/>
                    <TextEquiv>
                        <Unicode>Arzt,</Unicode>
                    </TextEquiv>
                </Word>
                <Word id="tr_2_tl_24_w10" custom="readingOrder {index:9;}">
                    <Coords points="2083,2228 2083,2288 2136,2288 2136,2228"/>
                    <TextEquiv>
                        <Unicode>und</Unicode>
                    </TextEquiv>
                </Word>
                <Word id="tr_2_tl_24_w11" custom="readingOrder {index:10;}">
                    <Coords points="2163,2228 2163,2288 2189,2288 2189,2228"/>
                    <TextEquiv>
                        <Unicode>er</Unicode>
                    </TextEquiv>
                </Word>
                <Word id="tr_2_tl_24_w12" custom="readingOrder {index:11;}">
                    <Coords points="2211,2230 2211,2290 2339,2290 2339,2230"/>
                    <TextEquiv>
                        <Unicode>verstand</Unicode>
                    </TextEquiv>
                </Word>
                <TextEquiv>
                    <Unicode>nicht anders sein. Denn Schnitzler war ja ein Arzt, und er verstand</Unicode>
                </TextEquiv>
            </TextLine>
            <TextLine id="tr_2_tl_25" custom="readingOrder {index:24;}">
                <Coords points="1153,2305 2326,2330 2348,2284 1152,2263"/>
                <Baseline points="1161,2295 1220,2295 1280,2297 1339,2295 1399,2298 1458,2298 1518,2301 1577,2301 1637,2301 1696,2304 1756,2305 1816,2307 1875,2310 1935,2309 1994,2309 2054,2310 2113,2311 2173,2313 2232,2313 2292,2316 2352,2313"/>
                <Word id="tr_2_tl_25_w1" custom="readingOrder {index:0;}">
                    <Coords points="1155,2255 1155,2315 1200,2315 1200,2255"/>
                    <TextEquiv>
                        <Unicode>sich</Unicode>
                    </TextEquiv>
                </Word>
                <Word id="tr_2_tl_25_w2" custom="readingOrder {index:1;}">
                    <Coords points="1232,2256 1232,2316 1282,2316 1282,2256"/>
                    <TextEquiv>
                        <Unicode>auf</Unicode>
                    </TextEquiv>
                </Word>
                <Word id="tr_2_tl_25_w3" custom="readingOrder {index:2;}">
                    <Coords points="1305,2255 1305,2315 1354,2315 1354,2255"/>
                    <TextEquiv>
                        <Unicode>das</Unicode>
                    </TextEquiv>
                </Word>
                <Word id="tr_2_tl_25_w4" custom="readingOrder {index:3;}">
                    <Coords points="1378,2258 1378,2318 1573,2318 1573,2258"/>
                    <TextEquiv>
                        <Unicode>Trauerspiel</Unicode>
                    </TextEquiv>
                </Word>
                <Word id="tr_2_tl_25_w5" custom="readingOrder {index:4;}">
                    <Coords points="1592,2261 1592,2321 1637,2321 1637,2261"/>
                    <TextEquiv>
                        <Unicode>des</Unicode>
                    </TextEquiv>
                </Word>
                <Word id="tr_2_tl_25_w6" custom="readingOrder {index:5;}">
                    <Coords points="1665,2264 1665,2324 1769,2324 1769,2264"/>
                    <TextEquiv>
                        <Unicode>kleinen</Unicode>
                    </TextEquiv>
                </Word>
                <Word id="tr_2_tl_25_w7" custom="readingOrder {index:6;}">
                    <Coords points="1797,2267 1797,2327 1851,2327 1851,2267"/>
                    <TextEquiv>
                        <Unicode>und</Unicode>
                    </TextEquiv>
                </Word>
                <Word id="tr_2_tl_25_w8" custom="readingOrder {index:7;}">
                    <Coords points="1875,2269 1875,2329 1979,2329 1979,2269"/>
                    <TextEquiv>
                        <Unicode>großen</Unicode>
                    </TextEquiv>
                </Word>
                <Word id="tr_2_tl_25_w9" custom="readingOrder {index:8;}">
                    <Coords points="2011,2270 2011,2330 2138,2330 2138,2270"/>
                    <TextEquiv>
                        <Unicode>Lebens.</Unicode>
                    </TextEquiv>
                </Word>
                <Word id="tr_2_tl_25_w10" custom="readingOrder {index:9;}">
                    <Coords points="2171,2273 2171,2333 2252,2333 2252,2273"/>
                    <TextEquiv>
                        <Unicode>Aber</Unicode>
                    </TextEquiv>
                </Word>
                <Word id="tr_2_tl_25_w11" custom="readingOrder {index:10;}">
                    <Coords points="2275,2275 2275,2335 2347,2335 2347,2275"/>
                    <TextEquiv>
                        <Unicode>seine</Unicode>
                    </TextEquiv>
                </Word>
                <TextEquiv>
                    <Unicode>sich auf das Trauerspiel des kleinen und großen Lebens. Aber seine</Unicode>
                </TextEquiv>
            </TextLine>
            <TextLine id="tr_2_tl_26" custom="readingOrder {index:25;}">
                <Coords points="1159,2348 2310,2374 2345,2324 1158,2305"/>
                <Baseline points="1167,2337 1226,2338 1285,2340 1344,2340 1403,2341 1462,2343 1521,2343 1580,2344 1639,2346 1698,2346 1758,2347 1817,2351 1876,2352 1935,2352 1994,2352 2053,2352 2112,2355 2171,2358 2230,2358 2289,2358 2349,2358"/>
                <Word id="tr_2_tl_26_w1" custom="readingOrder {index:0;}">
                    <Coords points="1152,2299 1152,2359 1413,2359 1413,2299"/>
                    <TextEquiv>
                        <Unicode>Frauengestalten</Unicode>
                    </TextEquiv>
                </Word>
                <Word id="tr_2_tl_26_w2" custom="readingOrder {index:1;}">
                    <Coords points="1449,2303 1449,2363 1506,2363 1506,2303"/>
                    <TextEquiv>
                        <Unicode>sind</Unicode>
                    </TextEquiv>
                </Word>
                <Word id="tr_2_tl_26_w3" custom="readingOrder {index:2;}">
                    <Coords points="1538,2304 1538,2364 1630,2364 1630,2304"/>
                    <TextEquiv>
                        <Unicode>sanft.</Unicode>
                    </TextEquiv>
                </Word>
                <Word id="tr_2_tl_26_w4" custom="readingOrder {index:3;}">
                    <Coords points="1671,2306 1671,2366 1777,2366 1777,2306"/>
                    <TextEquiv>
                        <Unicode>Selbst</Unicode>
                    </TextEquiv>
                </Word>
                <Word id="tr_2_tl_26_w5" custom="readingOrder {index:4;}">
                    <Coords points="1804,2311 1804,2371 1897,2371 1897,2311"/>
                    <TextEquiv>
                        <Unicode>dann,</Unicode>
                    </TextEquiv>
                </Word>
                <Word id="tr_2_tl_26_w6" custom="readingOrder {index:5;}">
                    <Coords points="1924,2312 1924,2372 2003,2372 2003,2312"/>
                    <TextEquiv>
                        <Unicode>wenn</Unicode>
                    </TextEquiv>
                </Word>
                <Word id="tr_2_tl_26_w7" custom="readingOrder {index:6;}">
                    <Coords points="2039,2312 2039,2372 2074,2372 2074,2312"/>
                    <TextEquiv>
                        <Unicode>sie</Unicode>
                    </TextEquiv>
                </Word>
                <Word id="tr_2_tl_26_w8" custom="readingOrder {index:7;}">
                    <Coords points="2106,2315 2106,2375 2150,2375 2150,2315"/>
                    <TextEquiv>
                        <Unicode>sich</Unicode>
                    </TextEquiv>
                </Word>
                <Word id="tr_2_tl_26_w9" custom="readingOrder {index:8;}">
                    <Coords points="2181,2318 2181,2378 2247,2378 2247,2318"/>
                    <TextEquiv>
                        <Unicode>nach</Unicode>
                    </TextEquiv>
                </Word>
                <Word id="tr_2_tl_26_w10" custom="readingOrder {index:9;}">
                    <Coords points="2283,2318 2283,2378 2327,2378 2327,2318"/>
                    <TextEquiv>
                        <Unicode>dem</Unicode>
                    </TextEquiv>
                </Word>
                <TextEquiv>
                    <Unicode>Frauengestalten sind sanft. Selbst dann, wenn sie sich nach dem</Unicode>
                </TextEquiv>
            </TextLine>
            <TextLine id="tr_2_tl_27" custom="readingOrder {index:26;}">
                <Coords points="1156,2387 2348,2417 2327,2366 1156,2350"/>
                <Baseline points="1164,2381 1223,2381 1282,2381 1342,2381 1401,2384 1461,2384 1520,2387 1579,2387 1639,2387 1698,2390 1758,2391 1817,2393 1876,2393 1936,2395 1995,2395 2055,2396 2114,2399 2173,2399 2233,2399 2292,2399 2352,2402"/>
                <Word id="tr_2_tl_27_w1" custom="readingOrder {index:0;}">
                    <Coords points="1154,2341 1154,2401 1233,2401 1233,2341"/>
                    <TextEquiv>
                        <Unicode>Tode</Unicode>
                    </TextEquiv>
                </Word>
                <Word id="tr_2_tl_27_w2" custom="readingOrder {index:1;}">
                    <Coords points="1260,2341 1260,2401 1379,2401 1379,2341"/>
                    <TextEquiv>
                        <Unicode>sehnen,</Unicode>
                    </TextEquiv>
                </Word>
                <Word id="tr_2_tl_27_w3" custom="readingOrder {index:2;}">
                    <Coords points="1397,2344 1397,2404 1432,2404 1432,2344"/>
                    <TextEquiv>
                        <Unicode>ist</Unicode>
                    </TextEquiv>
                </Word>
                <Word id="tr_2_tl_27_w4" custom="readingOrder {index:3;}">
                    <Coords points="1455,2345 1455,2405 1516,2405 1516,2345"/>
                    <TextEquiv>
                        <Unicode>noch</Unicode>
                    </TextEquiv>
                </Word>
                <Word id="tr_2_tl_27_w5" custom="readingOrder {index:4;}">
                    <Coords points="1547,2347 1547,2407 1622,2407 1622,2347"/>
                    <TextEquiv>
                        <Unicode>nicht</Unicode>
                    </TextEquiv>
                </Word>
                <Word id="tr_2_tl_27_w6" custom="readingOrder {index:5;}">
                    <Coords points="1645,2348 1645,2408 1697,2408 1697,2348"/>
                    <TextEquiv>
                        <Unicode>alle</Unicode>
                    </TextEquiv>
                </Word>
                <Word id="tr_2_tl_27_w7" custom="readingOrder {index:6;}">
                    <Coords points="1720,2352 1720,2412 1879,2412 1879,2352"/>
                    <TextEquiv>
                        <Unicode>Heiterkeit</Unicode>
                    </TextEquiv>
                </Word>
                <Word id="tr_2_tl_27_w8" custom="readingOrder {index:7;}">
                    <Coords points="1901,2354 1901,2414 1923,2414 1923,2354"/>
                    <TextEquiv>
                        <Unicode>in</Unicode>
                    </TextEquiv>
                </Word>
                <Word id="tr_2_tl_27_w9" custom="readingOrder {index:8;}">
                    <Coords points="1955,2355 1955,2415 2038,2415 2038,2355"/>
                    <TextEquiv>
                        <Unicode>ihnen</Unicode>
                    </TextEquiv>
                </Word>
                <Word id="tr_2_tl_27_w10" custom="readingOrder {index:9;}">
                    <Coords points="2070,2359 2070,2419 2352,2419 2352,2359"/>
                    <TextEquiv>
                        <Unicode>eingeschlummert.</Unicode>
                    </TextEquiv>
                </Word>
                <TextEquiv>
                    <Unicode>Tode sehnen, ist noch nicht alle Heiterkeit in ihnen eingeschlummert.</Unicode>
                </TextEquiv>
            </TextLine>
            <TextLine id="tr_2_tl_28" custom="readingOrder {index:27;}">
                <Coords points="1156,2433 2342,2463 2341,2412 2295,2408 1156,2388"/>
                <Baseline points="1164,2423 1223,2426 1282,2426 1341,2426 1400,2427 1459,2429 1518,2429 1577,2430 1636,2432 1695,2435 1755,2435 1814,2435 1873,2438 1932,2438 1991,2438 2050,2440 2109,2441 2168,2444 2227,2444 2286,2444 2346,2441"/>
                <Word id="tr_2_tl_28_w1" custom="readingOrder {index:0;}">
                    <Coords points="1159,2386 1159,2446 1294,2446 1294,2386"/>
                    <TextEquiv>
                        <Unicode>Verzückt</Unicode>
                    </TextEquiv>
                </Word>
                <Word id="tr_2_tl_28_w2" custom="readingOrder {index:1;}">
                    <Coords points="1313,2386 1313,2446 1412,2446 1412,2386"/>
                    <TextEquiv>
                        <Unicode>wollen</Unicode>
                    </TextEquiv>
                </Word>
                <Word id="tr_2_tl_28_w3" custom="readingOrder {index:2;}">
                    <Coords points="1444,2389 1444,2449 1476,2449 1476,2389"/>
                    <TextEquiv>
                        <Unicode>sie</Unicode>
                    </TextEquiv>
                </Word>
                <Word id="tr_2_tl_28_w4" custom="readingOrder {index:3;}">
                    <Coords points="1494,2389 1494,2449 1625,2449 1625,2389"/>
                    <TextEquiv>
                        <Unicode>sterben;</Unicode>
                    </TextEquiv>
                </Word>
                <Word id="tr_2_tl_28_w5" custom="readingOrder {index:4;}">
                    <Coords points="1644,2394 1644,2454 1716,2454 1716,2394"/>
                    <TextEquiv>
                        <Unicode>nicht</Unicode>
                    </TextEquiv>
                </Word>
                <Word id="tr_2_tl_28_w6" custom="readingOrder {index:5;}">
                    <Coords points="1739,2395 1739,2455 1784,2455 1784,2395"/>
                    <TextEquiv>
                        <Unicode>als</Unicode>
                    </TextEquiv>
                </Word>
                <Word id="tr_2_tl_28_w7" custom="readingOrder {index:6;}">
                    <Coords points="1807,2398 1807,2458 2042,2458 2042,2398"/>
                    <TextEquiv>
                        <Unicode>Anklägerinnen</Unicode>
                    </TextEquiv>
                </Word>
                <Word id="tr_2_tl_28_w8" custom="readingOrder {index:7;}">
                    <Coords points="2070,2400 2070,2460 2119,2460 2119,2400"/>
                    <TextEquiv>
                        <Unicode>der</Unicode>
                    </TextEquiv>
                </Word>
                <Word id="tr_2_tl_28_w9" custom="readingOrder {index:8;}">
                    <Coords points="2143,2404 2143,2464 2255,2464 2255,2404"/>
                    <TextEquiv>
                        <Unicode>sozialen</Unicode>
                    </TextEquiv>
                </Word>
                <Word id="tr_2_tl_28_w10" custom="readingOrder {index:9;}">
                    <Coords points="2288,2402 2288,2462 2346,2462 2346,2402"/>
                    <TextEquiv>
                        <Unicode>Ge¬</Unicode>
                    </TextEquiv>
                </Word>
                <TextEquiv>
                    <Unicode>Verzückt wollen sie sterben; nicht als Anklägerinnen der sozialen Ge¬</Unicode>
                </TextEquiv>
            </TextLine>
            <TextLine id="tr_2_tl_29" custom="readingOrder {index:28;}">
                <Coords points="1156,2482 2339,2499 2275,2448 1156,2432"/>
                <Baseline points="1164,2471 1226,2471 1288,2471 1350,2471 1412,2473 1474,2477 1536,2474 1598,2476 1660,2477 1722,2477 1784,2480 1846,2481 1908,2483 1970,2483 2032,2483 2094,2485 2156,2486 2218,2486 2280,2489 2343,2486"/>
                <Word id="tr_2_tl_29_w1" custom="readingOrder {index:0;}">
                    <Coords points="1155,2431 1155,2491 1463,2491 1463,2431"/>
                    <TextEquiv>
                        <Unicode>sellschaftsordnung,</Unicode>
                    </TextEquiv>
                </Word>
                <Word id="tr_2_tl_29_w2" custom="readingOrder {index:1;}">
                    <Coords points="1486,2434 1486,2494 1603,2494 1603,2434"/>
                    <TextEquiv>
                        <Unicode>sondern</Unicode>
                    </TextEquiv>
                </Word>
                <Word id="tr_2_tl_29_w3" custom="readingOrder {index:2;}">
                    <Coords points="1640,2436 1640,2496 1662,2496 1662,2436"/>
                    <TextEquiv>
                        <Unicode>in</Unicode>
                    </TextEquiv>
                </Word>
                <Word id="tr_2_tl_29_w4" custom="readingOrder {index:3;}">
                    <Coords points="1695,2437 1695,2497 1744,2497 1744,2437"/>
                    <TextEquiv>
                        <Unicode>der</Unicode>
                    </TextEquiv>
                </Word>
                <Word id="tr_2_tl_29_w5" custom="readingOrder {index:4;}">
                    <Coords points="1772,2441 1772,2501 1934,2501 1934,2441"/>
                    <TextEquiv>
                        <Unicode>Schönheit</Unicode>
                    </TextEquiv>
                </Word>
                <Word id="tr_2_tl_29_w6" custom="readingOrder {index:5;}">
                    <Coords points="1962,2443 1962,2503 2039,2503 2039,2443"/>
                    <TextEquiv>
                        <Unicode>eines</Unicode>
                    </TextEquiv>
                </Word>
                <Word id="tr_2_tl_29_w7" custom="readingOrder {index:6;}">
                    <Coords points="2067,2445 2067,2505 2198,2505 2198,2445"/>
                    <TextEquiv>
                        <Unicode>Engels,</Unicode>
                    </TextEquiv>
                </Word>
                <Word id="tr_2_tl_29_w8" custom="readingOrder {index:7;}">
                    <Coords points="2216,2447 2216,2507 2266,2507 2266,2447"/>
                    <TextEquiv>
                        <Unicode>der</Unicode>
                    </TextEquiv>
                </Word>
                <Word id="tr_2_tl_29_w9" custom="readingOrder {index:8;}">
                    <Coords points="2293,2447 2293,2507 2343,2507 2343,2447"/>
                    <TextEquiv>
                        <Unicode>zu¬</Unicode>
                    </TextEquiv>
                </Word>
                <TextEquiv>
                    <Unicode>sellschaftsordnung, sondern in der Schönheit eines Engels, der zu¬</Unicode>
                </TextEquiv>
            </TextLine>
            <TextLine id="tr_2_tl_30" custom="readingOrder {index:29;}">
                <Coords points="1156,2523 2345,2549 2344,2505 2284,2493 1156,2481"/>
                <Baseline points="1164,2513 1223,2515 1282,2517 1341,2516 1401,2517 1460,2519 1519,2519 1578,2519 1638,2519 1697,2522 1756,2522 1815,2524 1875,2525 1934,2525 1993,2527 2052,2528 2112,2528 2171,2530 2230,2529 2289,2531 2349,2534"/>
                <Word id="tr_2_tl_30_w1" custom="readingOrder {index:0;}">
                    <Coords points="1150,2473 1150,2533 1227,2533 1227,2473"/>
                    <TextEquiv>
                        <Unicode>fällig</Unicode>
                    </TextEquiv>
                </Word>
                <Word id="tr_2_tl_30_w2" custom="readingOrder {index:1;}">
                    <Coords points="1273,2476 1273,2536 1441,2536 1441,2476"/>
                    <TextEquiv>
                        <Unicode>entgleiste.</Unicode>
                    </TextEquiv>
                </Word>
                <Word id="tr_2_tl_30_w3" custom="readingOrder {index:2;}">
                    <Coords points="1488,2479 1488,2539 1555,2539 1555,2479"/>
                    <TextEquiv>
                        <Unicode>Das</Unicode>
                    </TextEquiv>
                </Word>
                <Word id="tr_2_tl_30_w4" custom="readingOrder {index:3;}">
                    <Coords points="1602,2479 1602,2539 1665,2539 1665,2479"/>
                    <TextEquiv>
                        <Unicode>war</Unicode>
                    </TextEquiv>
                </Word>
                <Word id="tr_2_tl_30_w5" custom="readingOrder {index:4;}">
                    <Coords points="1711,2482 1711,2542 1761,2542 1761,2482"/>
                    <TextEquiv>
                        <Unicode>der</Unicode>
                    </TextEquiv>
                </Word>
                <Word id="tr_2_tl_30_w6" custom="readingOrder {index:5;}">
                    <Coords points="1802,2485 1802,2545 1984,2545 1984,2485"/>
                    <TextEquiv>
                        <Unicode>wienerische</Unicode>
                    </TextEquiv>
                </Word>
                <Word id="tr_2_tl_30_w7" custom="readingOrder {index:6;}">
                    <Coords points="2026,2488 2026,2548 2253,2548 2253,2488"/>
                    <TextEquiv>
                        <Unicode>Naturalismus</Unicode>
                    </TextEquiv>
                </Word>
                <Word id="tr_2_tl_30_w8" custom="readingOrder {index:7;}">
                    <Coords points="2290,2492 2290,2552 2340,2552 2340,2492"/>
                    <TextEquiv>
                        <Unicode>der</Unicode>
                    </TextEquiv>
                </Word>
                <TextEquiv>
                    <Unicode>fällig entgleiste. Das war der wienerische Naturalismus der</Unicode>
                </TextEquiv>
            </TextLine>
            <TextLine id="tr_2_tl_31" custom="readingOrder {index:30;}">
                <Coords points="1150,2576 2342,2599 2341,2551 2275,2536 1150,2529"/>
                <Baseline points="1158,2558 1217,2558 1276,2558 1336,2561 1395,2562 1455,2562 1514,2564 1573,2564 1633,2566 1692,2567 1752,2567 1811,2569 1870,2570 1930,2572 1989,2572 2049,2572 2108,2572 2167,2574 2227,2575 2286,2575 2346,2578"/>
                <Word id="tr_2_tl_31_w1" custom="readingOrder {index:0;}">
                    <Coords points="1154,2521 1154,2581 1560,2581 1560,2521"/>
                    <TextEquiv>
                        <Unicode>Empfindsamkeit.</Unicode>
                    </TextEquiv>
                </Word>
                <Word id="tr_2_tl_31_w2" custom="readingOrder {index:1;}">
                    <Coords points="1604,2525 1604,2585 1642,2585 1642,2525"/>
                    <TextEquiv>
                        <Unicode>Es</Unicode>
                    </TextEquiv>
                </Word>
                <Word id="tr_2_tl_31_w3" custom="readingOrder {index:2;}">
                    <Coords points="1676,2527 1676,2587 1737,2587 1737,2527"/>
                    <TextEquiv>
                        <Unicode>war</Unicode>
                    </TextEquiv>
                </Word>
                <Word id="tr_2_tl_31_w4" custom="readingOrder {index:3;}">
                    <Coords points="1771,2528 1771,2588 1809,2588 1809,2528"/>
                    <TextEquiv>
                        <Unicode>ein</Unicode>
                    </TextEquiv>
                </Word>
                <Word id="tr_2_tl_31_w5" custom="readingOrder {index:4;}">
                    <Coords points="1848,2532 1848,2592 2096,2592 2096,2532"/>
                    <TextEquiv>
                        <Unicode>Naturalismus,</Unicode>
                    </TextEquiv>
                </Word>
                <Word id="tr_2_tl_31_w6" custom="readingOrder {index:5;}">
                    <Coords points="2122,2533 2122,2593 2169,2593 2169,2533"/>
                    <TextEquiv>
                        <Unicode>der</Unicode>
                    </TextEquiv>
                </Word>
                <Word id="tr_2_tl_31_w7" custom="readingOrder {index:6;}">
                    <Coords points="2198,2535 2198,2595 2269,2595 2269,2535"/>
                    <TextEquiv>
                        <Unicode>über</Unicode>
                    </TextEquiv>
                </Word>
                <Word id="tr_2_tl_31_w8" custom="readingOrder {index:7;}">
                    <Coords points="2298,2536 2298,2596 2341,2596 2341,2536"/>
                    <TextEquiv>
                        <Unicode>die</Unicode>
                    </TextEquiv>
                </Word>
                <TextEquiv>
                    <Unicode>Empfindsamkeit. Es war ein Naturalismus, der über die</Unicode>
                </TextEquiv>
            </TextLine>
            <TextLine id="tr_2_tl_32" custom="readingOrder {index:31;}">
                <Coords points="1141,3631 2333,3645 2332,3598 2272,3592 1265,3561 1141,3595"/>
                <Baseline points="1149,3620 1208,3617 1267,3617 1326,3617 1386,3617 1445,3619 1504,3620 1563,3620 1623,3622 1682,3623 1741,3623 1800,3623 1860,3623 1919,3626 1978,3626 2037,3629 2097,3629 2156,3629 2215,3629 2274,3632 2334,3629"/>
                <Word id="tr_2_tl_32_w1" custom="readingOrder {index:0;}">
                    <Coords points="1135,3578 1135,3638 1224,3638 1224,3578"/>
                    <TextEquiv>
                        <Unicode>ganze</Unicode>
                    </TextEquiv>
                </Word>
                <Word id="tr_2_tl_32_w2" custom="readingOrder {index:1;}">
                    <Coords points="1253,3577 1253,3637 1327,3637 1327,3577"/>
                    <TextEquiv>
                        <Unicode>Welt</Unicode>
                    </TextEquiv>
                </Word>
                <Word id="tr_2_tl_32_w3" custom="readingOrder {index:2;}">
                    <Coords points="1351,3577 1351,3637 1430,3637 1430,3577"/>
                    <TextEquiv>
                        <Unicode>siegte</Unicode>
                    </TextEquiv>
                </Word>
                <Word id="tr_2_tl_32_w4" custom="readingOrder {index:3;}">
                    <Coords points="1459,3579 1459,3639 1510,3639 1510,3579"/>
                    <TextEquiv>
                        <Unicode>und</Unicode>
                    </TextEquiv>
                </Word>
                <Word id="tr_2_tl_32_w5" custom="readingOrder {index:4;}">
                    <Coords points="1539,3581 1539,3641 1693,3641 1693,3581"/>
                    <TextEquiv>
                        <Unicode>besonders</Unicode>
                    </TextEquiv>
                </Word>
                <Word id="tr_2_tl_32_w6" custom="readingOrder {index:5;}">
                    <Coords points="1717,3583 1717,3643 1740,3643 1740,3583"/>
                    <TextEquiv>
                        <Unicode>in</Unicode>
                    </TextEquiv>
                </Word>
                <Word id="tr_2_tl_32_w7" custom="readingOrder {index:6;}">
                    <Coords points="1774,3583 1774,3643 1966,3643 1966,3583"/>
                    <TextEquiv>
                        <Unicode>romanischen</Unicode>
                    </TextEquiv>
                </Word>
                <Word id="tr_2_tl_32_w8" custom="readingOrder {index:7;}">
                    <Coords points="1999,3589 1999,3649 2130,3649 2130,3589"/>
                    <TextEquiv>
                        <Unicode>Ländern</Unicode>
                    </TextEquiv>
                </Word>
                <Word id="tr_2_tl_32_w9" custom="readingOrder {index:8;}">
                    <Coords points="2159,3590 2159,3650 2323,3650 2323,3590"/>
                    <TextEquiv>
                        <Unicode>verstanden</Unicode>
                    </TextEquiv>
                </Word>
                <TextEquiv>
                    <Unicode>ganze Welt siegte und besonders in romanischen Ländern verstanden</Unicode>
                </TextEquiv>
            </TextLine>
            <TextLine id="tr_2_tl_33" custom="readingOrder {index:32;}">
                <Coords points="1138,3667 2324,3686 2292,3639 1138,3630"/>
                <Baseline points="1146,3656 1205,3660 1264,3662 1323,3662 1382,3663 1441,3665 1500,3665 1559,3665 1618,3665 1677,3665 1737,3670 1796,3668 1855,3668 1914,3671 1973,3671 2032,3671 2091,3671 2150,3672 2209,3674 2268,3674 2328,3674"/>
                <Word id="tr_2_tl_33_w1" custom="readingOrder {index:0;}">
                    <Coords points="1141,3619 1141,3679 1259,3679 1259,3619"/>
                    <TextEquiv>
                        <Unicode>wurde,</Unicode>
                    </TextEquiv>
                </Word>
                <Word id="tr_2_tl_33_w2" custom="readingOrder {index:1;}">
                    <Coords points="1277,3622 1277,3682 1321,3682 1321,3622"/>
                    <TextEquiv>
                        <Unicode>wo</Unicode>
                    </TextEquiv>
                </Word>
                <Word id="tr_2_tl_33_w3" custom="readingOrder {index:2;}">
                    <Coords points="1348,3622 1348,3682 1414,3682 1414,3622"/>
                    <TextEquiv>
                        <Unicode>man</Unicode>
                    </TextEquiv>
                </Word>
                <Word id="tr_2_tl_33_w4" custom="readingOrder {index:3;}">
                    <Coords points="1441,3625 1441,3685 1489,3685 1489,3625"/>
                    <TextEquiv>
                        <Unicode>für</Unicode>
                    </TextEquiv>
                </Word>
                <Word id="tr_2_tl_33_w5" custom="readingOrder {index:4;}">
                    <Coords points="1511,3625 1511,3685 1560,3685 1560,3625"/>
                    <TextEquiv>
                        <Unicode>den</Unicode>
                    </TextEquiv>
                </Word>
                <Word id="tr_2_tl_33_w6" custom="readingOrder {index:5;}">
                    <Coords points="1591,3625 1591,3685 1714,3685 1714,3625"/>
                    <TextEquiv>
                        <Unicode>herben,</Unicode>
                    </TextEquiv>
                </Word>
                <Word id="tr_2_tl_33_w7" custom="readingOrder {index:6;}">
                    <Coords points="1732,3628 1732,3688 1877,3688 1877,3628"/>
                    <TextEquiv>
                        <Unicode>sachlichen</Unicode>
                    </TextEquiv>
                </Word>
                <Word id="tr_2_tl_33_w8" custom="readingOrder {index:7;}">
                    <Coords points="1909,3631 1909,3691 2125,3691 2125,3631"/>
                    <TextEquiv>
                        <Unicode>norddeutschen</Unicode>
                    </TextEquiv>
                </Word>
                <Word id="tr_2_tl_33_w9" custom="readingOrder {index:8;}">
                    <Coords points="2156,3634 2156,3694 2310,3694 2310,3634"/>
                    <TextEquiv>
                        <Unicode>Naturalis</Unicode>
                    </TextEquiv>
                </Word>
                <TextEquiv>
                    <Unicode>wurde, wo man für den herben, sachlichen norddeutschen Naturalis</Unicode>
                </TextEquiv>
            </TextLine>
            <TextLine id="tr_2_tl_34" custom="readingOrder {index:33;}">
                <Coords points="1135,3718 1827,3721 1800,3679 1135,3677"/>
                <Baseline points="1143,3704 1177,3704 1211,3706 1245,3707 1280,3707 1314,3705 1348,3706 1383,3707 1417,3707 1451,3707 1486,3707 1520,3707 1554,3708 1588,3710 1623,3710 1657,3710 1691,3710 1726,3710 1760,3712 1794,3713 1829,3713"/>
                <Word id="tr_2_tl_34_w1" custom="readingOrder {index:0;}">
                    <Coords points="1138,3664 1138,3724 1207,3724 1207,3664"/>
                    <TextEquiv>
                        <Unicode>mnus</Unicode>
                    </TextEquiv>
                </Word>
                <Word id="tr_2_tl_34_w2" custom="readingOrder {index:1;}">
                    <Coords points="1239,3667 1239,3727 1312,3727 1312,3667"/>
                    <TextEquiv>
                        <Unicode>nicht</Unicode>
                    </TextEquiv>
                </Word>
                <Word id="tr_2_tl_34_w3" custom="readingOrder {index:2;}">
                    <Coords points="1336,3666 1336,3726 1395,3726 1395,3666"/>
                    <TextEquiv>
                        <Unicode>viel</Unicode>
                    </TextEquiv>
                </Word>
                <Word id="tr_2_tl_34_w4" custom="readingOrder {index:3;}">
                    <Coords points="1418,3667 1418,3727 1615,3727 1615,3667"/>
                    <TextEquiv>
                        <Unicode>Verständnis</Unicode>
                    </TextEquiv>
                </Word>
                <Word id="tr_2_tl_34_w5" custom="readingOrder {index:4;}">
                    <Coords points="1643,3670 1643,3730 1826,3730 1826,3670"/>
                    <TextEquiv>
                        <Unicode>aufbrachte.</Unicode>
                    </TextEquiv>
                </Word>
                <TextEquiv>
                    <Unicode>mnus nicht viel Verständnis aufbrachte.</Unicode>
                </TextEquiv>
            </TextLine>
            <TextLine id="tr_2_tl_35" custom="readingOrder {index:34;}">
                <Coords points="1211,3759 2330,3780 2330,3725 1211,3713"/>
                <Baseline points="1220,3752 1275,3752 1331,3752 1387,3752 1442,3752 1498,3752 1554,3753 1609,3755 1665,3755 1721,3755 1777,3755 1832,3757 1888,3758 1944,3758 1999,3759 2055,3760 2111,3760 2166,3760 2222,3761 2278,3763 2334,3763"/>
                <Word id="tr_2_tl_35_w1" custom="readingOrder {index:0;}">
                    <Coords points="1214,3712 1214,3772 1432,3772 1432,3712"/>
                    <TextEquiv>
                        <Unicode>„Anatol":</Unicode>
                    </TextEquiv>
                </Word>
                <Word id="tr_2_tl_35_w2" custom="readingOrder {index:1;}">
                    <Coords points="1465,3712 1465,3772 1518,3772 1518,3712"/>
                    <TextEquiv>
                        <Unicode>Ein</Unicode>
                    </TextEquiv>
                </Word>
                <Word id="tr_2_tl_35_w3" custom="readingOrder {index:2;}">
                    <Coords points="1551,3714 1551,3774 1655,3774 1655,3714"/>
                    <TextEquiv>
                        <Unicode>junger</Unicode>
                    </TextEquiv>
                </Word>
                <Word id="tr_2_tl_35_w4" custom="readingOrder {index:3;}">
                    <Coords points="1679,3715 1679,3775 1774,3775 1774,3715"/>
                    <TextEquiv>
                        <Unicode>Herr,</Unicode>
                    </TextEquiv>
                </Word>
                <Word id="tr_2_tl_35_w5" custom="readingOrder {index:4;}">
                    <Coords points="1793,3716 1793,3776 1838,3776 1838,3716"/>
                    <TextEquiv>
                        <Unicode>der</Unicode>
                    </TextEquiv>
                </Word>
                <Word id="tr_2_tl_35_w6" custom="readingOrder {index:5;}">
                    <Coords points="1865,3718 1865,3778 1956,3778 1956,3718"/>
                    <TextEquiv>
                        <Unicode>nichts</Unicode>
                    </TextEquiv>
                </Word>
                <Word id="tr_2_tl_35_w7" custom="readingOrder {index:6;}">
                    <Coords points="1984,3719 1984,3779 2106,3779 2106,3719"/>
                    <TextEquiv>
                        <Unicode>anderes</Unicode>
                    </TextEquiv>
                </Word>
                <Word id="tr_2_tl_35_w8" custom="readingOrder {index:7;}">
                    <Coords points="2139,3720 2139,3780 2161,3780 2161,3720"/>
                    <TextEquiv>
                        <Unicode>zu</Unicode>
                    </TextEquiv>
                </Word>
                <Word id="tr_2_tl_35_w9" custom="readingOrder {index:8;}">
                    <Coords points="2194,3720 2194,3780 2238,3780 2238,3720"/>
                    <TextEquiv>
                        <Unicode>tun</Unicode>
                    </TextEquiv>
                </Word>
                <Word id="tr_2_tl_35_w10" custom="readingOrder {index:9;}">
                    <Coords points="2271,3723 2271,3783 2334,3783 2334,3723"/>
                    <TextEquiv>
                        <Unicode>hat,</Unicode>
                    </TextEquiv>
                </Word>
                <TextEquiv>
                    <Unicode>„Anatol": Ein junger Herr, der nichts anderes zu tun hat,</Unicode>
                </TextEquiv>
            </TextLine>
            <TextLine id="tr_2_tl_36" custom="readingOrder {index:35;}">
                <Coords points="1138,3800 2330,3814 2266,3770 1138,3753"/>
                <Baseline points="1146,3790 1205,3791 1264,3793 1324,3793 1383,3793 1443,3795 1502,3796 1561,3796 1621,3796 1680,3796 1740,3797 1799,3799 1858,3799 1918,3799 1977,3801 2037,3802 2096,3802 2155,3804 2215,3805 2274,3805 2334,3808"/>
                <Word id="tr_2_tl_36_w1" custom="readingOrder {index:0;}">
                    <Coords points="1141,3750 1141,3810 1180,3810 1180,3750"/>
                    <TextEquiv>
                        <Unicode>als</Unicode>
                    </TextEquiv>
                </Word>
                <Word id="tr_2_tl_36_w2" custom="readingOrder {index:1;}">
                    <Coords points="1207,3751 1207,3811 1251,3811 1251,3751"/>
                    <TextEquiv>
                        <Unicode>sich</Unicode>
                    </TextEquiv>
                </Word>
                <Word id="tr_2_tl_36_w3" custom="readingOrder {index:2;}">
                    <Coords points="1278,3753 1278,3813 1326,3813 1326,3753"/>
                    <TextEquiv>
                        <Unicode>der</Unicode>
                    </TextEquiv>
                </Word>
                <Word id="tr_2_tl_36_w4" custom="readingOrder {index:3;}">
                    <Coords points="1348,3753 1348,3813 1436,3813 1436,3753"/>
                    <TextEquiv>
                        <Unicode>Liebe</Unicode>
                    </TextEquiv>
                </Word>
                <Word id="tr_2_tl_36_w5" custom="readingOrder {index:4;}">
                    <Coords points="1459,3755 1459,3815 1485,3815 1485,3755"/>
                    <TextEquiv>
                        <Unicode>zu</Unicode>
                    </TextEquiv>
                </Word>
                <Word id="tr_2_tl_36_w6" custom="readingOrder {index:5;}">
                    <Coords points="1516,3756 1516,3816 1657,3816 1657,3756"/>
                    <TextEquiv>
                        <Unicode>widmen,</Unicode>
                    </TextEquiv>
                </Word>
                <Word id="tr_2_tl_36_w7" custom="readingOrder {index:6;}">
                    <Coords points="1675,3756 1675,3816 1724,3816 1724,3756"/>
                    <TextEquiv>
                        <Unicode>der</Unicode>
                    </TextEquiv>
                </Word>
                <Word id="tr_2_tl_36_w8" custom="readingOrder {index:7;}">
                    <Coords points="1747,3759 1747,3819 1896,3819 1896,3759"/>
                    <TextEquiv>
                        <Unicode>eleganten</Unicode>
                    </TextEquiv>
                </Word>
                <Word id="tr_2_tl_36_w9" custom="readingOrder {index:8;}">
                    <Coords points="1928,3760 1928,3820 2011,3820 2011,3760"/>
                    <TextEquiv>
                        <Unicode>Liebe</Unicode>
                    </TextEquiv>
                </Word>
                <Word id="tr_2_tl_36_w10" custom="readingOrder {index:9;}">
                    <Coords points="2034,3762 2034,3822 2086,3822 2086,3762"/>
                    <TextEquiv>
                        <Unicode>wie</Unicode>
                    </TextEquiv>
                </Word>
                <Word id="tr_2_tl_36_w11" custom="readingOrder {index:10;}">
                    <Coords points="2114,3763 2114,3823 2157,3823 2157,3763"/>
                    <TextEquiv>
                        <Unicode>der</Unicode>
                    </TextEquiv>
                </Word>
                <Word id="tr_2_tl_36_w12" custom="readingOrder {index:11;}">
                    <Coords points="2184,3764 2184,3824 2237,3824 2237,3764"/>
                    <TextEquiv>
                        <Unicode>aus</Unicode>
                    </TextEquiv>
                </Word>
                <Word id="tr_2_tl_36_w13" custom="readingOrder {index:12;}">
                    <Coords points="2264,3765 2264,3825 2312,3825 2312,3765"/>
                    <TextEquiv>
                        <Unicode>dem</Unicode>
                    </TextEquiv>
                </Word>
                <TextEquiv>
                    <Unicode>als sich der Liebe zu widmen, der eleganten Liebe wie der aus dem</Unicode>
                </TextEquiv>
            </TextLine>
            <TextLine id="tr_2_tl_37" custom="readingOrder {index:36;}">
                <Coords points="1138,3840 2330,3867 2329,3825 2251,3814 1138,3800"/>
                <Baseline points="1146,3832 1205,3833 1264,3835 1323,3838 1383,3837 1442,3835 1501,3838 1560,3838 1620,3840 1679,3841 1738,3844 1797,3842 1857,3844 1916,3844 1975,3844 2034,3844 2094,3845 2153,3848 2212,3848 2271,3850 2331,3850"/>
                <Word id="tr_2_tl_37_w1" custom="readingOrder {index:0;}">
                    <Coords points="1137,3792 1137,3852 1209,3852 1209,3792"/>
                    <TextEquiv>
                        <Unicode>Volk</Unicode>
                    </TextEquiv>
                </Word>
                <Word id="tr_2_tl_37_w2" custom="readingOrder {index:1;}">
                    <Coords points="1237,3797 1237,3857 1386,3857 1386,3797"/>
                    <TextEquiv>
                        <Unicode>geholten.</Unicode>
                    </TextEquiv>
                </Word>
                <Word id="tr_2_tl_37_w3" custom="readingOrder {index:2;}">
                    <Coords points="1423,3795 1423,3855 1500,3855 1500,3795"/>
                    <TextEquiv>
                        <Unicode>Sein</Unicode>
                    </TextEquiv>
                </Word>
                <Word id="tr_2_tl_37_w4" custom="readingOrder {index:3;}">
                    <Coords points="1528,3800 1528,3860 1733,3860 1733,3800"/>
                    <TextEquiv>
                        <Unicode>Sinnspruch:</Unicode>
                    </TextEquiv>
                </Word>
                <Word id="tr_2_tl_37_w5" custom="readingOrder {index:4;}">
                    <Coords points="1765,3802 1765,3862 1842,3862 1842,3802"/>
                    <TextEquiv>
                        <Unicode>„Sie</Unicode>
                    </TextEquiv>
                </Word>
                <Word id="tr_2_tl_37_w6" custom="readingOrder {index:5;}">
                    <Coords points="1870,3804 1870,3864 1919,3864 1919,3804"/>
                    <TextEquiv>
                        <Unicode>hat</Unicode>
                    </TextEquiv>
                </Word>
                <Word id="tr_2_tl_37_w7" custom="readingOrder {index:6;}">
                    <Coords points="1943,3804 1943,3864 1965,3864 1965,3804"/>
                    <TextEquiv>
                        <Unicode>in</Unicode>
                    </TextEquiv>
                </Word>
                <Word id="tr_2_tl_37_w8" custom="readingOrder {index:7;}">
                    <Coords points="2002,3804 2002,3864 2111,3864 2111,3804"/>
                    <TextEquiv>
                        <Unicode>meinen</Unicode>
                    </TextEquiv>
                </Word>
                <Word id="tr_2_tl_37_w9" custom="readingOrder {index:8;}">
                    <Coords points="2143,3808 2143,3868 2247,3868 2247,3808"/>
                    <TextEquiv>
                        <Unicode>Armen</Unicode>
                    </TextEquiv>
                </Word>
                <Word id="tr_2_tl_37_w10" custom="readingOrder {index:9;}">
                    <Coords points="2280,3810 2280,3870 2329,3870 2329,3810"/>
                    <TextEquiv>
                        <Unicode>ge¬</Unicode>
                    </TextEquiv>
                </Word>
                <TextEquiv>
                    <Unicode>Volk geholten. Sein Sinnspruch: „Sie hat in meinen Armen ge¬</Unicode>
                </TextEquiv>
            </TextLine>
            <TextLine id="tr_2_tl_38" custom="readingOrder {index:37;}">
                <Coords points="1135,3883 2330,3904 2317,3856 1135,3843"/>
                <Baseline points="1143,3877 1202,3880 1262,3880 1321,3880 1381,3880 1440,3882 1500,3883 1559,3883 1619,3883 1678,3883 1738,3884 1798,3886 1857,3886 1917,3889 1976,3889 2036,3889 2095,3890 2155,3892 2214,3892 2274,3892 2334,3892"/>
                <Word id="tr_2_tl_38_w1" custom="readingOrder {index:0;}">
                    <Coords points="1139,3839 1139,3899 1242,3899 1242,3839"/>
                    <TextEquiv>
                        <Unicode>legen,</Unicode>
                    </TextEquiv>
                </Word>
                <Word id="tr_2_tl_38_w2" custom="readingOrder {index:1;}">
                    <Coords points="1257,3840 1257,3900 1291,3900 1291,3840"/>
                    <TextEquiv>
                        <Unicode>sie</Unicode>
                    </TextEquiv>
                </Word>
                <Word id="tr_2_tl_38_w3" custom="readingOrder {index:2;}">
                    <Coords points="1321,3840 1321,3900 1355,3900 1355,3840"/>
                    <TextEquiv>
                        <Unicode>ist</Unicode>
                    </TextEquiv>
                </Word>
                <Word id="tr_2_tl_38_w4" custom="readingOrder {index:3;}">
                    <Coords points="1375,3841 1375,3901 1492,3901 1492,3841"/>
                    <TextEquiv>
                        <Unicode>heilig.“</Unicode>
                    </TextEquiv>
                </Word>
                <Word id="tr_2_tl_38_w5" custom="readingOrder {index:4;}">
                    <Coords points="1538,3843 1538,3903 1606,3903 1606,3843"/>
                    <TextEquiv>
                        <Unicode>Das</Unicode>
                    </TextEquiv>
                </Word>
                <Word id="tr_2_tl_38_w6" custom="readingOrder {index:5;}">
                    <Coords points="1631,3843 1631,3903 1665,3903 1665,3843"/>
                    <TextEquiv>
                        <Unicode>ist</Unicode>
                    </TextEquiv>
                </Word>
                <Word id="tr_2_tl_38_w7" custom="readingOrder {index:6;}">
                    <Coords points="1690,3843 1690,3903 1778,3903 1778,3843"/>
                    <TextEquiv>
                        <Unicode>Mut,</Unicode>
                    </TextEquiv>
                </Word>
                <Word id="tr_2_tl_38_w8" custom="readingOrder {index:7;}">
                    <Coords points="1793,3846 1793,3906 1847,3906 1847,3846"/>
                    <TextEquiv>
                        <Unicode>das</Unicode>
                    </TextEquiv>
                </Word>
                <Word id="tr_2_tl_38_w9" custom="readingOrder {index:8;}">
                    <Coords points="1877,3847 1877,3907 1910,3907 1910,3847"/>
                    <TextEquiv>
                        <Unicode>ist</Unicode>
                    </TextEquiv>
                </Word>
                <Word id="tr_2_tl_38_w10" custom="readingOrder {index:9;}">
                    <Coords points="1931,3849 1931,3909 2181,3909 2181,3849"/>
                    <TextEquiv>
                        <Unicode>Uebermut,</Unicode>
                    </TextEquiv>
                </Word>
                <Word id="tr_2_tl_38_w11" custom="readingOrder {index:10;}">
                    <Coords points="2206,3852 2206,3912 2270,3912 2270,3852"/>
                    <TextEquiv>
                        <Unicode>aber</Unicode>
                    </TextEquiv>
                </Word>
                <Word id="tr_2_tl_38_w12" custom="readingOrder {index:11;}">
                    <Coords points="2295,3852 2295,3912 2324,3912 2324,3852"/>
                    <TextEquiv>
                        <Unicode>es</Unicode>
                    </TextEquiv>
                </Word>
                <TextEquiv>
                    <Unicode>legen, sie ist heilig.“ Das ist Mut, das ist Uebermut, aber es</Unicode>
                </TextEquiv>
            </TextLine>
            <TextLine id="tr_2_tl_39" custom="readingOrder {index:38;}">
                <Coords points="1146,3932 2317,3953 2329,3901 1144,3886"/>
                <Baseline points="1152,3919 1211,3922 1270,3922 1329,3925 1388,3925 1447,3925 1506,3925 1565,3926 1624,3928 1683,3928 1743,3928 1802,3928 1861,3931 1920,3931 1979,3931 2038,3933 2097,3934 2156,3934 2215,3936 2274,3937 2334,3934"/>
                <Word id="tr_2_tl_39_w1" custom="readingOrder {index:0;}">
                    <Coords points="1143,3879 1143,3939 1171,3939 1171,3879"/>
                    <TextEquiv>
                        <Unicode>ist</Unicode>
                    </TextEquiv>
                </Word>
                <Word id="tr_2_tl_39_w2" custom="readingOrder {index:1;}">
                    <Coords points="1196,3882 1196,3942 1257,3942 1257,3882"/>
                    <TextEquiv>
                        <Unicode>auch</Unicode>
                    </TextEquiv>
                </Word>
                <Word id="tr_2_tl_39_w3" custom="readingOrder {index:2;}">
                    <Coords points="1292,3884 1292,3944 1354,3944 1354,3884"/>
                    <TextEquiv>
                        <Unicode>eine</Unicode>
                    </TextEquiv>
                </Word>
                <Word id="tr_2_tl_39_w4" custom="readingOrder {index:3;}">
                    <Coords points="1378,3885 1378,3945 1469,3945 1469,3885"/>
                    <TextEquiv>
                        <Unicode>große</Unicode>
                    </TextEquiv>
                </Word>
                <Word id="tr_2_tl_39_w5" custom="readingOrder {index:4;}">
                    <Coords points="1498,3887 1498,3947 1728,3947 1728,3887"/>
                    <TextEquiv>
                        <Unicode>Gutmütigkeit.</Unicode>
                    </TextEquiv>
                </Word>
                <Word id="tr_2_tl_39_w6" custom="readingOrder {index:5;}">
                    <Coords points="1763,3889 1763,3949 1906,3949 1906,3889"/>
                    <TextEquiv>
                        <Unicode>Zwischen</Unicode>
                    </TextEquiv>
                </Word>
                <Word id="tr_2_tl_39_w7" custom="readingOrder {index:6;}">
                    <Coords points="1941,3891 1941,3951 1988,3951 1988,3891"/>
                    <TextEquiv>
                        <Unicode>den</Unicode>
                    </TextEquiv>
                </Word>
                <Word id="tr_2_tl_39_w8" custom="readingOrder {index:7;}">
                    <Coords points="2017,3894 2017,3954 2223,3954 2223,3894"/>
                    <TextEquiv>
                        <Unicode>Geschlechtern</Unicode>
                    </TextEquiv>
                </Word>
                <Word id="tr_2_tl_39_w9" custom="readingOrder {index:8;}">
                    <Coords points="2257,3896 2257,3956 2324,3956 2324,3896"/>
                    <TextEquiv>
                        <Unicode>wird</Unicode>
                    </TextEquiv>
                </Word>
                <TextEquiv>
                    <Unicode>ist auch eine große Gutmütigkeit. Zwischen den Geschlechtern wird</Unicode>
                </TextEquiv>
            </TextLine>
            <TextLine id="tr_2_tl_40" custom="readingOrder {index:39;}">
                <Coords points="1135,3969 2332,3989 2330,3946 2208,3940 1135,3935"/>
                <Baseline points="1143,3963 1202,3964 1262,3966 1321,3966 1381,3969 1440,3969 1500,3969 1559,3969 1619,3969 1678,3972 1738,3972 1798,3972 1857,3975 1917,3975 1976,3975 2036,3975 2095,3976 2155,3978 2214,3978 2274,3979 2334,3978"/>
                <Word id="tr_2_tl_40_w1" custom="readingOrder {index:0;}">
                    <Coords points="1138,3923 1138,3983 1194,3983 1194,3923"/>
                    <TextEquiv>
                        <Unicode>kein</Unicode>
                    </TextEquiv>
                </Word>
                <Word id="tr_2_tl_40_w2" custom="readingOrder {index:1;}">
                    <Coords points="1227,3928 1227,3988 1497,3988 1497,3928"/>
                    <TextEquiv>
                        <Unicode>leidenschaftlicher</Unicode>
                    </TextEquiv>
                </Word>
                <Word id="tr_2_tl_40_w3" custom="readingOrder {index:2;}">
                    <Coords points="1525,3929 1525,3989 1636,3989 1636,3929"/>
                    <TextEquiv>
                        <Unicode>Kampf</Unicode>
                    </TextEquiv>
                </Word>
                <Word id="tr_2_tl_40_w4" custom="readingOrder {index:3;}">
                    <Coords points="1660,3932 1660,3992 1884,3992 1884,3932"/>
                    <TextEquiv>
                        <Unicode>ausgekämpft,</Unicode>
                    </TextEquiv>
                </Word>
                <Word id="tr_2_tl_40_w5" custom="readingOrder {index:4;}">
                    <Coords points="1903,3935 1903,3995 2019,3995 2019,3935"/>
                    <TextEquiv>
                        <Unicode>sondern</Unicode>
                    </TextEquiv>
                </Word>
                <Word id="tr_2_tl_40_w6" custom="readingOrder {index:5;}">
                    <Coords points="2052,3935 2052,3995 2117,3995 2117,3935"/>
                    <TextEquiv>
                        <Unicode>man</Unicode>
                    </TextEquiv>
                </Word>
                <Word id="tr_2_tl_40_w7" custom="readingOrder {index:6;}">
                    <Coords points="2150,3938 2150,3998 2326,3998 2326,3938"/>
                    <TextEquiv>
                        <Unicode>verständigt</Unicode>
                    </TextEquiv>
                </Word>
                <TextEquiv>
                    <Unicode>kein leidenschaftlicher Kampf ausgekämpft, sondern man verständigt</Unicode>
                </TextEquiv>
            </TextLine>
            <TextLine id="tr_2_tl_41" custom="readingOrder {index:40;}">
                <Coords points="1147,4020 2217,4044 2327,4035 2327,3992 1146,3974"/>
                <Baseline points="1155,4008 1213,4011 1272,4011 1331,4011 1390,4013 1449,4013 1507,4014 1566,4014 1625,4014 1684,4016 1743,4017 1801,4017 1860,4017 1919,4017 1978,4017 2037,4019 2095,4020 2154,4021 2213,4023 2272,4023 2331,4023"/>
                <Word id="tr_2_tl_41_w1" custom="readingOrder {index:0;}">
                    <Coords points="1140,3968 1140,4028 1184,4028 1184,3968"/>
                    <TextEquiv>
                        <Unicode>sich</Unicode>
                    </TextEquiv>
                </Word>
                <Word id="tr_2_tl_41_w2" custom="readingOrder {index:1;}">
                    <Coords points="1214,3971 1214,4031 1238,4031 1238,3971"/>
                    <TextEquiv>
                        <Unicode>in</Unicode>
                    </TextEquiv>
                </Word>
                <Word id="tr_2_tl_41_w3" custom="readingOrder {index:2;}">
                    <Coords points="1263,3972 1263,4032 1463,4032 1463,3972"/>
                    <TextEquiv>
                        <Unicode>Zärtlichkeit.</Unicode>
                    </TextEquiv>
                </Word>
                <Word id="tr_2_tl_41_w4" custom="readingOrder {index:3;}">
                    <Coords points="1498,3974 1498,4034 1679,4034 1679,3974"/>
                    <TextEquiv>
                        <Unicode>Manchmal</Unicode>
                    </TextEquiv>
                </Word>
                <Word id="tr_2_tl_41_w5" custom="readingOrder {index:4;}">
                    <Coords points="1699,3976 1699,4036 1767,4036 1767,3976"/>
                    <TextEquiv>
                        <Unicode>geht</Unicode>
                    </TextEquiv>
                </Word>
                <Word id="tr_2_tl_41_w6" custom="readingOrder {index:5;}">
                    <Coords points="1787,3977 1787,4037 1846,4037 1846,3977"/>
                    <TextEquiv>
                        <Unicode>hier</Unicode>
                    </TextEquiv>
                </Word>
                <Word id="tr_2_tl_41_w7" custom="readingOrder {index:6;}">
                    <Coords points="1876,3977 1876,4037 1929,4037 1929,3977"/>
                    <TextEquiv>
                        <Unicode>und</Unicode>
                    </TextEquiv>
                </Word>
                <Word id="tr_2_tl_41_w8" custom="readingOrder {index:7;}">
                    <Coords points="1959,3977 1959,4037 1988,4037 1988,3977"/>
                    <TextEquiv>
                        <Unicode>da</Unicode>
                    </TextEquiv>
                </Word>
                <Word id="tr_2_tl_41_w9" custom="readingOrder {index:8;}">
                    <Coords points="2018,3979 2018,4039 2056,4039 2056,3979"/>
                    <TextEquiv>
                        <Unicode>ein</Unicode>
                    </TextEquiv>
                </Word>
                <Word id="tr_2_tl_41_w10" custom="readingOrder {index:9;}">
                    <Coords points="2091,3980 2091,4040 2199,4040 2199,3980"/>
                    <TextEquiv>
                        <Unicode>Mensch</Unicode>
                    </TextEquiv>
                </Word>
                <Word id="tr_2_tl_41_w11" custom="readingOrder {index:10;}">
                    <Coords points="2229,3983 2229,4043 2248,4043 2248,3983"/>
                    <TextEquiv>
                        <Unicode>in</Unicode>
                    </TextEquiv>
                </Word>
                <Word id="tr_2_tl_41_w12" custom="readingOrder {index:11;}">
                    <Coords points="2283,3983 2283,4043 2321,4043 2321,3983"/>
                    <TextEquiv>
                        <Unicode>die</Unicode>
                    </TextEquiv>
                </Word>
                <TextEquiv>
                    <Unicode>sich in Zärtlichkeit. Manchmal geht hier und da ein Mensch in die</Unicode>
                </TextEquiv>
            </TextLine>
            <TextLine id="tr_2_tl_42" custom="readingOrder {index:41;}">
                <Coords points="1135,4066 2326,4080 2304,4030 1135,4017"/>
                <Baseline points="1143,4050 1202,4054 1261,4056 1320,4056 1380,4056 1439,4058 1498,4056 1557,4059 1617,4059 1676,4059 1735,4062 1794,4062 1854,4062 1913,4062 1972,4062 2031,4065 2091,4065 2150,4064 2209,4064 2268,4068 2328,4065"/>
                <Word id="tr_2_tl_42_w1" custom="readingOrder {index:0;}">
                    <Coords points="1139,4014 1139,4074 1266,4074 1266,4014"/>
                    <TextEquiv>
                        <Unicode>Brüche,</Unicode>
                    </TextEquiv>
                </Word>
                <Word id="tr_2_tl_42_w2" custom="readingOrder {index:1;}">
                    <Coords points="1291,4016 1291,4076 1349,4076 1349,4016"/>
                    <TextEquiv>
                        <Unicode>doch</Unicode>
                    </TextEquiv>
                </Word>
                <Word id="tr_2_tl_42_w3" custom="readingOrder {index:2;}">
                    <Coords points="1384,4017 1384,4077 1457,4077 1457,4017"/>
                    <TextEquiv>
                        <Unicode>alles</Unicode>
                    </TextEquiv>
                </Word>
                <Word id="tr_2_tl_42_w4" custom="readingOrder {index:3;}">
                    <Coords points="1487,4018 1487,4078 1623,4078 1623,4018"/>
                    <TextEquiv>
                        <Unicode>geschieht</Unicode>
                    </TextEquiv>
                </Word>
                <Word id="tr_2_tl_42_w5" custom="readingOrder {index:4;}">
                    <Coords points="1649,4019 1649,4079 1742,4079 1742,4019"/>
                    <TextEquiv>
                        <Unicode>artig,</Unicode>
                    </TextEquiv>
                </Word>
                <Word id="tr_2_tl_42_w6" custom="readingOrder {index:5;}">
                    <Coords points="1767,4022 1767,4082 1933,4082 1933,4022"/>
                    <TextEquiv>
                        <Unicode>manierlich</Unicode>
                    </TextEquiv>
                </Word>
                <Word id="tr_2_tl_42_w7" custom="readingOrder {index:6;}">
                    <Coords points="1972,4023 1972,4083 2031,4083 2031,4023"/>
                    <TextEquiv>
                        <Unicode>und</Unicode>
                    </TextEquiv>
                </Word>
                <Word id="tr_2_tl_42_w8" custom="readingOrder {index:7;}">
                    <Coords points="2070,4024 2070,4084 2133,4084 2133,4024"/>
                    <TextEquiv>
                        <Unicode>auch</Unicode>
                    </TextEquiv>
                </Word>
                <Word id="tr_2_tl_42_w9" custom="readingOrder {index:8;}">
                    <Coords points="2163,4024 2163,4084 2178,4084 2178,4024"/>
                    <TextEquiv>
                        <Unicode>—</Unicode>
                    </TextEquiv>
                </Word>
                <Word id="tr_2_tl_42_w10" custom="readingOrder {index:9;}">
                    <Coords points="2227,4027 2227,4087 2324,4087 2324,4027"/>
                    <TextEquiv>
                        <Unicode>ope¬</Unicode>
                    </TextEquiv>
                </Word>
                <TextEquiv>
                    <Unicode>Brüche, doch alles geschieht artig, manierlich und auch — ope¬</Unicode>
                </TextEquiv>
            </TextLine>
            <TextLine id="tr_2_tl_43" custom="readingOrder {index:42;}">
                <Coords points="1137,4111 1170,4121 1198,4111 1211,4120 1232,4105 1363,4106 1410,4123 1457,4109 1456,4071 1135,4065"/>
                <Baseline points="1143,4098 1169,4098 1195,4097 1222,4096 1248,4096 1274,4098 1301,4098 1327,4098 1353,4100 1380,4102 1406,4104 1432,4104 1459,4104"/>
                <Word id="tr_2_tl_43_w1" custom="readingOrder {index:0;}">
                    <Coords points="1135,4058 1135,4118 1460,4118 1460,4058"/>
                    <TextEquiv>
                        <Unicode>rettenmäßig.</Unicode>
                    </TextEquiv>
                </Word>
                <TextEquiv>
                    <Unicode>rettenmäßig.</Unicode>
                </TextEquiv>
            </TextLine>
            <TextLine id="tr_2_tl_44" custom="readingOrder {index:43;}">
                <Coords points="1214,4147 2323,4163 2290,4114 1214,4115"/>
                <Baseline points="1223,4140 1278,4141 1333,4143 1388,4143 1443,4146 1498,4146 1553,4146 1608,4146 1663,4146 1718,4149 1774,4149 1829,4149 1884,4149 1939,4149 1994,4150 2049,4152 2104,4152 2159,4152 2214,4154 2269,4153 2325,4154"/>
                <Word id="tr_2_tl_44_w1" custom="readingOrder {index:0;}">
                    <Coords points="1213,4101 1213,4161 1389,4161 1389,4101"/>
                    <TextEquiv>
                        <Unicode>Schnitzlers</Unicode>
                    </TextEquiv>
                </Word>
                <Word id="tr_2_tl_44_w2" custom="readingOrder {index:1;}">
                    <Coords points="1418,4106 1418,4166 1590,4166 1590,4106"/>
                    <TextEquiv>
                        <Unicode>Sanftheit,</Unicode>
                    </TextEquiv>
                </Word>
                <Word id="tr_2_tl_44_w3" custom="readingOrder {index:2;}">
                    <Coords points="1610,4106 1610,4166 1652,4166 1652,4106"/>
                    <TextEquiv>
                        <Unicode>die</Unicode>
                    </TextEquiv>
                </Word>
                <Word id="tr_2_tl_44_w4" custom="readingOrder {index:3;}">
                    <Coords points="1677,4109 1677,4169 1810,4169 1810,4109"/>
                    <TextEquiv>
                        <Unicode>Anmut,</Unicode>
                    </TextEquiv>
                </Word>
                <Word id="tr_2_tl_44_w5" custom="readingOrder {index:4;}">
                    <Coords points="1830,4109 1830,4169 1887,4169 1887,4109"/>
                    <TextEquiv>
                        <Unicode>mit</Unicode>
                    </TextEquiv>
                </Word>
                <Word id="tr_2_tl_44_w6" custom="readingOrder {index:5;}">
                    <Coords points="1906,4109 1906,4169 1953,4169 1953,4109"/>
                    <TextEquiv>
                        <Unicode>der</Unicode>
                    </TextEquiv>
                </Word>
                <Word id="tr_2_tl_44_w7" custom="readingOrder {index:6;}">
                    <Coords points="1983,4110 1983,4170 2011,4170 2011,4110"/>
                    <TextEquiv>
                        <Unicode>er</Unicode>
                    </TextEquiv>
                </Word>
                <Word id="tr_2_tl_44_w8" custom="readingOrder {index:7;}">
                    <Coords points="2036,4112 2036,4172 2241,4172 2241,4112"/>
                    <TextEquiv>
                        <Unicode>Lebensrätsel</Unicode>
                    </TextEquiv>
                </Word>
                <Word id="tr_2_tl_44_w9" custom="readingOrder {index:8;}">
                    <Coords points="2265,4113 2265,4173 2327,4173 2327,4113"/>
                    <TextEquiv>
                        <Unicode>löst,</Unicode>
                    </TextEquiv>
                </Word>
                <TextEquiv>
                    <Unicode>Schnitzlers Sanftheit, die Anmut, mit der er Lebensrätsel löst,</Unicode>
                </TextEquiv>
            </TextLine>
            <TextLine id="tr_2_tl_45" custom="readingOrder {index:44;}">
                <Coords points="1132,4187 2315,4202 2287,4160 1132,4154"/>
                <Baseline points="1140,4178 1202,4181 1264,4186 1326,4187 1388,4187 1450,4187 1512,4190 1574,4190 1636,4190 1698,4190 1760,4193 1822,4193 1884,4193 1946,4193 2008,4194 2070,4196 2132,4196 2194,4196 2256,4196 2319,4199"/>
                <Word id="tr_2_tl_45_w1" custom="readingOrder {index:0;}">
                    <Coords points="1135,4140 1135,4200 1243,4200 1243,4140"/>
                    <TextEquiv>
                        <Unicode>verrät</Unicode>
                    </TextEquiv>
                </Word>
                <Word id="tr_2_tl_45_w2" custom="readingOrder {index:1;}">
                    <Coords points="1262,4146 1262,4206 1348,4206 1348,4146"/>
                    <TextEquiv>
                        <Unicode>stets,</Unicode>
                    </TextEquiv>
                </Word>
                <Word id="tr_2_tl_45_w3" custom="readingOrder {index:2;}">
                    <Coords points="1366,4147 1366,4207 1420,4207 1420,4147"/>
                    <TextEquiv>
                        <Unicode>daß</Unicode>
                    </TextEquiv>
                </Word>
                <Word id="tr_2_tl_45_w4" custom="readingOrder {index:3;}">
                    <Coords points="1452,4147 1452,4207 1484,4207 1484,4147"/>
                    <TextEquiv>
                        <Unicode>er</Unicode>
                    </TextEquiv>
                </Word>
                <Word id="tr_2_tl_45_w5" custom="readingOrder {index:4;}">
                    <Coords points="1507,4150 1507,4210 1570,4210 1570,4150"/>
                    <TextEquiv>
                        <Unicode>sehr</Unicode>
                    </TextEquiv>
                </Word>
                <Word id="tr_2_tl_45_w6" custom="readingOrder {index:5;}">
                    <Coords points="1598,4150 1598,4210 1657,4210 1657,4150"/>
                    <TextEquiv>
                        <Unicode>niel</Unicode>
                    </TextEquiv>
                </Word>
                <Word id="tr_2_tl_45_w7" custom="readingOrder {index:6;}">
                    <Coords points="1680,4152 1680,4212 1815,4212 1815,4152"/>
                    <TextEquiv>
                        <Unicode>Musik</Unicode>
                    </TextEquiv>
                </Word>
                <Word id="tr_2_tl_45_w8" custom="readingOrder {index:7;}">
                    <Coords points="1843,4153 1843,4213 1865,4213 1865,4153"/>
                    <TextEquiv>
                        <Unicode>im</Unicode>
                    </TextEquiv>
                </Word>
                <Word id="tr_2_tl_45_w9" custom="readingOrder {index:8;}">
                    <Coords points="1911,4153 1911,4213 1983,4213 1983,4153"/>
                    <TextEquiv>
                        <Unicode>Blut</Unicode>
                    </TextEquiv>
                </Word>
                <Word id="tr_2_tl_45_w10" custom="readingOrder {index:9;}">
                    <Coords points="2011,4155 2011,4215 2106,4215 2106,4155"/>
                    <TextEquiv>
                        <Unicode>hatte:</Unicode>
                    </TextEquiv>
                </Word>
                <Word id="tr_2_tl_45_w11" custom="readingOrder {index:10;}">
                    <Coords points="2133,4156 2133,4216 2192,4216 2192,4156"/>
                    <TextEquiv>
                        <Unicode>eine</Unicode>
                    </TextEquiv>
                </Word>
                <Word id="tr_2_tl_45_w12" custom="readingOrder {index:11;}">
                    <Coords points="2215,4156 2215,4216 2310,4216 2310,4156"/>
                    <TextEquiv>
                        <Unicode>leichte</Unicode>
                    </TextEquiv>
                </Word>
                <TextEquiv>
                    <Unicode>verrät stets, daß er sehr niel Musik im Blut hatte: eine leichte</Unicode>
                </TextEquiv>
            </TextLine>
            <TextEquiv>
                <Unicode></Unicode>
            </TextEquiv>
        </TextRegion>
    </Page>
</PcGts>
