3344 4352
176 289 232 349 2

331 291 926 351 Schnitzler's
988 293 1219 353 Deatl

1429 291 1560 351 box
1636 294 1834 354 43/1

578 1541 717 1601 wiener:
748 1544 797 1604 sein
833 1545 943 1605 Drama
979 1546 1028 1606 vom
1074 1545 1209 1605 „Jungen
1240 1544 1425 1604 Medardus"
1455 1545 1490 1605 ist
1516 1545 1575 1605 voll
1601 1545 1645 1605 des
1676 1544 1831 1604 ironischen
1872 1545 1992 1605 dramas
2032 1548 2077 1608 den
2128 1550 2257 1610 Schleier
2288 1550 2333 1610 der
2363 1550 2514 1610 Beatrice“
2569 1555 2664 1615 Seine
2695 1557 3025 1617 Menschendarstellung
3051 1555 3120 1615 ver¬

581 1581 705 1641 Hohnes
741 1583 805 1643 über
841 1583 881 1643 die
911 1583 1031 1643 Wiener
1062 1585 1111 1645 von
1147 1583 1232 1643 1809.
1273 1585 1363 1645 Ueber
1393 1583 1568 1643 Oesterreich
1599 1586 1703 1646 hinaus
1739 1585 1834 1645 führte
1870 1586 1955 1646 tieste
1980 1588 2040 1648 sich,
2061 1587 2160 1647 dunkle
2186 1589 2341 1649 Schicksale
2366 1592 2466 1652 reizten
2502 1594 2542 1654 ihn
2577 1594 2627 1654 zur
2653 1595 2843 1655 Gestaltung,
2868 1597 2918 1657 sein
2948 1594 3113 1654 Skeptizis¬

154 1595 173 1655 r

583 1619 632 1679 ihn
666 1623 754 1683 gleich
789 1622 837 1682 der
872 1623 974 1683 Erfolg
1009 1623 1101 1683 seines
1136 1622 1302 1682 „Anatol".
1342 1625 1405 1685 Das
1440 1625 1512 1685 liebe
1547 1626 1615 1686 füße
1645 1627 1747 1687 Mädl,
1772 1625 1816 1685 dem
1866 1625 1953 1685 mus,
1978 1628 2031 1688 nur
2061 1628 2207 1688 erträglich
2237 1630 2286 1690 bei
2311 1630 2388 1690 einem
2433 1633 2526 1693 Mann
2561 1635 2609 1695 von
2644 1635 2668 1695 so
2702 1634 2814 1694 weicher
2844 1638 3122 1698 Empfindsamkeit,

580 1661 726 1721 Fontane
751 1663 858 1723 bereits
888 1663 937 1723 den
972 1664 1054 1724 Platz
1074 1664 1098 1724 im
1143 1664 1250 1724 Roman
1285 1664 1412 1724 gesichert
1437 1664 1529 1724 hatte,
1549 1664 1676 1724 eroberte
1706 1666 1745 1726 sich
1775 1664 1828 1724 nun
1868 1665 2004 1725 steigerte
2029 1667 2088 1727 sich.
2122 1667 2195 1727 1904
2220 1668 2332 1728 erschien
2362 1670 2411 1730 das
2441 1671 2641 1731 Meisterwerk
2666 1674 2738 1734 „Der
2769 1675 2890 1735 einsame
2915 1676 3018 1736 Weg".
3052 1676 3110 1736 Unl

141 1679 216 1739 deter
252 1679 274 1739 in
316 1676 397 1736 Wien
438 1676 548 1736 drahtet

581 1700 640 1760 von
671 1700 720 1760 der
751 1700 856 1760 Bühne
881 1701 926 1761 die
951 1703 1077 1763 Herzen.
1117 1702 1157 1762 In
1188 1700 1277 1760 diesen
1313 1703 1423 1763 Jahren
1454 1703 1528 1763 blieb
1559 1703 1714 1763 Schnitzler
1745 1703 1839 1763 dabei,
1866 1705 2045 1765 Schnitzler,
2071 1706 2116 1766 der
2151 1706 2176 1766 in
2211 1706 2261 1766 der
2292 1708 2382 1768 etwas
2413 1711 2562 1771 gequälten
2598 1714 2824 1774 Harmlosigkeit
2854 1715 2944 1775 seiner
2975 1713 3114 1773 Puppen¬

152 1730 351 1790 Dramatiker
391 1729 551 1789 Arthur

584 1736 613 1796 in
648 1739 950 1799 Gesellschaftsstücken
990 1740 1039 1800 von
1074 1739 1156 1799 leicht
1181 1739 1347 1799 Ibsenscher
1377 1741 1528 1801 Formung
1558 1741 1606 1801 der
1636 1741 1738 1801 Thesen
1773 1743 1836 1803 eine
1867 1744 1959 1804 spiele
1989 1744 2032 1804 sich
2062 1744 2115 1804 das
2150 1745 2429 1805 Marionettenkleid
2459 1749 2595 1809 umgetan
2630 1751 2722 1811 hatte,
2748 1753 2801 1813 ließ
2836 1753 2859 1813 in
2894 1753 2938 1813 den
2972 1753 3109 1813 Novellen

153 1780 212 1840 69.
238 1779 443 1839 Lebensjahre
483 1777 553 1837 ge¬
578 1777 728 1837 tronische
754 1777 853 1837 Kritik
879 1779 929 1839 des
954 1779 1189 1839 österreichischen
1225 1779 1340 1839 Wesens
1375 1780 1400 1840 zu
1430 1780 1525 1840 üben.
1561 1780 1620 1840 Die
1647 1780 1836 1840 Schauspiele
1867 1783 2142 1843 „Dämmerseelen"
2173 1786 2322 1846 Schicksale
2353 1788 2403 1848 aus
2433 1788 2548 1848 dunklen
2584 1788 2703 1848 Quellen
2739 1789 2839 1849 rinnen
2874 1790 2929 1850 und
2954 1791 3034 1851 hatte
3060 1789 3109 1849 vor

580 1819 672 1879 „Das
697 1819 868 1879 Märchen",
888 1819 1049 1879 „Liebelei“
1074 1819 1127 1879 und
1152 1819 1328 1879 „Freiwild"
1353 1819 1470 1879 gehören
1500 1821 1631 1881 hierher,
1646 1821 1739 1881 später
1759 1820 1832 1880 etwa
1867 1820 1945 1880 allem
1979 1823 2003 1883 in
2033 1823 2125 1883 seinem
2165 1824 2267 1884 großen
2297 1825 2409 1885 Wiener
2434 1825 2605 1885 Zeitroman
2640 1829 2688 1889 vor
2713 1830 2762 1890 der
2787 1829 3001 1889 unerbittlichen
3031 1829 3114 1889 Logik

135 1832 231 1892 Attag,
263 1831 312 1891 als
355 1828 403 1888 der
441 1828 556 1888 Dichter

580 1855 653 1915 noch
678 1857 721 1917 die
746 1856 941 1916 „Lebendigen
971 1858 1142 1918 Stunden“.
1177 1858 1230 1918 Als
1260 1858 1397 1918 Erzähler
1426 1859 1484 1919 trat
1510 1859 1538 1919 er
1563 1859 1587 1919 in
1617 1859 1665 1919 der
1686 1859 1832 1919 minutiös
1867 1858 1920 1918 des
1950 1861 2057 1921 Lebens
2092 1862 2135 1922 sich
2165 1863 2301 1923 gebeugt,
2326 1866 2399 1926 wenn
2439 1867 2468 1927 er
2498 1867 2586 1927 seinen
2620 1867 2864 1927 aristokratischen
2899 1870 3026 1930 Musiker
3055 1870 3114 1930 nur

134 1882 181 1942 ne
211 1879 461 1939 Gehirablutung
498 1878 556 1938 ein¬

583 1897 769 1957 zeichnenden
799 1897 935 1957 Novelle,
960 1897 1003 1957 die
1033 1895 1087 1955 das
1117 1896 1239 1956 Sterben
1279 1897 1351 1957 eines
1381 1897 1665 1957 Schwindsüchtigen
1700 1898 1841 1958 schildert,
1871 1898 1939 1958 über
1969 1900 2017 1960 das
2052 1903 2189 1963 Schicksal
2214 1903 2258 1963 der
2288 1903 2434 1963 Geliebten
2469 1904 2581 1964 hinweg
2611 1907 2655 1967 den
2689 1909 2772 1969 „Weg
2802 1909 2850 1969 ins
2880 1907 2982 1967 Freie"
3012 1906 3105 1966 finden

134 1933 168 1993 n
204 1930 297 1990 letzten
333 1932 449 1992 Jahren
485 1926 554 1986 zwar

584 1933 613 1993 in
643 1935 691 1995 der
711 1937 808 1997 „Frau
838 1935 882 1995 des
907 1935 1058 1995 Weisen",
1074 1935 1141 1995 dann
1171 1936 1195 1996 in
1220 1938 1293 1998 zwei
1313 1937 1445 1997 Arbeiten
1475 1936 1533 1996 voll
1553 1937 1655 1997 köstlich
1680 1937 1831 1997 tronischer
1867 1936 1949 1996 läßt.
1994 1938 2066 1998 Nach
2106 1938 2159 1998 der
2189 1941 2414 2001 Tragikomödie
2449 1943 2526 2003 „Das
2571 1945 2658 2005 weite
2688 1944 2806 2004 Land",
2840 1946 2889 2006 dem
2943 1947 3118 2007 Aerztestück

584 1969 696 2029 Grazie
731 1974 784 2034 und
814 1974 901 2034 bitter
926 1974 1029 2034 herben
1064 1974 1249 2034 Leichtsinns,
1269 1975 1318 2035 der
1348 1977 1440 2037 „Frau
1475 1976 1582 2036 Bertha
1612 1974 1749 2034 Earlan"
1779 1975 1832 2035 und
1867 1977 2043 2037 „Prosessor
2068 1977 2272 2037 Bernhardi",
2293 1978 2341 2038 den
2376 1980 2439 2040 drei
2464 1981 2615 2041 Einaktern
2650 1983 2806 2043 „Komödie
2836 1983 2885 2043 der
2910 1985 3046 2045 Worte",
3066 1983 3114 2043 der

143 1980 266 2040 nender
293 1979 547 2039 Schwerhörigkel

580 2010 636 2070 dem
675 2013 841 2073 „Leutnant
861 2013 960 2073 Gustl“
985 2013 1108 2073 hervor.
1123 2013 1279 2073 Schnitzler
1299 2013 1384 2073 aber,
1399 2014 1452 2074 wie
1471 2015 1499 2075 er
1524 2015 1566 2075 sich
1585 2015 1633 2075 den
1657 2013 1828 2073 Vierzigern
1867 2013 1895 2073 in
1933 2015 2014 2075 ihrer
2043 2017 2252 2077 eigenwilligen
2291 2021 2367 2081 Form
2410 2022 2548 2082 geradezu
2586 2023 2762 2083 vollendeten
2796 2025 2914 2085 Novelle
2948 2027 3105 2087 „Fräulein

584 2052 725 2112 näherte,
745 2052 843 2112 wollte
873 2051 950 2111 mehr
980 2051 1034 2111 sein
1069 2051 1112 2111 als
1142 2050 1190 2110 der
1215 2049 1288 2109 beste
1313 2053 1543 2113 Oesterreicher.
1582 2052 1621 2112 Er
1651 2052 1748 2112 schrieb
1778 2050 1831 2110 das
1867 2052 1973 2112 Else",
1989 2055 2081 2115 waren
2111 2056 2149 2116 die
2174 2058 2360 2118 dramatische
2385 2061 2521 2121 Dichtung
2547 2063 2624 2123 „Der
2649 2064 2732 2124 Gang
2757 2064 2806 2124 zum
2840 2064 2991 2124 Wether",
3007 2064 3114 2124 Novel¬

135 2088 224 2148 unge
255 2086 369 2146 Arthur
400 2085 557 2145 Schnitzlen

585 2091 749 2151 historische
775 2091 985 2151 Kabinettstück
1011 2091 1061 2151 aus
1091 2091 1141 2151 der
1166 2091 1341 2151 Revolution
1372 2094 1447 2154 „Der
1473 2093 1567 2153 grüne
1588 2091 1743 2151 Kakadu",
1758 2090 1828 2150 dann
1864 2089 1914 2149 len
1949 2093 1999 2153 und
2029 2095 2124 2155 Essais
2155 2096 2199 2156 die
2225 2097 2315 2157 letzten
2351 2100 2520 2160 Wegzeichen
2556 2100 2646 2160 seines
2676 2102 2787 2162 reifen,
2807 2104 2832 2164 in
2867 2106 2957 2166 seiner
2983 2108 3117 2168 weichen,

140 2124 529 2184 elancholisch=leichtsinnig

585 2130 669 2190 einen
701 2130 842 2190 vielleicht
869 2131 927 2191 nur
954 2130 1195 2190 halbgelungenen
1227 2133 1347 2193 Versuch
1374 2136 1432 2196 auf
1453 2136 1495 2196 dem
1537 2133 1658 2193 Gebiete
1679 2135 1726 2195 des
1753 2134 1837 2194 Stil=
1864 2136 2058 2196 spielerischen
2090 2138 2226 2198 Zartheit
2248 2138 2421 2198 einmaligen
2448 2141 2636 2201 dichterischen
2663 2144 2836 2204 Schaffens.

138 2163 189 2223 die
206 2165 293 2225 sieben
314 2162 454 2222 Einakter
470 2162 542 2222 seine

140 2206 192 2266 ens
225 2204 343 2264 führte,
370 2203 546 2263 „frühgerei

180 2241 325 2301 traurig"
371 2239 420 2299 die
461 2240 566 2300 halben

150 2282 340 2342 festzuhalten
379 2279 481 2339 wußte
511 2278 564 2338 und

154 2321 311 2381 Geschehen
344 2321 387 2381 die
421 2318 485 2378 zart
513 2314 567 2374 an¬

167 2359 226 2419 von
281 2359 363 2419 einem
423 2356 560 2416 lyrischen

146 2400 218 2460 gene
263 2398 318 2458 und
358 2398 418 2458 doch
458 2395 568 2455 scharfe

138 2438 274 2498 Sprache
305 2435 426 2495 formte,
452 2434 513 2494 galt
539 2432 568 2492 er

132 2476 174 2536 hat
198 2478 254 2538 und
283 2476 330 2536 bei
350 2476 406 2536 uns
435 2473 567 2533 draußen

142 2515 202 2575 iner
233 2515 278 2575 der
304 2515 462 2575 führenden
493 2512 568 2572 Ver¬

142 2553 319 2613 rreichischen
356 2552 553 2612 Schrifttums

133 2592 305 2652 nbolischer
326 2592 489 2652 Handlung
516 2591 566 2651 gab

178 2636 269 2696 Hugo
297 2631 347 2691 von
380 2630 568 2690 Hofmanns¬

136 2670 335 2730 spielendes
359 2670 572 2730 Einleitungs=

137 2709 271 2769 Anatol"
311 2708 365 2768 auf
395 2709 444 2769 den
485 2707 568 2767 Weg.

138 2747 459 2807 unddreißigjährig,
505 2747 566 2807 war

129 2789 163 2849 it
189 2791 224 2851 an
260 2789 306 2849 der
337 2788 454 2848 Wiener
484 2786 565 2846 Poli¬

133 2830 189 2890 sohn
226 2828 273 2888 des
304 2825 428 2885 Wiener
455 2825 568 2885 Laryn¬

159 2869 285 2929 Johann
324 2867 484 2927 Schnitzler
522 2864 550 2924 am

144 2906 288 2966 geboren,
313 2906 438 2966 besuchte
463 2905 496 2965 er
525 2903 568 2963 die

172 2944 407 3004 Sekundärarzt
433 2944 457 3004 im
508 2940 572 3000 All¬

152 2986 211 3046 nur
236 2984 330 3044 seinem
365 2980 557 3040 literarischen

140 3025 186 3085 der
207 3025 322 3085 Mann,
344 3024 390 3084 der
412 3022 437 3082 im
474 3022 563 3082 Leben

164 3066 280 3126 wollte,
304 3063 376 3123 nicht
401 3061 498 3121 einer,
518 3057 565 3117 le¬

176 3100 180 3160 —
224 3103 277 3163 das
307 3103 369 3163 war
399 3101 572 3161 Schnitzler.

124 3139 443 3199 iebenswürdigkeit
472 3138 566 3198 seines

190 3183 237 3243 In
266 3181 365 3241 Wien,
384 3180 431 3240 von
465 3180 559 3240 kurzen

119 3223 200 3283 über
229 3225 257 3285 er
287 3225 351 3285 war
381 3223 438 3283 kein
473 3222 571 3282 Stock¬
