3392 4320
1433 255 1554 315 box
1631 258 1858 318 43/14

174 260 247 320 2.
304 262 900 322 Schnitzler's
976 258 1207 318 Death

1230 648 1378 708 Derr
1446 638 1696 698 Neue
1799 631 1981 691 Mr

2117 733 2185 793 Nr.
2199 731 2242 791 21

1151 754 1222 814 UE
1281 754 1399 814 WEG

1351 870 1581 930 Arthur
1622 866 1974 926 Schnitzler
2022 855 2082 915 *.

1258 930 1316 990 Das
1340 927 1547 987 Burgtheater
1570 924 1597 984 in
1625 921 1706 981 Wien
1738 921 1787 981 hat
1810 921 1869 981 sich
1896 917 2000 977 jüngst
2023 913 2054 973 an
2082 912 2127 972 die
2150 912 2249 972 Spitze

1199 968 1254 1028 der
1276 966 1442 1026 deutschen
1473 966 1600 1026 Bühnen
1626 962 1771 1022 gestellt.
1797 960 1835 1020 Es
1857 958 1912 1018 hat
1934 956 1980 1016 die
2002 952 2143 1012 gesamte
2169 948 2258 1008 deut¬

1199 1006 1265 1066 sche
1290 1003 1574 1063 Schauspielkunst
1591 999 1841 1059 repräsentiert,
1854 996 1895 1056 als
1920 993 1949 1053 es
1970 992 2016 1052 die
2042 989 2254 1049 Trauerfahne

1201 1045 1246 1105 für
1274 1046 1391 1106 Arthur
1414 1042 1585 1102 Schnitzler
1613 1038 1712 1098 hißte.
1744 1036 1839 1096 Keine
1871 1034 2024 1094 Berufung
2057 1030 2106 1090 auf
2129 1028 2174 1088 die
2202 1028 2260 1088 Not

1203 1082 1258 1142 der
1289 1083 1370 1143 Zeit,
1392 1081 1447 1141 auf
1473 1079 1558 1139 ihren
1593 1076 1802 1136 veränderten
1837 1070 2030 1130 Charakter,
2051 1067 2107 1127 auf
2129 1067 2175 1127 die
2210 1063 2265 1123 an¬

1201 1123 1338 1183 gebliche
1360 1118 1604 1178 Ueberholtheit
1622 1116 1677 1176 der
1699 1111 1969 1171 Schnitzlerschen
1991 1107 2150 1167 Probleme
2181 1104 2257 1164 kann

1201 1160 1249 1220 die
1276 1160 1562 1220 Gleichgültigkeit
1584 1156 1659 1216 auch
1690 1154 1747 1214 nur
1774 1151 2029 1211 entschuldigen,
2052 1146 2109 1206 mit
2132 1142 2184 1202 der
2211 1141 2259 1201 die

1203 1200 1369 1260 deutschen
1396 1197 1520 1257 Bühnen
1546 1194 1602 1254 den
1628 1193 1683 1253 Tod
1709 1192 1812 1252 dieses
1838 1190 1958 1250 Großen
1984 1187 2005 1247 in
2031 1184 2117 1244 ihrem
2152 1182 2262 1242 Reiche

1203 1240 1414 1300 hinnahmen.
1450 1236 1520 1296 Sind
1560 1231 1612 1291 der
1648 1230 1766 1290 älteren
1806 1228 1995 1288 Generation
2035 1222 2171 1282 wirklich
2212 1218 2259 1278 die

1205 1277 1359 1337 zahllosen
1407 1272 1638 1332 Steigerungen
1685 1268 1741 1328 der
1789 1265 1917 1325 eigenen
1969 1261 2179 1321 Erkenntnis,
2213 1258 2264 1318 die

1208 1315 1397 1375 Schnitzlers
1410 1311 1608 1371 Psychologie
1631 1309 1772 1369 brachte,
1781 1306 1825 1366 die
1843 1303 1997 1363 zahllosen
2015 1299 2274 1359 Beglückungen,

1209 1354 1256 1414 die
1282 1354 1329 1414 die
1351 1351 1561 1411 beschwingte
1591 1348 1698 1408 Grazie
1724 1345 1831 1405 seines
1853 1342 1981 1402 Dialogs
2003 1339 2170 1399 schenkte,
2188 1336 2273 1396 nicht

1212 1394 1295 1454 mehr
1318 1392 1556 1452 gegenwärtig?
1578 1387 1639 1447 Hat
1662 1385 1772 1445 unsere
1790 1384 1909 1444 Jugend
1936 1378 2072 1438 wirklich
2099 1374 2147 1434 für
2169 1374 2266 1434 ewige

1212 1431 1441 1491 Gemütswerte
1472 1427 1542 1487 kein
1578 1423 1811 1483 Verständnis?
1851 1418 2050 1478 Allerdings,
2077 1416 2124 1476 für
2151 1413 2270 1473 Arthur

1213 1470 1384 1530 Schnitzler
1407 1466 1466 1526 war
1489 1465 1543 1525 das
1566 1464 1783 1524 Hauptgebiet
1802 1459 1856 1519 der
1879 1455 2014 1515 Mensch,
2033 1456 2087 1516 und
2114 1453 2200 1513 nicht
2219 1450 2268 1510 die

1212 1508 1468 1568 illustrierenden
1499 1506 1678 1566 Beigaben,
1700 1503 1751 1563 die
1781 1499 1836 1559 auf
1863 1496 1918 1556 der
1948 1497 2055 1557 Bühne
2089 1492 2140 1552 von
2175 1491 2264 1551 heute

1211 1546 1299 1606 seine
1326 1545 1524 1605 Darstellung
1556 1543 1586 1603 zu
1617 1541 1807 1601 überlagern
1839 1537 1975 1597 drohen.
2011 1533 2059 1593 Ist
2081 1532 2148 1592 kein
2179 1529 2280 1589 Inter¬

1215 1584 1281 1644 esse
1308 1586 1395 1646 mehr
1422 1584 1602 1644 vorhanden
1629 1580 1677 1640 für
1704 1578 1761 1638 den
1792 1576 1955 1636 Menschen
1986 1574 2038 1634 auf
2061 1570 2118 1630 der
2140 1572 2272 1632 Bühne?

1217 1625 1302 1685 Dann
1329 1622 1505 1682 allerdings
1531 1621 1612 1681 wäre
1639 1619 1690 1679 das
1716 1616 1853 1676 Theater
1875 1616 1935 1676 tot.

1268 1664 1308 1724 Es
1331 1663 1371 1723 ist
1390 1661 1477 1721 nicht
1495 1661 1554 1721 tot.
1578 1658 1641 1718 Und
1673 1658 1759 1718 nicht
1778 1654 1827 1714 die
1851 1652 1987 1712 Themen
2015 1649 2069 1709 der
2093 1648 2283 1708 Schnitzler¬

1212 1703 1306 1763 schen
1336 1702 1533 1762 Dichtungen
1563 1697 1666 1757 ließen
1700 1694 1786 1754 diese
1816 1692 1842 1752 in
1876 1691 1927 1751 den
1962 1691 2069 1751 letzten
2104 1686 2214 1746 Jahren
2249 1683 2274 1743 in

1217 1741 1274 1801 den
1306 1739 1517 1799 Hintergrund
1553 1736 1672 1796 treten,
1694 1732 1831 1792 sondern
1863 1729 1924 1789 nur
1951 1727 1999 1787 die
2031 1727 2198 1787 Tatsache,
2220 1725 2273 1785 daß

1219 1778 1263 1838 die
1290 1781 1382 1841 ganze
1401 1778 1652 1838 Ausdrucksform
1693 1772 1824 1832 unserer
1848 1769 1966 1829 Epoche
1994 1766 2280 1826 grobschlächtiger

1216 1819 1379 1879 geworden
1407 1819 1459 1879 ist.
1482 1816 1588 1876 Damit
1610 1813 1770 1873 vielleicht
1788 1811 1859 1871 auch
1886 1808 2107 1868 stürmischer,
2125 1805 2284 1865 eindring¬

1221 1858 1329 1918 licher,
1347 1857 1501 1917 schärfer,
1515 1852 1783 1912 „zeitgemäßer“,
1797 1849 1864 1909 aber
1892 1847 1960 1907 doch
1983 1843 2286 1903 grobschlächtiger.

1221 1897 1410 1957 Schnitzler,
1424 1896 1479 1956 der
1497 1894 1587 1954 Arzt,
1601 1893 1701 1953 führte
1729 1891 1774 1951 die
1797 1887 1914 1947 Sonde.
1942 1885 1996 1945 Die
2019 1883 2164 1943 heutigen
2192 1881 2286 1941 Dich¬

1220 1936 1282 1996 ter,
1295 1936 1410 1996 soweit
1428 1933 1467 1993 sie
1494 1933 1552 1993 sich
1579 1932 1764 1992 überhaupt
1782 1928 1840 1988 mit
1858 1926 1910 1986 der
1933 1921 2017 1981 Seele
2044 1921 2096 1981 des
2114 1921 2278 1981 Menschen

1221 1975 1383 2035 befassen,
1403 1975 1500 2035 haben
1528 1972 1584 2032 das
1608 1970 1915 2030 Chirurgenmesser
1943 1965 1966 2025 in
1995 1964 2050 2024 der
2074 1963 2180 2023 Hand.

1279 2026 1470 2086 Schnitzler,
1485 2022 1539 2082 der
1564 2022 1706 2082 Dichter,
1726 2020 1824 2080 führte
1854 2017 1897 2077 die
1923 2014 2040 2074 Sonde.
2060 2011 2099 2071 Er
2124 2011 2188 2071 war
2213 2011 2286 2071 Arzt

1223 2065 1293 2125 auch
1333 2067 1377 2127 als
1409 2064 1554 2124 Dichter.
1586 2060 1647 2120 Das
1682 2058 1797 2118 Gebiet
1828 2054 1933 2114 seiner
1965 2049 2186 2109 Forschungen
2221 2046 2287 2106 war

1221 2106 1334 2166 lange,
1348 2104 1402 2164 ehe
1430 2103 1492 2163 man
1520 2102 1542 2162 in
1570 2100 1624 2160 der
1652 2096 1883 2156 Wissenschaft
1897 2091 2001 2151 diesen
2029 2088 2151 2148 Begriff
2169 2088 2282 2148 kannte

1231 2145 1280 2205 und
1312 2145 1407 2205 exakt
1426 2142 1620 2202 umschrieb,
1634 2139 1689 2199 das
1712 2133 2010 2193 Unterbewußtsein
2033 2130 2088 2190 des
2111 2127 2291 2187 Menschen,

1229 2184 1327 2244 waren
1355 2184 1423 2244 jene
1451 2181 1605 2241 Stunden,
1623 2178 1672 2238 die
1696 2176 1786 2236 durch
1818 2172 1927 2232 keinen
1959 2168 2108 2228 Verstand
2136 2166 2290 2226 ergründ¬

1231 2222 1283 2282 bar
1301 2222 1367 2282 sind
1395 2220 1451 2280 und
1474 2220 1531 2280 sich
1563 2218 1620 2278 nur
1642 2217 1695 2277 dem
1731 2212 2001 2272 hellseherischen
2028 2207 2209 2267 Empfinden
2236 2203 2288 2263 des

1229 2261 1372 2321 Dichters
1401 2258 1522 2318 öffnen:
1545 2257 1592 2317 die
1620 2252 1755 2312 Stunden
1788 2251 1844 2311 der
1867 2248 2012 2308 Hingabe
2040 2245 2095 2305 und
2124 2243 2175 2303 die
2199 2242 2291 2302 Stun¬

1229 2300 1285 2360 den
1321 2299 1373 2359 des
1405 2296 1572 2356 Sterbens.
1608 2292 1665 2352 Die
1701 2291 1912 2351 Atmosphäre
1948 2285 2053 2345 dieser
2085 2282 2292 2342 Seelenland¬

1229 2339 1335 2399 schaft
1359 2337 1470 2397 kannte
1503 2333 1535 2393 er
1568 2331 1623 2391 wie
1656 2333 1787 2393 keiner.
1815 2329 1856 2389 Er
1885 2327 1954 2387 fand
1987 2323 2107 2383 Worte,
2131 2321 2177 2381 die
2210 2321 2279 2381 auch

1229 2378 1283 2438 den
1315 2377 1592 2437 psychologischen
1624 2372 1719 2432 Laien
1751 2369 1800 2429 die
1833 2366 2113 2426 Kompliziertheit
2137 2360 2286 2420 gewisser

1236 2417 1399 2477 Vorgänge
1421 2414 1447 2474 im
1483 2411 1711 2471 menschlichen
1738 2408 1870 2468 Denken
1897 2405 1949 2465 und
1976 2403 2161 2463 Empfinden
2188 2399 2284 2459 ahnen

1235 2454 1356 2514 ließen.
1379 2452 1438 2512 Die
1466 2451 1557 2511 Kraft
1575 2448 1679 2508 seiner
1707 2446 1915 2506 Empfindung
1943 2442 2047 2502 deckte
2075 2440 2188 2500 immer
2211 2437 2288 2497 neue

1235 2494 1376 2554 geheime
1406 2491 1585 2551 Relationen
1620 2485 1675 2545 der
1702 2484 1868 2544 Menschen
1898 2481 2095 2541 zueinander
2121 2477 2189 2537 auf.
2219 2473 2287 2533 Sein

1240 2533 1342 2593 Dialog
1373 2530 1436 2590 war
1458 2527 1706 2587 unerschöpflich
1736 2524 1771 2584 an
1797 2522 1899 2582 zarten
1929 2519 1984 2579 und
2011 2515 2164 2575 zartesten
2195 2512 2301 2572 Schat¬

1344 2569 1416 2629 get..
1445 2562 1485 2622 Er
1518 2563 1582 2623 war
1611 2563 1744 2623 mondlan
1781 2561 1834 2621 und
1870 2557 2056 2617 gründlich,
2077 2553 2109 2613 er
2142 2550 2202 2610 war
2235 2550 2299 2610 voll

1235 2606 1522 2666 komödiantischer
1556 2603 1655 2663 Laune
1694 2601 1747 2661 und
1781 2597 1877 2657 tiefem
1923 2596 2040 2656 Wissen
2073 2593 2110 2653 um
2152 2589 2202 2649 die
2232 2589 2306 2649 Not,

1235 2646 1269 2706 er
1291 2645 1350 2705 war
1372 2643 1427 2703 der
1450 2643 1556 2703 leichte
1578 2639 1702 2699 Spötter
1728 2637 1779 2697 und
1805 2635 1861 2695 der
1883 2633 2118 2693 resignierende
2145 2629 2302 2689 Ironiker,

1241 2682 1272 2742 er
1299 2682 1358 2742 war
1376 2682 1430 2742 der
1453 2678 1579 2738 Lichter
1602 2678 1656 2738 des
1679 2676 1824 2736 „Grünen
1851 2673 2018 2733 Kakadu“,
2032 2670 2086 2730 des
2109 2667 2289 2727 „Einsamen

1241 2718 1352 2778 Weg“,
1371 2720 1426 2780 des
1450 2718 1589 2778 „Jungen
1623 2715 1827 2775 Medardus“,
1851 2712 1902 2772 des
1930 2709 2070 2769 „Weiten
2103 2707 2223 2767 Land“,
2242 2705 2298 2765 des

1245 2763 1421 2823 „Leutnant
1441 2760 1564 2820 Gustl",
1579 2757 1632 2817 des
1656 2756 1818 2816 „Fräulein
1843 2750 1952 2810 Else“,
1967 2750 2015 2810 des
2039 2748 2230 2808 „Anatole“,
2244 2745 2296 2805 des

1247 2800 1396 2860 „Reigen“
1423 2799 1476 2859 und
1507 2797 1515 2857 —
1564 2795 1621 2855 der
1644 2793 1841 2853 „Liebelei“,
1859 2790 1965 2850 seines
1987 2787 2088 2847 ersten
2119 2787 2172 2847 und
2199 2784 2304 2844 stärk¬

1244 2839 1306 2899 sten
1340 2839 1497 2899 Erfolges,
1521 2835 1592 2895 aber
1626 2835 1697 2895 auch
1736 2831 1788 2891 der
1822 2828 1984 2888 Verfasser
2018 2826 2070 2886 von
2109 2825 2199 2885 „Fink
2238 2823 2294 2883 und

1248 2879 1461 2939 Fliederbusch
1490 2875 1503 2935 ,
1518 2874 1573 2934 der
1597 2872 1769 2932 „Komödie
1793 2868 1848 2928 der
1867 2867 2006 2927 Worte“,
2021 2864 2072 2924 von
2095 2863 2309 2923 „Literatur“,

1246 2918 1299 2978 vom
1339 2915 1621 2975 „Zwischenspiel“
1653 2912 1705 2972 und
1736 2909 1917 2969 schließlich
1944 2904 2014 2964 auch
2046 2903 2098 2963 der
2125 2901 2222 2961 Autor
2249 2901 2297 2961 von

1248 2957 1428 3017 „Professor
1446 2953 1653 3013 Bernhardi“,
1667 2949 1751 3009 eines
1773 2948 1821 3008 für
1844 2947 1897 3007 alle
1919 2943 2020 3003 Zeiten
2043 2942 2298 3002 mustergültigen

1243 2996 1458 3056 Zeitstückes.
1480 2993 1542 3053 Und
1564 2992 1586 3052 in
1608 2990 1682 3050 allen
1705 2988 1810 3048 diesen
1833 2984 2057 3044 dramatischen
2084 2982 2136 3042 und
2159 2980 2299 3040 epischen

1251 3035 1439 3095 Dichtungen
1470 3031 1525 3091 und
1556 3029 1581 3089 in
1607 3029 1714 3089 seinen
1749 3025 1869 3085 vielen,
1886 3023 1984 3083 vielen
2015 3021 2147 3081 anderen
2178 3020 2242 3080 war
2264 3019 2315 3079 er,

1250 3071 1309 3131 was
1331 3073 1378 3133 die
1404 3068 1686 3128 vorübergehende
1712 3065 1879 3125 geringere
1905 3061 2050 3121 Wertung
2080 3057 2182 3117 seines
2204 3055 2310 3115 Schaf¬

1247 3112 1313 3172 fens
1335 3109 1512 3169 begreiflich
1538 3108 1657 3168 macht:
1676 3106 1719 3166 ein
1746 3104 1886 3164 Könner.
1909 3100 1979 3160 Was
1998 3097 2028 3157 er
2046 3096 2182 3156 schrieb,
2196 3096 2306 3156 konnte

1252 3148 1296 3208 er.
1324 3151 1364 3211 Er
1383 3148 1532 3208 arbeitete
1551 3148 1659 3208 daran.
1691 3145 1722 3205 In
1741 3144 1845 3204 seinem
1882 3142 2012 3202 Schaffen
2040 3139 2081 3199 lag
2104 3137 2316 3197 Kontinuität,

1255 3190 1338 3250 nicht
1356 3188 1413 3248 nur
1431 3186 1563 3246 geistige
1590 3185 1643 3245 und
1670 3184 1824 3244 seelische
1851 3178 2062 3238 Kontinuität,
2076 3178 2208 3238 sondern
2235 3175 2305 3235 auch

1247 3228 1298 3288 die
1329 3228 1379 3288 des
1410 3226 1546 3286 dauernd
1581 3224 1610 3284 an
1645 3223 1705 3283 sich
1739 3223 1794 3283 und
1829 3220 1936 3280 seiner
1962 3214 2175 3274 Entwicklung
2206 3212 2312 3272 arbei¬

1250 3267 1360 3327 tenden
1396 3264 1687 3324 verantwortlichen
1723 3261 1775 3321 und
1807 3258 1970 3318 bewußten
2001 3255 2318 3315 Arbeitsmenschen.

1314 3318 1375 3378 Auf
1393 3317 1459 3377 eine
1477 3315 1551 3375 Bitte
1578 3314 1609 3374 um
1649 3312 1692 3372 ein
1715 3310 1886 3370 Merkwort
1905 3306 2023 3366 schrieb
2050 3303 2080 3363 er
2103 3302 2155 3362 mir
2178 3302 2314 3362 einmal:

1256 3360 1345 3420 „Was
1373 3357 1454 3417 war,
1472 3356 1526 3416 ist,
1545 3354 1598 3414 das
1626 3353 1666 3413 ist
1689 3351 1748 3411 der
1771 3350 1842 3410 tiefe
1870 3347 1942 3407 Sinn
1974 3344 2023 3404 des
2055 3342 2308 3402 Geschehenen.“

1259 3398 1294 3458 Es
1325 3396 1391 3456 war
1422 3393 1489 3453 sein
1524 3391 1904 3451 Glaubensbekenntnis.
1949 3385 1988 3445 Es
2024 3383 2103 3443 liegt
2130 3381 2156 3441 in
2192 3379 2298 3439 diesem

1258 3438 1354 3498 Axiom
1403 3434 1491 3494 seine
1522 3432 1703 3492 Beziehung
1738 3429 1795 3489 zum
1840 3426 1932 3486 Sein,
1959 3422 1989 3482 es
2025 3422 2104 3482 liegt
2131 3421 2218 3481 darin
2258 3418 2311 3478 der

1255 3476 1352 3536 ganze
1374 3473 1528 3533 Respekt,
1546 3470 1598 3530 den
1625 3466 1683 3526 der
1710 3466 1899 3526 Kultivierte
1926 3461 1978 3521 vor
2000 3461 2053 3521 dem
2093 3459 2308 3519 Gewordenen

1260 3516 1322 3576 hat.
1350 3513 1390 3573 Es
1418 3512 1495 3572 liegt
1518 3509 1604 3569 darin
1636 3509 1708 3569 auch
1745 3506 1785 3566 ein
1818 3503 2017 3563 Bekenntnis
2040 3502 2072 3562 zu
2104 3500 2190 3560 jenem
2236 3496 2321 3556 freu¬

1260 3554 1345 3614 digen
1378 3549 1568 3609 Realismus,
1591 3548 1645 3608 den
1678 3545 1795 3605 Goethe
1828 3542 1941 3602 lehrte.

1314 3593 1500 3653 Schnitzlers
1528 3587 1632 3647 Wesen
1664 3586 1722 3646 war
1746 3584 1795 3644 die
1819 3584 1941 3644 Summe
1969 3578 2168 3638 kultivierten
2196 3575 2318 3635 Oester¬

1259 3633 1485 3693 reichertums.
1504 3629 1766 3689 Melancholische
1784 3622 1929 3682 Skepsis,
1943 3620 2047 3680 gütige
2066 3616 2183 3676 Ironie,
2202 3614 2319 3674 Weich¬

1265 3673 1326 3733 heit
1344 3671 1397 3731 des
1419 3669 1622 3729 Empfindens
1645 3664 1701 3724 und
1728 3662 1851 3722 herbste
1874 3659 2072 3719 Selbstkritik
2099 3656 2231 3716 einigten
2258 3653 2314 3713 sich

1265 3714 1286 3774 in
1321 3712 1397 3772 ihm,
1419 3709 1551 3769 formten
1582 3705 1641 3765 sich
1676 3703 1697 3763 in
1732 3702 1809 3762 ihm,
1835 3698 1959 3758 wurden
1989 3696 2044 3756 zum
2087 3692 2314 3752 vollendetsten

1266 3750 1423 3810 Ausdruck
1456 3748 1509 3808 des
1538 3744 1686 3804 geistigen
1723 3740 1827 3800 Wien.
1868 3739 1904 3799 Es
1932 3739 1985 3799 hat
2009 3736 2099 3796 durch
2131 3734 2321 3794 Schnitzlers

1268 3793 1321 3853 Tod
1354 3789 1462 3849 seinen
1495 3784 1771 3844 repräsentativen
1804 3780 1935 3840 Dichter
1967 3774 2126 3834 verloren.

2050 3814 2138 3874 Emil
2160 3814 2292 3874 Lind.

1969 3950 2041 4010 19

1304 3969 1536 4029 olin
