3344 4384
682 240 898 300 e

1397 255 1578 315 ne

591 297 761 357 indvavet
791 297 860 357 med
893 295 1056 355 mystiske
1089 294 1252 354 Motiver,
1293 297 1329 357 og

1364 317 1408 377 ler
1437 312 1618 372 forlængst
1647 312 1825 372 udformet
1858 312 1914 372 dem
1960 312 1971 372 i
2000 314 2101 374 skon¬

591 354 647 414 den
682 354 845 414 sjælelige
876 351 1191 411 Underbevidsthed
1221 351 1333 411 spille¬

1364 371 1507 431 litterær
1534 369 1690 429 Praksis.

597 410 628 470 de
661 410 891 470 overhovedet
920 409 951 469 en
989 407 1057 467 stor
1089 407 1178 467 Rolle
1211 408 1223 468 i
1247 409 1335 469 hans

1394 428 1587 488 Schnitzler
1621 425 1676 485 var
1710 425 1772 485 paa
1806 426 1852 486 sin
1891 425 1996 485 Hojde
2030 425 2101 485 ikke

593 467 702 527 senere
731 466 910 526 Arbejder.
939 464 1004 524 Der
1029 464 1085 524 var
1106 464 1118 524 i
1143 464 1195 524 dem
1236 466 1342 526 intet.

1360 487 1420 547 lige
1455 485 1563 545 velset
1594 483 1606 543 i
1633 482 1676 542 sit
1706 482 1914 542 Hjemland,
1936 482 1987 542 som
2040 482 2100 542 han

582 526 630 586 som
674 523 834 583 mindede
862 523 894 583 om
938 524 998 584 den
1030 524 1166 584 muntre
1194 522 1338 582 Frivoli¬

1364 545 1420 605 dog
1453 542 1509 602 var
1538 542 1570 602 en
1606 542 1663 602 saa
1696 541 1878 601 udpræget
1902 539 2104 599 Repræsen¬

585 583 634 643 tet
657 581 665 641 i
683 581 955 641 Debutarbejdet
978 581 1027 641 fra
1054 581 1143 641 1892,
1157 581 1192 641 de
1215 584 1330 644 lystige

1358 602 1432 662 tant
1458 599 1527 659 for.
1562 599 1628 659 Det
1654 599 1797 659 haendte
1824 599 1889 659 niig
1920 597 2015 657 nogle
2042 596 2106 656 Aar

585 647 906 707 Anatol-Dialoger.
961 646 1159 706 Schnitzler
1194 646 1252 706 var
1287 646 1328 706 nu

1363 658 1411 718 for
1443 655 1735 715 Verdenskrigen,
1763 655 1798 715 at
1829 655 1882 715 jeg
1918 654 1967 714 gik
2007 654 2060 714 ind
2096 655 2109 715 1

581 705 691 765 blevet
726 703 828 763 ensom
876 703 914 763 og
948 706 1174 766 tungsindig.

1360 715 1831 775 Universitetsboghandelen
1871 711 1887 771 i
1922 710 1982 770 den
2031 710 2108 770 høj-

632 764 706 824 Men
736 763 931 823 Schnitzler
984 763 1047 823 var
1100 763 1255 823 dengang
1290 764 1324 824 en
1365 773 1521 833 katolske
1545 772 1625 832 Stad
1654 769 1844 829 Innsbruch
1902 766 1936 826 og
1995 768 2104 828 udbad

591 820 809 880 trediveaarig
869 820 931 880 ung
990 820 1116 880 Mand,
1163 821 1196 881 en
1256 823 1331 883 glad

1364 834 1428 894 mig
1458 832 1492 892 en
1527 830 1561 890 af
1587 829 1677 889 hans
1703 829 1767 889 nys
1794 826 1965 886 udkomne
1996 826 2115 886 Bøger.

591 877 738 937 Wiener,
755 876 831 936 men
865 876 915 936 for
941 876 1042 936 hvert
1072 876 1164 936 Værk
1194 878 1261 938 han
1296 877 1337 937 si¬

1365 889 1420 949 Jeg
1453 888 1495 948 fik
1533 885 1588 945 det
1617 885 1724 945 Svar:
1753 885 1836 945 „Den
1874 882 1972 942 Slags
2000 881 2107 941 Litte-

587 936 643 996 den
676 934 774 994 skrev
799 933 811 993 —
861 935 1049 995 Romaner,
1070 936 1254 996 Dramaer,
1275 936 1335 996 No¬

1367 947 1460 1007 ratur
1487 945 1579 1005 fører
1606 944 1636 1004 vi
1659 942 1734 1002 ikke
1761 939 1774 999 —
1823 942 2017 1002 Schnitzler
2044 939 2101 999 kan

595 993 691 1053 veller
717 992 729 1052 —
775 992 844 1052 blev
871 992 979 1052 Tonen
1012 993 1133 1053 dybere
1159 994 1191 1054 og
1223 996 1331 1056 alvor¬
1359 1003 1409 1063 De
1442 1005 1505 1065 vist
1531 1003 1582 1063 faa
1608 1002 1627 1062 i
1647 1002 1787 1062 Kiosken
1820 999 1883 1059 paa
1916 999 2107 1059 Jernbane¬

595 1052 708 1112 ligere.
745 1050 938 1110 Schnitzler
963 1050 1022 1110 var
1047 1053 1233 1113 oprindelig
1264 1053 1300 1113 Læ

1364 1061 1578 1121 stationen“.
1630 1058 1702 1118 Man
1746 1058 1857 1118 kunde
1892 1056 1977 1116 være
2012 1055 2106 1115 over¬

585 1113 643 1173 ge,
683 1109 718 1169 og
773 1109 861 1169 dette
893 1107 1040 1167 mærkes
1067 1109 1196 1169 gennem
1264 1109 1339 1169 hele

1369 1121 1484 1181 maade
1507 1117 1724 1177 konservativ
1748 1115 1760 1175 i
1779 1115 1836 1175 det
1854 1115 1965 1175 gamle
1988 1113 2121 1173 Ostrig.

592 1166 682 1226 hans
707 1166 936 1226 Produktion.
975 1166 1041 1226 Der
1080 1165 1118 1225 er
1157 1165 1232 1225 ikke
1281 1168 1338 1228 det

1402 1176 1450 1236 Og
1513 1175 1729 1235 konservativ
1797 1172 1854 1232 var
1916 1169 2111 1229 Schnitzler

587 1226 828 1286 Spørgsmaal,
848 1226 901 1286 som
974 1225 1008 1285 en
1066 1226 1206 1286 alvorlig
1241 1226 1336 1286 Lage

1369 1235 1495 1295 mindst
1523 1235 1559 1295 af
1586 1233 1649 1293 alt.
1691 1232 1763 1292 Han
1800 1229 1854 1289 var
1886 1229 2008 1289 ganske
2040 1228 2107 1288 for¬

592 1282 697 1342 stilles
725 1279 798 1339 over
826 1282 894 1342 for,
908 1282 962 1342 som
1004 1282 1068 1342 han
1096 1282 1173 1342 ikke
1197 1282 1260 1342 har
1284 1281 1320 1341 be

1367 1291 1515 1351 domsfri
1537 1293 1572 1353 og
1604 1288 1685 1348 talte
1712 1288 1881 1348 naturligt
1908 1288 1943 1348 om
1985 1288 2108 1348 natur¬

595 1339 664 1399 rort
714 1336 729 1396 —
812 1339 904 1399 mest
931 1339 1061 1399 direkte
1089 1339 1104 1399 i
1132 1339 1322 1399 Skuespille

1369 1351 1428 1411 lige
1454 1348 1555 1408 Ting.
1591 1347 1666 1407 Men
1703 1348 1768 1408 han
1799 1344 1869 1404 blev
1900 1345 1996 1405 langt
2022 1342 2112 1402 mere

592 1396 784 1456 „Professor
810 1396 1043 1456 Bernhardi“.
1075 1396 1147 1456 Men
1200 1396 1256 1456 der
1304 1396 1334 1456 er

1368 1409 1426 1469 end
1458 1405 1494 1465 en
1531 1405 1667 1465 elegant
1695 1405 1730 1465 og
1763 1402 1999 1462 naturalistisk
2031 1400 2112 1460 ind-

586 1456 672 1516 flere
709 1453 905 1513 Elementer
937 1453 983 1513 til
1011 1453 1051 1513 at
1084 1455 1197 1515 danne
1234 1456 1330 1516 netor

1368 1465 1470 1525 stillet
1516 1462 1873 1522 Novelle-Forfatter,
1908 1462 1961 1522 som
2026 1460 2104 1520 man

592 1510 646 1570 den
683 1509 855 1569 Forfatter
883 1509 951 1569 med
984 1509 1038 1569 det
1061 1509 1183 1569 stærke
1211 1509 1242 1569 og
1275 1509 1311 1569 ud

1370 1522 1434 1582 ofte
1459 1521 1523 1581 har
1543 1520 1635 1580 villet
1651 1519 1823 1579 rubricere
1844 1518 1946 1578 ham.
1971 1515 1986 1575 I
2011 1515 2114 1575 Kraft

587 1569 747 1629 prægede
779 1569 1012 1629 Fysiognomi,
1038 1569 1090 1629 som
1142 1569 1333 1629 Schnitzlei

1370 1580 1402 1640 af
1431 1578 1472 1638 sit
1501 1578 1603 1638 Sinds
1632 1575 1749 1635 Dybde
1782 1575 1814 1635 og
1852 1575 1894 1635 sin
1932 1573 2109 1633 ubændige

595 1626 692 1686 blev.

1368 1638 1475 1698 Trang
1508 1635 1550 1695 til
1574 1635 1718 1695 Analyse
1752 1633 1789 1693 af
1817 1632 1878 1692 alle
1907 1630 2112 1690 Menneske¬

628 1695 703 1755 Han
736 1695 903 1755 begyndte
936 1695 973 1755 at
995 1695 1125 1755 skrive,
1169 1694 1206 1754 da
1266 1694 1324 1754 den
1369 1695 1519 1755 hjertets
1542 1692 1838 1752 Hemmeligheder
1867 1689 1936 1749 blev
1958 1689 2022 1749 han
2055 1689 2109 1749 og¬

587 1751 846 1811 naturalistiske
879 1751 1041 1811 Digtning
1074 1751 1133 1811 var
1188 1752 1204 1812 i
1253 1753 1328 1813 fuld
1372 1754 1425 1814 saa
1453 1753 1485 1813 en
1518 1753 1653 1813 Digter.
1686 1750 1783 1810 Kølig
1811 1748 1918 1808 udad,
1935 1748 2005 1808 men
2038 1748 2108 1808 med

1371 1812 1427 1872 den
1459 1811 1582 1871 hellige
1609 1808 1691 1868 Glød
1717 1808 1732 1868 i
1753 1808 1799 1868 sit
1820 1804 1959 1864 Hjerte.

586 1811 707 1871 Gang.
745 1811 885 1871 Maaske
914 1808 960 1868 vil
980 1809 1054 1869 man
1087 1808 1209 1868 navne
1237 1808 1335 1868 Mau¬

1773 1865 1886 1925 Julius
1914 1862 2082 1922 Clausen.

586 1868 735 1928 passant
764 1868 816 1928 som
865 1868 898 1928 et
927 1868 1138 1928 Forbillede,
1158 1868 1230 1928 men
1269 1868 1335 1928 rig¬

594 1928 706 1988 tignok
741 1925 814 1985 med
849 1927 902 1987 den
942 1928 1093 1988 Forskel,
1113 1925 1167 1985 som
1216 1925 1275 1985 der
1305 1925 1338 1985 er

1634 1981 1841 2041 Noter.

591 1984 712 2044 mellem
754 1984 787 2044 en
816 1984 946 2044 Pariser
970 1984 1007 2044 og
1036 1984 1068 2044 en
1097 1981 1247 2041 Wiener.
1280 1983 1345 2043 Thi

596 2041 724 2101 næsten
753 2044 819 2104 alt,
834 2041 915 2101 hvad
944 2041 1134 2101 Schnitzler
1159 2041 1220 2101 har
1244 2041 1335 2101 skre¬

1405 2048 1461 2108 Før
1489 2047 1596 2107 Krigen
1629 2047 1768 2107 tilbragte
1802 2044 1913 2104 Arthur
1941 2044 2113 2104 Schnitzler

592 2098 663 2158 vet,
683 2101 744 2161 har
769 2101 1011 2161 Lokalkolorit.
1045 2101 1155 2161 Tonen
1189 2099 1236 2159 fra
1266 2099 1365 2159 Alt-,
1375 2099 1403 2159 et
1423 2098 1484 2158 Par
1504 2098 1609 2158 Somre
1634 2098 1647 2158 i
1667 2095 1915 2155 Nordsjælland.
1949 2095 2010 2155 Han
2039 2092 2115 2152 fær-

1374 2149 1464 2209 dedes
1496 2149 1635 2209 dengang
1672 2146 1798 2206 navnlig
1835 2144 1848 2204 i
1875 2143 2033 2203 Kredsen,
2061 2143 2110 2203 der

598 2158 706 2218 Wien,
725 2157 824 2217 anart
847 2157 1001 2217 munter,
1024 2157 1123 2217 snart
1147 2157 1336 2217 sentimen-

1365 2197 1501 2257 samlede
1533 2196 1572 2256 sig
1604 2196 1740 2256 omkring
1772 2193 1864 2253 Peter
1891 2193 2033 2253 Nansen.
2073 2193 2117 2253 Af

595 2217 661 2277 tal,
682 2217 810 2277 klinger
837 2216 1017 2276 igennem.
1059 2217 1099 2277 Og
1136 2216 1192 2276 der
1218 2216 1254 2276 er
1280 2215 1321 2275 At

1372 2250 1449 2310 hans
1472 2247 1625 2307 Bekendte
1649 2244 1694 2304 fra
1721 2244 1771 2304 den
1803 2244 1852 2304 Tid
1880 2241 1907 2301 er
1934 2242 1984 2302 der
2007 2244 2111 2304 næppe

594 2274 775 2334 mosfæren
817 2274 872 2334 fra
908 2274 1070 2334 Prateren
1111 2274 1151 2334 og
1192 2274 1338 2334 Wiener¬

1372 2297 1478 2357 mange
1512 2298 1642 2358 tilbage.
1689 2293 1810 2353 Mindet
1839 2292 1871 2352 om
1919 2290 1992 2350 disse
2026 2292 2114 2352 Som¬

598 2332 677 2392 wald
733 2331 818 2391 eller
874 2331 939 2391 ude
971 2331 1020 2391 fra
1056 2332 1267 2392 Semmering
1298 2336 1332 2396 og

1375 2346 1524 2406 merbesog
1555 2346 1638 2406 sogte
1664 2344 1839 2404 Schnitzler
1865 2343 1896 2403 at
1923 2343 2030 2403 fæestne
2062 2340 2107 2400 ved

591 2390 910 2450 Salzkammergut.
940 2390 1014 2450 Men
1049 2390 1107 2450 paa
1137 2390 1274 2450 Bunden
1304 2390 1343 2450 af

1374 2396 1403 2456 at
1428 2396 1585 2456 henlægge
1615 2393 1644 2453 en
1679 2393 1713 2453 af
1738 2390 1870 2450 Akterne
1901 2392 1915 2452 i
1935 2390 1964 2450 et
1989 2392 2023 2452 af
2048 2390 2112 2450 sine

1370 2447 1460 2507 sidste
1492 2444 1637 2504 Skuespil
1660 2444 1701 2504 til
1724 2442 1750 2502 et
1778 2441 1928 2501 Badested
1960 2441 2037 2501 Nord
2069 2441 2114 2501 for

595 2448 655 2508 den
689 2450 798 2510 glatte
849 2448 887 2508 og
938 2449 1142 2509 behagelige
1175 2447 1340 2507 Verdens¬

1374 2495 1585 2555 Kobenhavn.
1648 2492 1886 2552 Gennemlæser
1926 2489 1992 2549 man
2033 2490 2111 2550 hans

591 2507 821 2567 mandstone,
841 2506 898 2566 der
927 2506 984 2566 dog
1019 2507 1080 2567 kun
1119 2506 1152 2566 er
1182 2504 1340 2564 Overfla¬

1373 2546 1458 2606 Regie
1488 2545 1525 2605 til
1550 2543 1645 2603 denne
1674 2543 1750 2603 Akt,
1770 2540 1846 2600 viser
1875 2540 1927 2600 det
1947 2540 1989 2600 sig
2019 2540 2114 2600 imid¬

597 2565 654 2625 den
688 2566 721 2626 og
755 2564 1052 2624 Indramningen,
1091 2564 1244 2624 gemmer
1293 2566 1335 2626 sig

1369 2593 1475 2653 lertid,
1498 2594 1528 2654 at
1555 2593 1608 2653 det
1631 2593 1697 2653 ikke
1728 2591 1759 2651 er
1786 2590 1879 2650 noget
1906 2590 2113 2650 paafaldende

587 2623 803 2683 Schnitzlers
849 2620 934 2680 dybe
981 2620 1021 2680 og
1067 2620 1334 2680 indtrængende

1374 2644 1494 2704 præcist
1523 2644 1653 2704 Billede,
1677 2643 1737 2703 han
1775 2641 1873 2701 havde
1906 2638 2031 2698 bevaret
2060 2638 2106 2698 fra

587 2680 825 2740 psykologiske
856 2680 963 2740 Sans.
1004 2679 1075 2739 Han
1111 2680 1161 2740 ser
1192 2680 1253 2740 lige
1284 2680 1334 2740 ind

1371 2692 1551 2752 Danmark.

592 2740 629 2800 til
656 2738 811 2798 Hjertets
838 2736 848 2796 —
902 2737 1078 2797 allerhelst
1105 2738 1323 2798 Kvindehjer

593 2797 661 2857 tets
694 2796 709 2856 —
757 2794 905 2854 Motiver
932 2795 968 2855 og
1006 2797 1174 2857 Folelser,
1196 2798 1233 2858 og
1265 2797 1333 2857 han

1405 2800 1577 2860 Schnitzler
1607 2800 1659 2860 var
1688 2798 1786 2858 endnu
1816 2798 1832 2858 i
1856 2797 1890 2857 de
1920 2800 2023 2860 senere
2053 2797 2110 2857 Aar

592 2856 692 2916 borer
711 2853 840 2913 Sonden
870 2853 941 2913 deri
960 2853 1027 2913 med
1057 2853 1085 2913 en
1114 2853 1334 2913 forstaaende
1372 2850 1405 2910 en
1439 2851 1539 2911 meget
1564 2850 1668 2910 spillet
1693 2847 1908 2907 Dramatiker.
1952 2847 2023 2907 Ikke
2052 2847 2119 2907 blot

1366 2901 1379 2961 i
1403 2900 1599 2960 tysktalende
1628 2898 1744 2958 Lande,
1768 2897 1833 2957 men
1866 2895 1955 2955 ogsaa
1984 2897 1997 2957 !
2021 2895 2114 2955 Ame-

593 2916 627 2976 og
658 2913 877 2973 medfølende
903 2910 1116 2970 Lidenskab.

1367 2947 1433 3007 rika
1464 2949 1583 3009 opføres
1615 2948 1694 3008 hans
1726 2946 1857 3006 Stykker
1889 2946 2110 3006 overordentlig

634 2979 704 3039 Tag
737 2979 791 3039 den
823 2979 1058 3039 vidunderlige
1083 2979 1153 3039 lille
1169 2979 1334 3039 Tragedie
1374 2999 1523 3059 hyppigt.
1571 2997 1767 3057 Herhjemme
1815 2996 1877 3056 var
1925 2996 2003 3056 den.
2019 2997 2105 3057 sidste

594 3038 629 3098 om
671 3037 788 3097 „Berta
819 3035 989 3095 Garlan“,
1002 3035 1037 3095 en
1067 3035 1108 3095 af
1126 3035 1339 3095 Schnitzlers
1375 3042 1669 3102 Schnitzier-Nyhed
1712 3043 1829 3103 vistnok
1871 3043 1924 3103 det
1955 3043 2113 3103 omdispu-

586 3095 674 3155 mest
699 3093 856 3153 skattede
881 3093 1004 3153 Bøger,
1040 3092 1123 3152 eller
1162 3092 1226 3152 læs
1266 3092 1324 3152 den
1370 3095 1467 3155 terede
1503 3092 1669 3152 „Reigen“,
1689 3092 1733 3152 som
1784 3092 1837 3152 Fru
1867 3091 1955 3151 Betty
1990 3092 2108 3152 Nansen

1367 3144 1446 3204 efter
1500 3144 1592 3204 haard
1650 3143 1884 3203 forudgaaende
1920 3143 2110 3203 Pennefejde

593 3155 758 3215 prægtige
790 3152 920 3212 Roman
962 3152 1081 3212 „Vejen
1123 3149 1169 3209 til
1196 3148 1314 3208 Frihed

608 3214 698 3274 („Der
725 3211 803 3271 Weg
836 3211 881 3271 ins
908 3211 1064 3271 Freie“);
1084 3209 1155 3269 grib
1182 3211 1201 3271 i
1221 3209 1331 3269 Flaeng
1372 3200 1416 3260 flk
1450 3192 1573 3252 Censors
1606 3194 1769 3254 Tilladelse
1796 3194 1840 3254 til
1861 3194 1892 3254 at
1919 3195 2023 3255 opfore
2050 3194 2107 3254 paa

1373 3242 1409 3302 sit
1432 3242 1563 3302 Teater.

597 3271 716 3331 mellem
760 3268 846 3328 hans
870 3268 1018 3328 samlede
1048 3268 1201 3328 Værker,
1216 3267 1249 3327 og
1278 3267 1335 3327 den

597 3328 654 3388 ene
683 3328 773 3388 Perle
802 3325 940 3385 knytter
969 3325 1012 3385 sig
1041 3325 1083 3385 til
1103 3325 1160 3385 den
1194 3325 1298 3385 anden
1332 3326 1346 3386 i

598 3388 654 3448 den
687 3387 784 3447 lange
808 3385 929 3445 Kæde.
962 3382 1027 3442 Der
1056 3382 1088 3442 er
1112 3382 1167 3442 den
1196 3382 1340 3442 rørende

593 3446 741 3506 Historie
767 3445 800 3505 om
851 3442 885 3502 de
910 3442 939 3502 to
970 3442 1083 3502 blinde
1114 3442 1257 3502 Brødre,
1277 3442 1326 3502 som

592 3504 778 3564 forgangen
816 3501 881 3561 Aar
905 3498 979 3558 blev
1008 3498 1143 3558 oversat
1191 3498 1251 3558 her
1303 3498 1344 3558 til

589 3561 719 3621 Fordel
739 3559 790 3619 for
819 3558 1044 3618 Blindesagen
1072 3555 1086 3615 —
1138 3555 1176 3615 og
1204 3555 1335 3615 hvilken

598 3621 688 3681 mere
716 3618 851 3678 talende
878 3618 1104 3678 Propaganda
1136 3615 1244 3675 kunde
1276 3615 1334 3675 den

595 3678 700 3738 ønske
731 3677 796 3737 sig!
843 3675 908 3735 Der
939 3675 968 3735 er
1000 3675 1186 3735 „Løjtnant
1212 3672 1353 3732 Gusti“,

602 3734 653 3794 der
681 3736 713 3796 er
737 3731 932 3791 Badelægen
965 3734 1025 3794 Dr.
1040 3731 1216 3791 Grässler,
1231 3731 1286 3791 der
1310 3731 1342 3791 er

597 3794 661 3854 alle
696 3793 734 3853 de
774 3791 941 3851 Kvinder,
966 3791 1044 3851 hvis
1074 3788 1334 3848 Hemmelighed

592 3851 659 3911 han
692 3851 755 3911 har
779 3850 938 3910 forraadt
961 3848 1034 3908 med
1062 3848 1098 3908 øm
1144 3848 1176 3908 og
1209 3845 1326 3905 varsom

597 3908 808 3968 Forstaaelse
832 3907 869 3967 og
893 3907 1025 3967 Omhed
1054 3905 1105 3965 som
1143 3905 1157 3965 i
1176 3905 1232 3965 det
1256 3905 1345 3965 store

594 3968 643 4028 fem
693 3967 771 4027 Akts
801 3967 958 4027 Skuespil
983 3964 1066 4024 „Das
1097 3964 1189 4024 weite
1215 3962 1347 4022 Land“,

597 4027 649 4087 der
674 4027 765 4087 trods
789 4024 900 4084 Løfter
924 4024 1030 4084 aldrig
1054 4021 1126 4081 blev
1151 4021 1261 4081 spillet
1285 4021 1342 4081 hos

597 4087 651 4147 os;
676 4087 715 4147 og
745 4083 803 4143 der
833 4083 867 4143 er
892 4081 951 4141 den
986 4081 1069 4141 unge
1099 4081 1226 4141 Frøken
1261 4079 1349 4139 Else,

600 4143 656 4203 der
687 4143 743 4203 ved
775 4141 815 4201 sit
842 4140 980 4200 Legeme
1012 4138 1130 4198 redder
1156 4137 1202 4197 sin
1233 4137 1341 4197 Fader

599 4200 647 4260 fra
707 4200 821 4260 Ruin,
865 4200 907 4260 og
962 4199 1022 4259 som
1093 4197 1206 4257 endda
1266 4194 1341 4254 blev

597 4260 836 4320 filmatiseret.
880 4257 918 4317 Ja
956 4257 1014 4317 der
1043 4257 1076 4317 er
1105 4257 1168 4317 nok
1202 4254 1239 4314 at
1264 4254 1340 4314 tage
