3392 4320
216 265 291 325 2.

1461 261 1589 321 box
1667 263 1849 323 43/4

363 276 835 336 Schnitzler
910 274 936 334 s
1012 278 1242 338 Death

1005 1584 1102 1644 Re

292 1595 552 1655 OBS

384 1654 405 1714 I.
419 1652 539 1712 österr.
553 1652 708 1712 behördl.
717 1649 1015 1709 konzessioniertes

322 1694 560 1754 Unternehmen
592 1694 642 1754 für
670 1688 1073 1748 Zeitungs-Ausschnitte

391 1752 549 1812 WIEN,
570 1752 616 1812 I.,
630 1754 928 1814 WOLLZEILE
969 1748 1008 1808 11

485 1805 700 1865 TELEPHON
743 1803 916 1863 R-23-0-43

312 2007 415 2067 EUE

525 2022 603 2082 24

2228 2201 2471 2261 Kabinettstücke
2505 2199 2760 2259 psychologischer
2795 2193 3145 2253 Charakterisierungs¬

1265 2207 1480 2267 Szenenfolge
1507 2205 1666 2265 „Reigen“
1703 2203 1754 2263 das
1785 2203 1841 2263 vor
1863 2203 1950 2263 einem
1992 2202 2171 2262 Dezennium

2228 2242 2324 2302 kunst,
2347 2243 2519 2303 bestrickend
2552 2240 2648 2300 grazil
2676 2237 2735 2297 und
2762 2237 2891 2297 dennoch
2924 2237 3032 2297 sonore
3054 2235 3140 2295 Tone

1265 2249 1352 2309 einen
1389 2247 1502 2307 wilden
1538 2247 1661 2307 Kampf
1693 2246 1749 2306 pro
1781 2246 1842 2306 und
1884 2246 1986 2306 kontra
2018 2246 2187 2306 Schnitzler

495 2253 526 2313 *
576 2251 746 2311 Arthur
789 2252 1032 2312 Schnitzler

2227 2287 2455 2347 anschlagend,,
2477 2285 2531 2345 nie
2559 2285 2661 2345 frivol
2700 2281 2770 2341 oder
2809 2280 2840 2340 an
2880 2280 2933 2340 der
2961 2277 3145 2337 Oberfläche

1265 2293 1326 2353 und
1358 2291 1414 2351 sein
1451 2291 1621 2351 allerdings
1652 2288 1868 2348 überschätztes
1896 2288 2106 2348 Experiment
2128 2286 2194 2346 ent¬

407 2313 475 2373 (15.
489 2312 565 2372 Mai
593 2315 674 2375 1862
710 2312 757 2372 bis
792 2315 847 2375 21.
862 2312 992 2372 Oktober
1027 2309 1129 2369 1931)

2224 2330 2363 2390 haftend,
2392 2330 2461 2390 stets
2491 2327 2636 2387 geistvoll
2666 2327 2723 2387 und
2758 2326 2932 2386 wienerisch
2968 2326 2990 2386 im
3043 2324 3135 2384 besten

1269 2338 1394 2398 fesselte.
1425 2336 1480 2396 Ich
1506 2335 1627 2395 erinere
1652 2335 1722 2395 mich
1749 2333 1849 2393 genau
1879 2333 1965 2393 einer
1986 2333 2187 2393 untadeligen

1269 2380 1469 2440 Wiedergabe
1505 2377 1531 2437 in
1562 2376 1675 2436 Wien.
1706 2376 1767 2436 Sie
1799 2378 1973 2438 vermochte
2004 2377 2076 2437 mich
2112 2374 2189 2434 nicht
2221 2375 2338 2435 Sinne
2365 2374 2415 2434 des
2447 2372 2590 2432 Wortes.

370 2375 482 2435 Wien,
505 2376 714 2436 Oesterreich,
738 2377 827 2437 nein,
845 2376 890 2436 die
913 2375 1008 2435 ganze
1031 2375 1234 2435 Kulturwelt

2294 2418 2395 2478 Nichts
2430 2417 2514 2477 wäre
2549 2415 2769 2475 berechtigter,
2792 2414 2870 2474 statt
2899 2414 3068 2474 resigniert
3108 2410 3136 2470 zu

303 2423 364 2483 hat
391 2422 488 2482 einen
530 2421 628 2481 neuen
665 2422 803 2482 Verlust
840 2420 990 2480 erlitten:
1037 2420 1093 2480 der
1124 2418 1232 2478 größte

1265 2427 1295 2487 zu
1332 2425 1527 2485 erwarmen.
1564 2423 1625 2483 Ich
1667 2420 1770 2480 fühlte
1812 2420 1868 2480 das
1899 2423 2187 2483 verstandesmäßig

2229 2461 2378 2521 trauern,
2399 2461 2445 2521 als
2476 2461 2532 2521 das
2565 2459 2724 2519 Andenken
2761 2458 2807 2518 des
2838 2456 2967 2516 Großen
2999 2455 3024 2515 in
3061 2455 3148 2515 einer

310 2464 500 2524 Zeitgenosse
537 2464 768 2524 Oesterreichs,
810 2464 866 2524 der
913 2461 1109 2521 feinnervige
1146 2460 1233 2520 Dra¬

1265 2467 1451 2527 konzipierte
1488 2467 1700 2527 Experiment
1733 2464 1794 2524 und
1836 2463 1914 2523 blieb
1956 2467 2044 2527 kühl.
2091 2464 2189 2524 „Trop

2229 2506 2387 2566 würdigen
2429 2503 2634 2563 Wiedergabe
2676 2503 2758 2563 eines
2805 2500 2902 2560 seiner
2938 2500 3143 2560 Hauptwerke

305 2508 435 2568 matiker
467 2509 592 2569 Arthur
624 2507 800 2567 Schnitzler
836 2508 921 2568 erlag
968 2507 998 2567 in
1033 2506 1134 2566 seinem
1185 2506 1235 2566 70.

1263 2512 1302 2572 de
1333 2511 1428 2571 bruit
1459 2511 1538 2571 pour
1574 2510 1639 2570 une
1675 2509 1850 2569 omelette!“
1901 2506 1966 2566 Die
2002 2509 2187 2569 Aufregung

3062 2539 3122 2599 -11—

2228 2551 2262 2611 an
2297 2551 2424 2611 unserer
2453 2550 2569 2610 Bühne
2593 2548 2737 2608 lebendig
2767 2550 2795 2610 zu
2825 2548 2980 2608 erhalten.

308 2554 523 2614 Lebensjahre
564 2552 649 2612 einem
700 2551 941 2611 Schlaganfall,
976 2551 1046 2611 kurz
1087 2550 1212 2610 nachdem

1270 2555 1321 2615 hat
1342 2557 1393 2617 sich
1425 2557 1501 2617 denn
1538 2557 1605 2617 auch
1652 2556 1765 2616 gelegt,
1797 2553 1868 2613 man
1906 2551 1962 2611 hat
1988 2551 2122 2611 Distanz
2148 2549 2194 2609 ge¬

302 2600 365 2660 aus
400 2599 542 2659 Amerika
572 2596 621 2656 die
651 2597 764 2657 Kunde
799 2596 847 2656 vom
892 2596 1024 2656 Ableben
1059 2595 1108 2655 des
1143 2596 1235 2656 größ¬

1262 2602 1404 2662 wonnen
1443 2600 1501 2660 und
1546 2599 1697 2659 erkannt,
1737 2597 1790 2657 daß
1835 2596 2010 2656 Schnitzler
2045 2595 2196 2655 vielleicht

308 2640 354 2700 ten
390 2640 658 2700 Erfindergenies
695 2641 746 2701 der
778 2640 937 2700 Jetztzeit,
974 2640 1113 2700 Thomas
1150 2637 1227 2697 Alva

1272 2646 1318 2706 als
1349 2646 1457 2706 Erster
1499 2643 1758 2703 Filmreportage
1800 2640 1856 2700 auf
1888 2637 1934 2697 die
1970 2640 2197 2700 Sprechbühne

1269 2693 1387 2753 gestellt
1409 2688 1480 2748 hat,
1497 2687 1568 2747 aber
1595 2686 1652 2746 mit
1678 2685 1729 2745 dem
1771 2685 1932 2745 „Reigen“
1969 2682 2025 2742 kein
2057 2682 2201 2742 literari¬

305 2688 447 2748 Edison,
468 2688 498 2748 zu
540 2688 600 2748 uns
631 2685 717 2745 kam.

1274 2736 1343 2796 sches
1379 2733 1550 2793 Verdienst
1576 2730 1807 2790 beanspruchen
1848 2727 1942 2787 kann.
1984 2727 2084 2787 Seine
2119 2726 2199 2786 Ein¬

362 2739 485 2799 Arthur
517 2739 687 2799 Schnitzler
709 2736 890 2796 verkörpert
917 2736 968 2796 das
999 2736 1118 2796 geistige
1145 2733 1227 2793 Wien

1272 2778 1371 2838 akter,
1387 2777 1432 2837 die
1457 2776 1522 2836 man
1553 2775 1698 2835 teilweise
1724 2773 1789 2833 auch
1820 2772 1844 2832 in
1870 2772 1955 2832 Bern
1981 2770 2101 2830 gesehen
2137 2772 2201 2832 hat,

303 2782 363 2842 von
394 2784 662 2844 Temperament,
682 2782 742 2842 wie
769 2783 799 2843 es
825 2781 1012 2841 künstlerisch
1048 2781 1108 2841 mit
1134 2778 1234 2838 Paris

1271 2820 1330 2880 sind
1363 2820 1493 2880 dagegen
1532 2819 1607 2879 Kost
1635 2817 1689 2877 für
1722 2816 1912 2876 literarische
1945 2814 2205 2874 Feinschmecker,

310 2829 480 2889 verwandt
506 2827 546 2887 ist
572 2826 632 2886 und
663 2826 773 2886 bleibt.
809 2825 884 2885 Kein
910 2822 1212 2882 Kriegsdazwischen

1274 2864 1320 2924 die
1361 2864 1556 2924 bekömmlich
1603 2860 1638 2920 ist
1680 2859 1741 2919 und
1788 2859 1885 2919 keinen
1937 2858 2029 2918 üblen
2061 2858 2199 2918 Nachge¬

308 2873 403 2933 treten
439 2870 494 2930 hat
520 2870 616 2930 daran
657 2870 753 2930 etwas
789 2867 956 2927 geändert,
972 2867 1148 2927 politischer
1174 2863 1239 2923 Ha¬

1279 2909 1399 2969 schmack
1424 2907 1646 2967 zurücklassen.
1677 2904 1727 2964 Er
1753 2903 1833 2963 weiß
1869 2903 1929 2963 wie
1960 2902 2015 2962 kein
2056 2901 2206 2961 anderer,

308 2915 364 2975 der
390 2915 426 2975 ist
447 2915 530 2975 nicht
551 2915 908 2975 charakterverändernd
940 2912 965 2972 in
996 2912 1218 2972 künstlerischem

1267 2953 1414 3013 verdeckte
1473 2951 1711 3011 psychologische
1764 2948 1943 3008 Regungen
2007 2948 2192 3008 dramatisch

311 2960 435 3020 Sinne.
489 2962 559 3022 Ins
614 2958 835 3018 Französische
884 2957 1068 3017 übertragen
1128 2955 1219 3015 müßt

1273 2996 1514 3056 auszuwerten,
1539 2994 1690 3054 erschopft
1715 2991 1759 3051 sich
1794 2993 1936 3053 niemals
1971 2991 1995 3051 in
2035 2992 2201 3052 aufgeplu¬

310 3005 496 3065 Schnitzlers
558 3002 785 3062 dramatisches
842 2999 932 3059 Werk
983 3001 1226 3061 originalgetreu

1274 3043 1397 3103 sterter,
1418 3040 1552 3100 äußerer
1584 3038 1754 3098 Handlung
1791 3036 1848 3096 und
1879 3035 2044 3095 Pathetik.
2076 3034 2204 3094 „Liebe¬

308 3048 448 3108 wirken,
474 3046 539 3106 will
569 3045 634 3105 mir
665 3045 745 3105 sein,
772 3045 801 3105 so
832 3044 897 3104 sehr
928 3044 962 3104 ist
988 3045 1018 3105 in
1053 3044 1103 3104 ihm
1149 3044 1239 3104 fran¬

1272 3085 1346 3145 lei",
1384 3085 1447 3145 mit
1484 3082 1580 3142 diesem
1644 3079 1861 3139 Meisterwerk
1915 3079 2201 3139 zeitgeisterfüllter

312 3094 450 3154 zösisches
482 3089 611 3149 Wesen,
637 3089 776 3149 Charme
813 3087 874 3147 und
916 3087 988 3147 auch
1035 3087 1081 3147 ein
1118 3086 1231 3146 bischen

1274 3129 1445 3189 Dramatik
1471 3127 1520 3187 hat
1547 3126 1576 3186 er
1607 3125 1703 3185 seinen
1739 3124 1809 3184 Ruf
1830 3122 2006 3182 begründet
2032 3123 2092 3183 und
2123 3121 2198 3181 wird

312 3136 480 3196 Spielerei
507 3134 570 3194 mit
597 3133 765 3193 Gedanken
814 3131 876 3191 und
908 3131 1040 3191 Worten
1083 3133 1241 3193 lebendig.

1279 3172 1323 3232 ihn
1354 3172 1418 3232 auch
1449 3172 1539 3232 neben
1575 3169 1659 3229 einem
1700 3169 1780 3229 Karl
1800 3166 1985 3226 Schonherr
2011 3166 2066 3226 und
2096 3166 2196 3226 Franz

310 3178 377 3238 Und
409 3181 491 3241 rund
523 3179 558 3239 um
611 3178 657 3238 die
683 3179 786 3239 Liebe,
813 3177 859 3237 die
891 3178 1015 3238 „Liebe“
1051 3177 1077 3237 in
1114 3178 1237 3238 Anfüh¬

1274 3218 1394 3278 Werfel
1420 3216 1500 3276 nicht
1526 3214 1550 3274 so
1581 3213 1651 3273 bald
1682 3212 1858 3272 verlieren,
1879 3212 1954 3272 denn
1995 3211 2070 3271 seine
2101 3208 2201 3268 Riva¬

312 3226 554 3286 rungszeichen,
585 3224 610 3284 so
658 3223 719 3283 wie
751 3221 792 3281 sie
833 3220 864 3280 in
900 3221 1004 3281 Paris
1051 3221 1112 3281 und
1149 3220 1231 3280 Wien

1274 3261 1320 3321 len
1351 3261 1413 3321 sind
1439 3258 1692 3318 schwerblütiger
1718 3255 1764 3315 als
1790 3256 1836 3316 er,
1857 3255 1945 3315 wenn
1977 3255 2043 3315 auch
2075 3253 2203 3313 gewich¬

311 3267 566 3327 liebenswürdig
610 3264 688 3324 aber
733 3263 816 3323 nicht
861 3263 919 3323 tief
954 3264 1012 3324 und
1057 3264 1233 3324 verzehrend

1274 3307 1346 3367 tiger
1388 3304 1450 3364 und
1482 3300 1808 3360 problemfreudiger.
1851 3297 1944 3357 Nicht
1981 3297 2006 3357 zu
2043 3300 2193 3360 vergessen

314 3317 365 3377 sich
391 3315 473 3375 gibt,
499 3315 535 3375 ist
567 3310 617 3370 das
654 3309 824 3369 Leitmotiv
866 3308 942 3368 aller
984 3309 1159 3369 Dramatik
1185 3308 1236 3368 des

1276 3351 1315 3411 ist
1341 3350 1411 3410 aber
1442 3348 1511 3408 auch
1537 3348 1592 3408 das
1633 3345 1743 3405 epische
1774 3342 1864 3402 Werk
1890 3342 2101 3402 Schnitzlers,
2121 3339 2196 3399 denn

316 3360 507 3420 ehemaligen
537 3357 645 3417 Arztes
680 3355 802 3415 Arthur
828 3352 1014 3412 Schnitzler.
1049 3354 1127 3414 Man
1162 3351 1244 3411 erin¬

310 3402 384 3462 nert
400 3404 452 3464 sich
485 3404 521 3464 da
564 3401 600 3461 an
643 3401 701 3461 sein
738 3399 971 3459 sensationelles
998 3399 1092 3459 Spiel
1119 3402 1235 3462 rascher
1273 3399 1346 3459 auch
1384 3396 1462 3456 seine
1495 3395 1632 3455 wenigen
1669 3391 1822 3451 Romane
1860 3390 1917 3450 und
1950 3390 2097 3450 Novellen
2135 3386 2197 3446 sind
