3436 4384
352 1209 1068 1269 OBSERVER

433 1262 459 1322 J.
472 1264 594 1324 österr.
608 1268 760 1328 behördl.
773 1276 1074 1336 konzessioniertes

388 1303 626 1363 Unternehmen
653 1308 704 1368 für
726 1318 1120 1378 Zeitungs-Ausschnitte

449 1364 599 1424 WIEN,
626 1369 670 1429 I.,
698 1378 986 1438 WOLLZEILE
1032 1385 1071 1445 11

537 1419 753 1479 TELEPHON
790 1429 971 1489 R-23-0-43

330 1552 558 1612 Ausschnitt
585 1560 677 1620 aus:

526 1671 682 1731 Bladet:

541 1751 1154 1811 Socinldemokraten

330 1778 400 1838 vom

556 1963 681 2023 skriver
714 1957 776 2017 ded
798 1952 860 2012 2.
882 1943 1008 2003 0KT.
1031 1934 1145 1994 1931

546 2171 926 2231 Arthur
1008 2171 1587 2231 Schnitzier
1668 2169 1904 2229 aøa.

878 2265 1011 2325 WIEN,
1034 2268 1188 2328 Onsdag.

688 2325 747 2385 Den
781 2328 926 2388 beromte
954 2328 1118 2388 estrigsRe
1139 2325 1218 2385 dra.

652 2387 800 2447 matiske
850 2387 1038 2447 Forfatter,
1099 2387 1212 2447 Lægen

650 2447 822 2507 ARTHUR
861 2447 1150 2507 SCHNITZLER,
1184 2443 1217 2503 er

651 2507 712 2567 Kl.
731 2507 741 2567 7
765 2506 776 2566 i
799 2505 896 2565 Aften
925 2507 982 2567 ded
1017 2505 1050 2565 af
1075 2506 1108 2566 et
1126 2504 1222 2564 Slag¬

655 2564 811 2624 tilfælde.

541 2728 664 2788 Arthur
696 2726 875 2786 Schnitzler
901 2725 962 2785 har
987 2724 999 2784 i
1025 2723 1055 2783 en
1087 2722 1203 2782 Menne

519 2788 654 2848 kealder
678 2788 783 2848 staaet
808 2788 822 2848 i
842 2786 943 2846 første
967 2785 1087 2845 Række
1112 2782 1227 2842 blandt

502 2844 540 2904 de
567 2845 778 2905 tysktalende
812 2844 936 2904 Landes
969 2841 1110 2901 literære
1138 2840 1224 2900 Nav¬

505 2905 558 2965 ne.
585 2904 600 2964 I
633 2904 701 2964 1890
734 2904 935 2964 debuterede
968 2901 1153 2961 Schnitzler
1185 2898 1217 2958 30

503 2967 565 3027 Aar
601 2965 748 3025 gammel
775 2965 833 3025 som
883 2961 1092 3021 Dramatiker
1151 2958 1218 3018 med

510 3023 659 3083 »Anatol,
678 3023 734 3083 syv
763 3021 964 3081 dramatiske
992 3019 1165 3079 Billeders,
1185 3016 1217 3076 en

508 3080 637 3140 levende
666 3080 834 3140 Skildring
869 3080 911 3140 fra
945 3077 1098 3137 Datidens
1132 3074 1218 3134 Wien

506 3141 573 3201 med
610 3139 666 3199 den
708 3140 900 3200 »letsindige
957 3137 1232 3197 Melankolikers,

504 3200 557 3260 den
596 3200 683 3260 unge
712 3200 896 3260 letlevende
935 3197 1070 3257 Anatol,
1109 3197 1225 3257 tegnet

511 3259 571 3319 med
602 3259 645 3319 let
667 3256 891 3316 ironiserende
917 3256 1142 3316 Forstaaelse,
1159 3254 1210 3314 som

1414 3259 1544 3319 Arthur
1585 3257 1799 3317 Schnitzler.

504 3316 727 3376 Hovedfigur.
773 3316 842 3376 Med
898 3316 1106 3376 Skuespillet
1157 3312 1230 3372 »El¬

502 3376 681 3436 skorslege
714 3376 783 3436 1894
816 3376 886 3436 elog
938 3376 1123 3436 Schnitzler
1175 3375 1219 3435 sit
1252 3382 1309 3442 der
1335 3383 1405 3443 ikke
1438 3382 1495 3442 kan
1528 3379 1559 3439 se
1592 3379 1687 3439 andet
1714 3377 1726 3437 i
1746 3376 1828 3436 hans
1854 3376 1982 3436 Kunst)

507 3436 595 3496 Navn
628 3436 700 3496 fast
728 3436 783 3496 som
828 3434 860 3494 et
894 3433 1148 3493 umiskendeligt
1182 3437 1215 3497 og
1254 3444 1309 3504 end
1343 3442 1525 3502 Frivolitet.

503 3492 694 3552 betydende
726 3492 858 3552 Talent.

1286 3500 1478 3560 Schnitzler
1504 3496 1657 3556 skildrede
1690 3495 1843 3555 realistisk
1876 3492 1965 3552 Kafr¬

538 3558 557 3618 I
587 3560 670 3620 disse
705 3561 809 3621 forste
863 3561 917 3621 som
981 3563 995 3623 i
1026 3561 1133 3621 mange
1188 3561 1222 3621 af
1253 3558 1463 3618 lighedslivet
1494 3557 1572 3617 uden
1602 3555 1735 3615 Hensyn
1770 3554 1808 3614 til
1829 3552 1970 3612 Borger¬

503 3623 711 3683 Schnitzlers
734 3623 846 3683 senere
874 3619 1005 3679 Værker
1028 3619 1059 3679 er
1082 3620 1136 3680 det
1155 3618 1385 3678 cen-skabets
1422 3615 1580 3675 moralske
1621 3613 1770 3673 Pigtraad
1807 3612 1820 3672 —
1893 3611 1960 3671 nen

509 3683 588 3743 trale
620 3683 672 3743 den
705 3681 852 3741 sorglsse
884 3678 957 3738 lette
990 3679 1063 3739 eller
1095 3678 1222 3738 maaske
1254 3678 1354 3738 aldrig
1386 3678 1433 3738 for
1460 3673 1697 3733 Sensationen;
1719 3671 1840 3731 Skyld.
1856 3669 1966 3729 Stokst

507 3740 683 3800 letsindige
720 3739 851 3799 Erotik.
878 3737 1154 3797 Hovedpersonen
1195 3735 1226 3795 er
1254 3735 1448 3795 Forargelse
1485 3733 1575 3793 vakte
1612 3731 1665 3791 det
1703 3728 1842 3788 beromte
1879 3728 1973 3788 »Rel¬

1250 3796 1347 3856 gene,
1375 3794 1432 3854 der
1465 3791 1674 3851 herhjemme
1728 3788 1880 3848 opfortes
1934 3787 1969 3847 af

498 3802 606 3862 gerne
645 3800 700 3860 den
748 3799 830 3859 unge
869 3797 1041 3857 flagrende
1098 3794 1223 3854 Kvinde

511 3857 590 3917 eiler
622 3857 737 3917 Mand,
764 3858 816 3918 der
854 3855 985 3915 livsglad
1022 3854 1143 3914 danser
1175 3855 1222 3915 sig
1259 3854 1348 3914 Betty
1386 3851 1517 3911 Nansen
1554 3848 1606 3908 for
1638 3847 1712 3907 5—6
1749 3848 1812 3908 Aar
1860 3845 1970 3905 siden.

513 3918 560 3978 ind
589 3917 603 3977 i
622 3916 755 3976 Armene
785 3916 841 3976 paa
866 3915 922 3975 den
952 3913 1076 3973 elskede
1100 3912 1152 3972 for
1172 3911 1223 3971 saa
1257 3910 1333 3970 Dets
1372 3910 1400 3970 ti
1434 3908 1572 3968 erotiske
1611 3907 1734 3967 Scener
1768 3905 1877 3965 mellem
1930 3903 1958 3963 en

1261 3967 1349 4027 Mand
1373 3969 1405 4029 og
1438 3967 1466 4027 en
1495 3967 1616 4027 Kvinde
1640 3966 1672 4026 er
1695 3964 1807 4024 tegnet
1831 3958 1892 4018 med
1915 3958 1971 4018 ær¬

505 3979 546 4039 at
566 3977 668 4037 danse
696 3974 803 4034 videre
832 3976 869 4036 til
888 3973 944 4033 den
977 3972 1009 4032 næ
1042 3970 1093 4030 te,
1112 3970 1140 4030 en
1173 3971 1214 4031 Ty

1261 4033 1294 4093 lig
1323 4030 1446 4090 Foragt
1470 4030 1520 4090 for
1543 4026 1723 4086 Bigotteri,
1741 4022 1972 4082 Borgermoral

510 4040 570 4100 pe,
593 4036 648 4096 der
676 4036 686 4096 i
709 4033 925 4093 schnitzlersk
959 4030 1146 4090 Renkultur
1180 4030 1229 4090 var

1261 4093 1289 4153 og
1328 4090 1438 4150 Angst
1467 4089 1515 4149 for
1549 4084 1765 4144 Sandheden.
1789 4080 1971 4140 Schnitzler

512 4095 603 4155 taget
631 4094 690 4154 lige
717 4093 754 4153 ud
782 4093 819 4153 af
842 4090 1111 4150 Forkrigstidens
1139 4087 1225 4147 glade

1261 4146 1351 4206 skrev
1376 4146 1461 4206 dette
1486 4143 1629 4203 Arbejde
1653 4140 1667 4200 i
1687 4140 1772 4200 1896,
1792 4140 1854 4200 men
1883 4137 1969 4197 forst

514 4151 711 4211 Wienerliv.
736 4149 831 4209 Dette
870 4147 1014 4207 Moment
1043 4146 1058 4206 i
1087 4146 1235 4206 Schnitz-

1254 4206 1366 4266 mange
1397 4206 1461 4266 Aar
1488 4203 1604 4263 senere
1631 4200 1691 4260 kom
1730 4197 1786 4257 det
1813 4197 1877 4257 frem
1921 4197 1967 4257 for

509 4212 577 4272 lers
609 4209 809 4269 Produktion
846 4209 901 4269 har
929 4206 1051 4266 skaffet
1074 4206 1133 4266 ham
1198 4203 1229 4263 er

516 4270 586 4330 stor
609 4269 713 4329 Skere
741 4267 956 4327 indignerede
990 4263 1237 4323 Modstandere,
1260 4262 1525 4322 Offentligheden
1564 4258 1580 4318 —
1630 4257 1663 4317 et
1696 4257 1740 4317 Ek
1762 4256 1888 4316 empel,
1917 4256 1949 4316 de

1955 353 1991 413 ne
2023 351 2150 411 Tanker
2178 350 2254 410 over
2282 348 2309 408 en
2346 347 2490 407 Civilists
2523 345 2672 405 Fornær¬

1959 410 2091 470 melcer,
2114 410 2171 470 der
2203 408 2273 468 ikke
2309 404 2397 464 lader
2429 404 2477 464 sig
2531 401 2668 461 afvaske

1951 467 2020 527 med
2058 467 2142 527 Duel
2161 466 2197 526 og
2231 464 2323 524 Blod.
2347 463 2389 523 En
2417 461 2547 521 aandrig
2585 458 2673 518 Hud¬

1960 524 2093 584 fletning
2141 523 2179 583 af
2218 522 2346 582 stupide
2394 515 2677 575 Officersidealer,

1957 584 2082 644 præget
2104 584 2138 644 af
2165 584 2303 644 F'oragt,
2320 581 2354 641 og
2385 578 2571 638 straalende
2597 575 2679 635 gen¬

1955 641 2111 701 nemfort.
2133 640 2176 700 En
2207 637 2407 697 tilsvarende
2438 634 2559 694 Teknik
2617 631 2673 691 har

1955 699 2141 759 Schnitzler
2173 699 2323 759 benyttet
2351 694 2364 754 i
2397 691 2547 751 Novellen
2583 688 2678 748 »Frs¬

1956 755 2016 815 ken
2051 757 2157 817 Else«,
2175 757 2235 817 der
2261 757 2363 817 udkom
2407 752 2458 812 for
2484 751 2514 811 to
2544 750 2608 810 Aar
2634 746 2677 806 si¬

1961 814 2015 874 den
2057 817 2070 877 i
2094 817 2294 877 Schnitzlers
2327 811 2404 871 hoje
2441 808 2600 868 Alderdom

1961 873 2031 933 men
2063 874 2115 934 dog
2147 875 2181 935 et
2209 870 2451 930 ungdomsfrisk
2487 866 2646 926 Arbejde.

1996 931 2101 991 Georg
2139 933 2285 993 Brandes
2318 928 2377 988 har
2410 926 2502 986 kaldt
2530 923 2685 983 Schnitz¬

1964 991 2009 1051 ler
2032 988 2063 1048 et
2082 990 2181 1050 Geni,
2196 990 2227 1050 og
2255 987 2467 1047 Betegnelsen
2495 984 2608 1044 genial
2627 981 2681 1041 ka¬

1961 1047 2181 1107 rakteriserer
2213 1047 2243 1107 en
2279 1047 2345 1107 lang
2385 1044 2504 1104 Række
2535 1040 2570 1100 af
2597 1038 2680 1098 hans

1962 1104 2040 1164 over
2071 1103 2105 1163 40
2135 1103 2268 1163 Værker
2298 1101 2312 1161 —
2362 1100 2406 1160 bl.
2426 1100 2460 1160 a.
2486 1097 2564 1157 »Det
2614 1096 2682 1156 vide

1962 1161 2095 1221 Land«,
2125 1161 2292 1221 »Ordenes
2348 1157 2544 1217 Komedie«,
2595 1154 2678 1214 »Den

1965 1220 2049 1280 store
2082 1220 2220 1280 Scene«,
2245 1216 2428 1276 »Beatrices
2461 1214 2566 1274 Slor.

2005 1276 2070 1336 Den
2108 1276 2244 1336 dybeste
2277 1274 2460 1334 Psykologi
2507 1274 2544 1334 og
2583 1274 2685 1334 tillige

1967 1336 2022 1396 den
2055 1335 2182 1395 reneste
2216 1333 2337 1393 Folelse
2366 1330 2473 1390 finder
2502 1330 2534 1390 vi
2558 1327 2684 1387 maaske

1962 1396 1982 1456 i
2007 1395 2071 1455 den
2112 1393 2300 1453 mærkeligt
2330 1390 2424 1450 milde
2460 1390 2499 1450 og
2534 1389 2593 1449 dog
2634 1388 2687 1448 saa

1968 1453 2091 1513 stærko
2127 1452 2294 1512 Skildring
2354 1450 2546 1510 »Sterben=,
2597 1447 2699 1507 »Doc,

1973 1512 2081 1572 Bogen
2121 1510 2154 1570 om
2224 1509 2390 1569 Kvindens
2445 1506 2685 1566 heneygnende

1974 1569 2160 1629 Kærlighed
2196 1567 2236 1627 til
2256 1567 2311 1627 den
2348 1566 2473 1626 doende
2504 1563 2620 1623 Mand.
2640 1563 2695 1623 In¬

1966 1626 2014 1686 tim
2081 1624 2320 1684 Modvideni
2378 1620 2687 1680 Menneskesindets

1967 1688 2095 1748 skjulte
2125 1686 2292 1746 Rorelser,
2312 1684 2420 1744 fornem
2460 1681 2628 1741 Stilkunst
2653 1683 2687 1743 og

1973 1745 2017 1805 fin
2047 1745 2145 1805 Poesi
2170 1744 2238 1804 faar
2258 1742 2346 1802 selve
2371 1742 2464 1802 Livet
2489 1742 2528 1802 til
2548 1739 2582 1799 at
2617 1739 2685 1799 leve

1973 1802 2126 1862 Læseren
2161 1802 2170 1862 i
2200 1802 2289 1862 Mode
2324 1804 2368 1864 fra
2403 1799 2506 1859 denne
2536 1800 2699 1860 redelige,

1973 1862 2221 1922 menneskelige
2256 1862 2343 1922 Bog.

2547 1916 2663 1976 Reoh.

2155 2017 2484 2077 NOTER

2014 2094 2212 2154 Sohnitzler,
2227 2092 2283 2152 der
2307 2092 2373 2152 blev
2402 2092 2435 2152 71
2459 2092 2519 2152 Aar
2544 2092 2704 2152 gammel,

1979 2143 2102 2203 forblev
2129 2142 2303 2202 produktiv
2330 2140 2448 2200 næsten
2480 2140 2515 2200 til
2536 2140 2582 2200 sin
2614 2140 2701 2200 Dod.

1978 2190 2042 2250 For
2066 2190 2094 2250 et
2118 2190 2173 2250 Par
2202 2188 2262 2248 Aar
2286 2190 2369 2250 siden
2398 2187 2500 2247 havde
2524 2187 2580 2247 han
2608 2187 2617 2247 i
2641 2187 2697 2247 Ta¬

1982 2239 2036 2299 bet
2062 2238 2092 2298 af
2113 2238 2147 2298 en
2178 2238 2289 2298 Datter
2315 2236 2345 2296 en
2380 2238 2431 2298 saa
2456 2235 2522 2295 stor
2547 2236 2648 2296 Sorg,
2669 2233 2698 2293 at

1984 2289 2044 2349 han
2079 2287 2208 2347 næsten
2252 2286 2308 2346 var
2347 2286 2455 2346 Deden
2503 2286 2567 2346 nær
2611 2286 2697 2346 efter

1983 2337 2114 2397 Slaget,

2011 2442 2198 2502 Schnitzler
2225 2444 2361 2504 besegte
2387 2442 2555 2502 gentagne
2581 2440 2696 2500 Gange

2043 2495 2226 2555 Danmark,
2250 2495 2281 2555 om
2328 2492 2401 2552 hvis
2434 2492 2700 2552 »menneskelige

1981 2543 2199 2603 Atmosfære«
2228 2542 2282 2602 han
2314 2543 2451 2603 udtalte,
2470 2543 2501 2603 at
2524 2541 2615 2601 alene
2643 2540 2697 2600 den

1981 2593 2094 2653 gjorde
2130 2590 2208 2650 hans
2243 2592 2356 2652 Hjerte
2386 2590 2480 2650 godt.
2505 2590 2569 2650 Det
2599 2588 2702 2648 sidste

1987 2641 2087 2701 Bocøg
2111 2641 2207 2701 fandt
2227 2639 2293 2699 Sted
2323 2639 2332 2699 i
2352 2638 2438 2698 1923,
2453 2638 2529 2698 hvor
2554 2638 2707 2698 Schnitz-

1977 2683 2028 2743 ler
2061 2686 2112 2746 var
2150 2686 2568 2746 »Studentersamfundet-s
2601 2686 2709 2746 Gæst.

2020 2796 2073 2856 Da
2100 2794 2285 2854 Schnitzler
2312 2795 2327 2855 i
2355 2794 2423 2854 1896
2456 2796 2588 2856 besogte
2642 2793 2710 2853 Ko¬

1978 2846 2151 2906 benhavn,
2176 2844 2378 2904 resulterede
2413 2844 2581 2904 Opholdet
2607 2844 2655 2904 bl.
2676 2844 2709 2904 a.

1986 2895 1995 2955 i
2028 2892 2177 2952 Novellen
2220 2891 2299 2951 »Den
2342 2892 2426 2952 vises
2459 2892 2622 2952 Hustrus,
2646 2892 2701 2952 der

1986 2943 2139 3003 foregaar
2164 2946 2179 3006 i
2194 2943 2406 3003 Skodsborg.

2025 3050 2226 3110 Schnitzlers
2263 3050 2422 3110 Arbejder
2460 3050 2560 3110 bliver
2592 3050 2697 3110 stadig

1986 3101 2099 3161 spillet
2129 3102 2188 3162 paa
2218 3102 2350 3162 utallige
2400 3098 2523 3158 Scener
2573 3098 2701 3158 Verden

1988 3149 2083 3209 over.
2104 3149 2158 3209 Paa
2194 3149 2274 3209 »Det
2295 3149 2371 3209 kgl.
2391 3149 2522 3209 Teater-
2548 3149 2638 3209 staar
2663 3149 2713 3209 bl.

1986 3200 2019 3260 a.
2043 3199 2120 3259 »Den
2149 3198 2240 3258 store
2265 3197 2385 3257 Scene«
2414 3198 2514 3258 endnu
2544 3200 2558 3260 i
2578 3200 2616 3260 de
2645 3198 2712 3258 sid¬

1987 3249 2038 3309 ste
2062 3248 2127 3308 Aar
2146 3248 2207 3308 paa
2231 3248 2452 3308 Repertoiret.
