3392 4320
406 140 562 200 „Würden
602 142 660 202 Sie
700 145 778 205 mirs
818 145 1052 205 übelnehmen,
1077 145 1170 205 wenn
1209 142 1248 202 ich

1283 144 1385 204 Bogen
1425 145 1670 205 Kanzleipapier
1705 147 1851 207 enthielt,
1876 148 2004 208 wickelte
2039 148 2067 208 in
2107 147 2190 207 einen
2235 147 2357 207 davon.
2382 151 2460 211 Noch
2490 151 2612 211 einmal
2642 151 2686 211 sah
2721 151 2759 211 sie
2784 151 2853 211 nach
2888 152 2936 212 dem
2986 154 3142 214 Geliebten

307 183 351 243 um
401 183 444 243 die
479 185 661 245 Erlaubnis
696 186 784 246 bäte,
809 187 882 247 mich
922 187 1025 247 Ihrem
1079 183 1231 243 Spazier=
1261 185 1369 245 davon
1404 186 1457 246 das
1492 187 1570 247 kalte
1596 187 1708 247 Fleisch
1744 186 1802 246 und
1832 188 1925 248 steckte
1955 187 2009 247 dis
2044 188 2186 248 Päckchen
2231 190 2289 250 der
2319 190 2515 250 verflossenen
2550 192 2682 252 Stunde
2722 192 2825 252 zurück
2865 193 2923 253 und
2968 194 3056 254 nickte
3096 195 3140 255 ein

324 231 404 291 gang
440 228 719 288 anzuschließen?“
750 221 764 281 —
822 227 887 287 Sie
918 228 1039 288 darauf
1070 228 1130 288 mit
1161 225 1247 285 einer

1280 228 1309 288 in
1345 230 1389 290 die
1415 231 1519 291 Tasche
1551 228 1635 288 ihres
1666 229 1932 289 Regenmantels.
1952 231 2047 291 Dann
2083 232 2193 292 gingen
2234 234 2404 294 paarmal.
2430 234 2550 294 Robert
2575 234 2620 294 sah
2651 234 2706 294 dem
2751 237 2902 297 rollenden
2937 237 3052 297 Wagen
3088 239 3147 299 eine

311 270 527 330 angenehmen
570 270 735 330 Stimme,
763 268 869 328 weder
901 270 1053 330 erstaunt
1091 270 1154 330 noch
1197 270 1247 330 be¬

1283 273 1316 333 sie
1345 273 1388 333 die
1412 273 1536 333 Treppe
1561 273 1676 333 hinab;
1700 273 1824 333 Robert
1844 273 1988 333 leuchtete
2017 274 2074 334 mit
2099 276 2180 336 einem

2239 276 2331 336 ganze
2363 276 2460 336 Weile
2497 276 2584 336 nach.
2610 276 2672 336 Die
2704 278 2781 338 habe
2812 278 2853 338 ich
2890 278 2951 338 doch
2993 282 3069 342 ganz
3101 279 3147 339 be¬

312 312 442 372 leidigt:
470 309 534 369 „Es
568 311 600 371 ist
628 312 687 372 kein
726 312 965 372 Spaziergang,
993 313 1030 373 ich
1058 313 1134 373 gehe
1167 312 1232 372 nach
1276 314 1525 374 Wachskerzchen
1570 315 1689 375 voran.
1717 317 1787 377 Auf
1815 315 1868 375 der
1902 317 2026 377 Straße
2054 317 2130 377 hing
2168 318 2200 378 er

2238 318 2360 378 stimmt
2386 320 2469 380 nicht
2494 320 2715 380 umgebracht,
2735 319 2818 379 sagte
2843 318 2877 378 er
2907 321 2985 381 dann
3025 324 3049 384 zu
3089 324 3152 384 sich,

324 355 458 415 Hause."
496 354 552 414 Sie
584 354 630 414 sah
662 353 713 413 ihn
750 354 822 414 kaum
870 354 926 414 an.

1058 357 1167 417 „Aber
1200 354 1248 414 die

1280 354 1331 414 sich
1362 359 1387 419 in
1414 360 1495 420 ihren
1527 360 1624 420 Arm.
1645 360 1731 420 „Oh,
1748 360 1778 420 du
1814 360 1902 420 mußt
1928 360 1994 420 mich
2026 360 2102 420 nicht
2123 360 2195 420 nach
2241 360 2302 420 und
2334 363 2555 423 unwillkürlich
2591 360 2632 420 sah
2663 362 2694 422 er
2725 363 2894 423 ringsum,
2910 365 2945 425 ob
2972 366 3151 426 irgendwer

320 397 543 457 Erlaubnis",
565 396 678 456 meinte
706 398 752 458 er,
773 398 866 458 „darf
888 398 924 458 ich
961 395 1043 455 wohl
1070 397 1116 457 als
1143 395 1236 455 erteil

1281 398 1385 458 Hause
1413 401 1601 461 begleiten!“
1629 401 1712 461 sagte
1735 400 1789 460 sie.
1812 398 1822 458 —
1879 403 2028 463 „Freilich
2056 403 2127 463 muß
2161 404 2199 464 ich

2240 401 2266 461 in
2298 404 2351 464 der
2378 403 2462 463 Nähe
2489 404 2589 464 wäre,
2611 404 2647 464 ein
2685 407 2785 467 Zeuge
2818 407 2865 467 für
2892 407 2950 467 alle
2977 407 3077 467 Fälle,
3104 408 3151 468 der

311 443 532 503 betrachten?

1276 442 1379 502 nicht.
1404 443 1482 503 Aber
1512 443 1600 503 wenn
1635 443 1664 503 es
1695 443 1758 503 mir
1783 446 1969 506 Vergnugen
2004 444 2117 504 macht.

2238 443 2272 503 sie
2302 443 2326 503 in
2361 446 2410 506 den
2445 446 2558 506 Wagen
2593 446 2676 506 hatte
2707 448 2810 508 steigen
2845 449 2903 509 und
2933 449 3145 509 davonfahren

399 484 458 544 Sie
486 483 578 543 zuckte
611 483 654 543 die
682 482 829 542 Achseln,
856 482 954 542 etwa,
982 482 1025 542 als
1064 482 1167 542 wollte
1195 482 1238 542 sie
1271 482 1325 542 An
1364 484 1417 544 der
1451 485 1592 545 nächsten
1631 486 1702 546 Ecke
1735 488 1816 548 stand
1855 487 1903 547 ein
1942 487 2078 547 Wagen.
2116 487 2203 547 „Wir

2231 491 2339 551 sehen.
2364 491 2457 551 Dann
2492 488 2585 548 lachte
2610 488 2644 548 er
2674 491 2738 551 und
2768 491 2925 551 schüttelte
2955 491 2999 551 die
3029 492 3151 552 töricht¬

318 525 425 585 sagen:
454 526 522 586 Mit
551 525 612 585 mir
641 526 709 586 muß
743 527 811 587 man
845 527 981 587 wirklich
1016 527 1095 587 nicht
1124 525 1145 585 so
1175 524 1242 584 viel
1276 527 1400 587 werden
1429 527 1582 587 fahren",
1600 529 1684 589 sagte
1708 530 1752 590 er.
1770 530 1826 590 Sie
1849 527 2007 587 schüttell=
2025 530 2075 590 den
2104 531 2205 591 Kopf.

2232 533 2458 593 zudringlichen
2505 533 2665 593 Gedanken
2713 533 2769 593 von
2811 533 2862 593 sich
2904 533 2955 593 ab.
2986 535 3151 595 Vielleicht

317 569 504 629 Geschichten
540 568 682 628 machen;
708 566 717 626 —
769 569 849 629 dann
880 567 940 627 erst
967 570 1012 630 sah
1043 570 1078 630 sie
1104 568 1149 628 ihn
1185 568 1235 628 von

1280 572 1593 632 „Verschipender",
1618 572 1780 632 erwiderte
1823 572 1858 632 sie
1895 572 1926 632 in
1962 573 2016 633 dem
2065 575 2197 635 gleichen

2237 575 2361 635 schreibe
2387 575 2428 635 ich
2454 575 2500 635 ihr
2527 575 2594 635 doch
2620 575 2759 635 einmal,
2775 576 2878 636 dachte
2905 575 2951 635 er;
2972 577 3028 637 und
3060 576 3147 636 durch

318 612 366 672 der
393 610 484 670 Seite
507 610 566 670 an.
582 610 625 670 Er
653 608 749 668 sprach
777 608 896 668 davon,
918 610 971 670 daß
999 610 1036 670 sie
1064 610 1112 670 ihm
1150 610 1231 670 schon
1275 612 1387 672 müden
1426 613 1512 673 Ton,
1540 613 1593 673 wie
1626 613 1669 673 ein
1702 615 1782 675 paar
1810 615 1955 675 Stunden
1994 616 2123 676 vorher,
2146 617 2194 677 als
2232 616 2285 676 die
2318 616 2496 676 nächtlichen
2540 619 2680 679 Straßen
2724 619 2799 679 nahm
2854 621 2886 681 er
2913 622 3042 682 langsam
3092 624 3145 684 den

314 654 369 714 auf
403 653 452 713 der
486 653 673 713 Ringstraße
707 652 895 712 aufgefallen
940 652 994 712 sei;
1034 649 1044 709 —
1106 651 1166 711 wie
1194 653 1232 713 sie
1266 654 1310 714 er
1344 657 1415 717 eine
1449 658 1576 718 Flasche
1610 658 1737 718 besseren
1782 658 1909 718 Weines
1948 660 2014 720 best
2031 660 2069 720 ll.
2103 658 2202 718 hatte.
2236 659 2313 719 Weg
2347 661 2412 721 nach
2441 661 2540 721 seinem
2585 661 2734 721 Gasthof.

313 697 377 757 auf
404 696 457 756 der
489 696 585 756 Bank
612 694 734 754 gesessen
777 696 862 756 war,
889 695 937 755 die
969 697 1081 757 Hände
1119 695 1145 755 in
1188 694 1235 754 der

322 739 593 799 Manteltaschen,
616 739 661 799 die
696 740 786 800 Rolle
821 738 877 798 auf
917 738 968 798 dem
1025 740 1149 800 Schoß,
1189 738 1240 798 der

321 782 409 842 Blick
427 783 482 843 vor
505 781 554 841 sich
577 782 627 842 hin
655 783 800 843 gerichtet
822 780 833 840 —
884 781 939 841 das
967 783 1006 843 sei
1029 782 1073 842 ein
1101 781 1245 841 hübsches

321 825 396 885 Bild
429 826 580 886 gewesen.
608 827 618 887 —
678 827 759 887 „Sie
792 824 851 884 sind
884 825 954 885 doch
993 825 1052 885 kein
1090 825 1219 885 Maler?

325 871 427 931 fragte
455 870 508 930 sie.
531 870 546 930 —
607 869 731 929 „Leider
764 867 883 927 nicht“,
905 867 1073 927 erwiderte
1106 869 1154 929 er.
1176 867 1246 927 Und

318 914 350 974 da
383 913 415 973 er
443 911 541 971 keinen
574 912 688 972 Grund
721 912 819 972 hatte,
842 909 890 969 ihr
918 910 1021 970 seinen
1054 912 1174 972 Namen
1212 912 1239 972 zu

318 956 508 1016 verhehlen,
530 956 557 1016 so
591 955 688 1015 stellte
716 954 748 1014 er
781 955 830 1015 sich
869 954 895 1014 in
934 955 1016 1015 aller
1043 954 1130 1014 Form
1180 954 1250 1014 vor.

317 1001 380 1061 Sie
407 1001 523 1061 nannte
551 998 598 1058 den
630 998 709 1058 ihren
741 998 821 1058 ganz
843 998 1011 1058 beiläufig,
1033 998 1091 1058 und
1123 996 1144 1056 in
1176 997 1223 1057 dem

312 1043 409 1103 leicht
442 1042 730 1102 weiterfließenden
768 1041 947 1101 Gespräch,
975 1043 1056 1103 ohne
1095 1039 1143 1099 sich
1187 1039 1246 1099 erst

315 1088 519 1148 eindringlich
559 1085 662 1145 fragen
703 1084 730 1144 zu
765 1085 878 1145 lassen,
913 1085 1056 1145 erzählte
1096 1082 1135 1142 sie
1176 1082 1227 1142 ihm

317 1131 443 1191 allerlei
477 1130 529 1190 von
577 1130 661 1190 ihrem
726 1127 842 1187 Leben.
879 1128 943 1188 Sie
991 1127 1043 1187 gab
1097 1124 1245 1184 Klavier¬

314 1173 495 1233 lektionen;
530 1171 574 1231 ihr
621 1172 750 1232 Mann,
791 1172 836 1232 ein
887 1170 1249 1230 Magistratsbeamter,

313 1216 383 1276 war
414 1215 469 1275 vor
500 1214 571 1274 drei
597 1214 723 1274 Jahren
759 1213 942 1273 gestorben;
968 1213 1028 1273 und
1064 1213 1150 1273 nun,
1176 1210 1246 1270 ver¬

310 1258 439 1318 witwet
466 1258 528 1318 und
554 1258 730 1318 kinderlos,
752 1256 876 1316 wohnte
902 1255 939 1315 sie
970 1252 996 1312 in
1027 1256 1115 1316 einer
1142 1256 1240 1316 nahen

318 1303 539 1363 Seitengasse,
584 1302 633 1362 bei
684 1302 771 1362 einer
822 1299 955 1359 besseren
1016 1300 1243 1360 Handwerker¬

314 1348 457 1408 samilie.
480 1348 524 1408 Im
574 1343 785 1403 vergangenen
824 1342 978 1402 Sommer
1007 1342 1095 1402 hatte
1123 1342 1155 1402 sie
1189 1342 1233 1402 sich

323 1388 377 1448 zum
431 1389 610 1449 erstenmal
643 1387 719 1447 nach
757 1387 837 1447 ihres
882 1383 1027 1443 Mannes
1072 1383 1136 1443 Tod
1175 1384 1244 1444 drei

312 1428 436 1488 Wochen
477 1431 591 1491 Urlaub
626 1430 780 1490 gegönnt,
803 1429 848 1489 die
872 1428 911 1488 sie
934 1428 962 1488 in
997 1428 1083 1488 einer
1112 1428 1225 1488 kleinen

314 1476 495 1536 wohlseilen
536 1475 802 1535 Sommerfrische
837 1471 916 1531 nahe
951 1470 1007 1530 von
1048 1470 1138 1530 Wien
1173 1469 1245 1529 ver¬

311 1518 449 1578 brachte.
484 1519 589 1579 „Dort
624 1515 696 1575 habe
730 1518 768 1578 ich
808 1517 880 1577 mich
914 1515 986 1575 auch
1026 1515 1142 1575 wieder
1177 1514 1243 1574 ver¬

305 1560 413 1620 lobt",
437 1562 517 1622 setzte
546 1559 581 1619 sie
610 1559 725 1619 hinzu.
749 1560 811 1620 „Es
841 1558 881 1618 ist
910 1557 985 1617 aber
1014 1558 1111 1618 nichts
1141 1557 1244 1617 draus

312 1605 497 1665 geworden.
521 1605 626 1665 Besser
655 1603 713 1663 so,"
743 1602 835 1662 schloß
865 1602 899 1662 sie
929 1602 1167 1662 achselzuckend,
1191 1601 1236 1661 als

318 1653 363 1713 sei
392 1646 431 1706 sie
465 1647 521 1707 kein
561 1646 690 1706 bessexes
725 1646 877 1706 Schicksal
906 1644 1058 1704 gewöhnt
1092 1645 1154 1705 und
1188 1643 1238 1703 nie

309 1690 399 1750 eines
430 1691 556 1751 besseren
593 1691 678 1751 wert
703 1691 835 1751 gewesen
873 1689 920 1749 als
952 1688 1000 1748 des
1037 1688 1084 1748 ihr
1116 1686 1242 1746 beschie¬

315 1733 431 1793 denen.

400 1778 464 1838 Ein
501 1776 619 1836 offener
650 1775 856 1835 Einspänner
887 1775 1011 1835 trottete
1041 1775 1171 1835 vorbei,
1190 1774 1242 1834 der

314 1822 464 1882 Kutscher
500 1822 638 1882 schwang
674 1820 813 1880 grüßend
854 1819 899 1879 die
936 1817 1092 1877 Peitsche.
1121 1819 1242 1879 Robert

306 1864 359 1924 Ind
397 1864 477 1924 seine
510 1864 708 1924 Begleiterin
746 1861 772 1921 zu
810 1861 900 1921 einer
933 1861 1050 1921 kleinen
1088 1861 1243 1921 Spazier¬

314 1905 400 1965 fahrt
428 1909 497 1969 ein,
520 1907 557 1967 sie
585 1907 693 1967 stiegen
726 1906 796 1966 ein,
818 1907 926 1967 fuhren
959 1905 1051 1965 durch
1084 1906 1126 1966 die
1154 1903 1240 1963 Vor¬

319 1951 394 2011 stadt
425 1951 531 2011 weiter
567 1951 627 2011 und
663 1949 744 2009 dann
785 1949 876 2009 unter
912 1948 962 2008 dem
1014 1948 1246 2008 Bahnviadukt

311 1996 435 2056 hinaus
462 1995 521 2055 auf
544 1994 586 2054 die
614 1993 961 2053 Laxenburgerstraße,
983 1993 1042 2053 mit
1065 1994 1113 2054 dem
1157 1993 1232 2053 Blid

310 2037 371 2097 auf
393 2039 439 2099 die
465 2039 490 2099 im
533 2037 635 2097 Abend
667 2037 930 2097 verdämmernde
957 2036 1153 2096 Hügelkette.
1174 2033 1241 2093 All¬

317 2082 450 2142 mählich
478 2081 589 2141 rückten
623 2079 661 2139 sie
689 2079 839 2139 einander
868 2079 984 2139 näher.
1007 2078 1062 2138 Als
1096 2079 1151 2139 auf
1174 2079 1223 2139 dem

311 2124 414 2184 nahen
451 2125 574 2185 Geleise
606 2123 653 2183 ein
689 2123 933 2183 Eisenbahnzug
969 2120 1005 2180 an
1042 2120 1135 2180 ihnen
1171 2121 1243 2181 vor¬

312 2169 485 2229 beisauste,
513 2169 591 2229 nahm
640 2166 761 2226 Robert
788 2168 914 2228 Anlaß,
942 2167 994 2227 von
1037 2166 1137 2226 seiner
1164 2165 1232 2225 eben

313 2213 517 2273 verflossenen
556 2211 644 2271 Reise
679 2211 705 2271 zu
739 2211 899 2271 erzählen,
928 2210 1026 2270 später
1055 2210 1176 2270 brachte
1210 2209 1237 2269 er

311 2257 371 2317 das
400 2254 555 2314 Gesprach
589 2252 643 2312 auf
672 2252 715 2312 die
755 2252 882 2312 Musik,
910 2252 1043 2312 worauf
1082 2252 1121 2312 sie
1160 2251 1237 2311 ohne

307 2300 437 2360 tieferes
465 2297 627 2357 Interesse
655 2296 802 2356 einging,
824 2296 856 2356 da
884 2294 927 2354 sie
955 2295 981 2355 in
1015 2294 1101 2354 ihrer
1129 2292 1243 2352 Eigen¬

318 2340 411 2400 schaft
441 2341 484 2401 als
519 2342 785 2402 Klavierlehrerin
825 2340 893 2400 eben
928 2339 991 2399 nur
1021 2339 1075 2399 von
1110 2339 1158 2399 den
1193 2337 1241 2397 zu¬

321 2387 442 2447 fälligen
476 2386 680 2446 Kenntnissen
713 2383 873 2443 Gebrauch
901 2384 1033 2444 machte,
1056 2383 1100 2443 die
1128 2382 1160 2442 sie
1189 2381 1238 2441 sich

320 2428 432 2488 früher
465 2428 598 2488 einmal,
625 2426 650 2486 in
686 2426 815 2486 besseren
852 2426 1156 2486 Lebensumständen
1192 2426 1238 2486 als

318 2473 425 2533 heute,
454 2472 480 2532 zu
513 2471 670 2531 erwerben
710 2470 915 2530 Gelegenheit
944 2468 1057 2528 gehabt
1085 2467 1182 2527 hatte.

405 2524 470 2584 Die
504 2522 619 2582 Sonne
659 2524 724 2584 war
758 2524 929 2584 gesunken,
962 2522 1022 2582 und
1062 2520 1094 2580 es
1134 2521 1238 2581 wurde

312 2566 522 2626 empfindlich
556 2568 642 2628 kühl.
664 2566 788 2626 Robert
821 2567 880 2627 ließ
924 2564 983 2624 den
1027 2564 1146 2624 Wagen
1189 2565 1243 2625 der

318 2614 421 2674 Stadt
452 2612 637 2672 zuwenden.
664 2611 725 2671 Sie
757 2610 869 2670 redeten
911 2608 998 2668 beide
1030 2608 1112 2668 nicht
1144 2608 1246 2668 mehr,

319 2655 381 2715 und
419 2654 466 2714 als
504 2652 535 2712 er
573 2652 636 2712 ihre
668 2651 758 2711 Hand
795 2650 895 2710 faßte,
922 2652 980 2712 gab
1013 2651 1054 2711 sie
1086 2651 1134 2711 ihm
1187 2649 1239 2709 den

313 2699 423 2759 Druck
445 2699 506 2759 mit
529 2697 767 2757 unerwarteter
791 2695 923 2755 Wärme
952 2694 1073 2754 zurück.
1097 2693 1140 2753 In
1174 2691 1240 2751 ihre

315 2743 425 2803 müden
456 2742 542 2802 Züge
573 2741 636 2801 trat
660 2740 700 2800 ein
731 2738 912 2798 Schimmer
941 2739 994 2799 von
1030 2736 1169 2796 Freude,
1188 2736 1245 2796 fast

308 2789 367 2849 von
403 2784 521 2844 Gluck.

411 2839 456 2899 In
491 2838 578 2898 einem
625 2838 740 2898 kleinen
775 2835 925 2895 Gasthof,
949 2834 1000 2894 der
1029 2831 1156 2891 Robert
1185 2832 1237 2892 von

312 2882 480 2942 ähnlichen
513 2878 746 2938 Gelegenheiten
780 2876 828 2936 her
855 2876 991 2936 bekannt
1018 2876 1100 2936 war,
1122 2873 1186 2933 stieg
1214 2874 1246 2934 er

317 2926 380 2986 mit
407 2924 454 2984 ihr
481 2924 539 2984 ab,
561 2924 640 2984 nahm
684 2922 730 2982 ein
763 2921 911 2981 Zimmer
943 2920 1001 2980 und
1033 2921 1165 2981 bestellte
1198 2920 1239 2980 ein

316 2968 531 3028 Abendessen.
559 2966 717 3026 Während
749 2963 786 3023 sie
818 2963 849 3023 es
887 2963 1098 3023 erwarteten,
1125 2963 1172 3023 saß
1210 2963 1246 3023 sie

311 3012 378 3072 mit
399 3013 425 3073 im
472 3011 565 3071 Schoß
597 3011 768 3071 gefaltenen
800 3007 924 3067 Händen
956 3008 1012 3068 auf
1034 3008 1085 3068 dem
1128 3005 1236 3065 blauen

320 3055 552 3115 Plüschdivan,
584 3051 647 3111 und
684 3051 736 3111 er,
768 3052 837 3112 eine
875 3052 1037 3112 Zigarette
1075 3049 1227 3109 rauchend

317 3100 389 3160 ging
425 3098 456 3158 in
493 3097 544 3157 dem
591 3094 824 3154 bescheidenen,
855 3093 927 3153 aber
959 3093 1031 3153 nett
1057 3092 1238 3152 gehaltenen

313 3143 408 3203 Raum
455 3140 510 3200 auf
536 3140 596 3200 und
627 3137 748 3197 nieder.
769 3136 870 3196 Ueber
896 3134 946 3194 den
982 3133 1093 3193 Betten
1124 3134 1235 3194 hingen

317 3188 394 3248 zwei
421 3184 560 3244 schlechte
586 3181 772 3241 Oeldrucke,
794 3181 990 3241 italienische
1016 3178 1233 3238 Landschafter

322 3229 383 3289 mit
410 3226 558 3286 Staffage
590 3226 790 3286 vorstellend;
817 3223 909 3283 rechts
940 3223 991 3283 der
1023 3223 1141 3283 Vesuv,
1167 3223 1239 3283 über

306 3270 363 3330 den
395 3270 472 3330 Golf
494 3270 546 3330 von
583 3267 702 3327 Neapel
724 3267 828 3327 Rauch
860 3266 917 3326 und
944 3264 1147 3324 Feuerschein
1179 3264 1246 3324 ver¬

317 3315 476 3375 breitend,
503 3314 585 3374 links
622 3312 688 3372 eine
720 3312 848 3372 Osteria
895 3307 920 3367 in
973 3308 1024 3368 der
1071 3306 1235 3366 römischen

320 3360 510 3420 Campagna
542 3356 605 3416 mit
626 3354 842 3414 Fuhrleuten,
864 3353 916 3413 rot
943 3354 1000 3414 und
1033 3351 1100 3411 blau
1133 3351 1243 3411 geklei¬

318 3405 430 3465 deten,
453 3402 534 3462 breit
561 3400 719 3460 lachenden
752 3397 924 3457 Mädchen,
952 3396 978 3456 im
1023 3397 1244 3457 Hintergrund

317 3446 364 3506 ein
402 3446 576 3506 Aquädukt
619 3444 683 3504 mit
721 3441 943 3501 zerbrochenen
996 3441 1144 3501 Säulen.
1182 3441 1245 3501 Nie

317 3489 394 3549 wird
426 3488 461 3548 sie
488 3488 571 3548 mehr
597 3488 653 3548 von
685 3485 809 3545 Italien
841 3485 965 3545 wissen,
986 3484 1084 3544 dachte
1111 3482 1250 3542 Robert,

311 3533 367 3593 als
404 3532 471 3592 was
508 3530 548 3590 sie
580 3530 636 3590 auf
668 3530 776 3590 solchen
813 3527 947 3587 Bildern
989 3525 1019 3585 zu
1056 3526 1138 3586 sehen
1180 3523 1247 3583 be¬¬

1129 3567 1246 3627 streifte

318 3578 452 3638 kommt.
504 3575 576 3635 Und
613 3570 1072 3630 mitleidsvoll=schuldbewußt

325 3620 380 3680 sein
419 3618 507 3678 Blick
536 3617 619 3677 ihren
658 3617 813 3677 Scheitel.
841 3617 902 3677 Sie
936 3612 985 3672 saß
1025 3614 1090 3674 noch
1130 3614 1246 3674 immer

318 3665 400 3725 ganz
428 3663 494 3723 still
516 3662 549 3722 da
588 3660 615 3720 in
649 3660 731 3720 ihrer
781 3658 1094 3718 hochgeschlossenen,
1139 3656 1238 3716 etwas

1163 3698 1240 3758 Jhre

312 3706 524 3766 zerdrückten,
551 3705 622 3765 blau
682 3703 839 3763 getupften
884 3700 1112 3760 Leinenbluse.

321 3750 428 3810 Haare
456 3751 564 3811 waren
597 3748 807 3808 dunkelblond
840 3746 900 3806 und
933 3746 1029 3806 dicht,
1057 3745 1100 3805 die
1133 3742 1241 3802 Augen

318 3794 382 3854 hell
410 3793 470 3853 und
503 3792 601 3852 groß,
623 3791 666 3851 die
699 3789 917 3849 Gesichtszüge
950 3789 1026 3849 aber
1054 3787 1141 3847 sahen
1180 3784 1239 3844 nun

317 3841 342 3901 im
385 3838 546 3898 gelblichen
578 3834 655 3894 Licht
682 3833 729 3893 des
755 3833 979 3893 zweiarmigen
1011 3829 1245 3889 Deckenlüsters

313 3882 380 3942 noch
417 3879 605 3939 verblühter
638 3876 700 3936 aus
737 3875 784 3935 als
821 3874 846 3934 im
899 3873 1155 3933 Dämmerschein
1197 3870 1249 3930 der

318 3924 456 3984 Straße.
478 3922 617 3982 Plötzlich
650 3919 750 3979 blickte
778 3918 815 3978 sie
842 3919 868 3979 zu
901 3919 954 3979 ihm
998 3916 1072 3976 auf,
1094 3915 1152 3975 und
1185 3914 1227 3974 ein

321 3966 403 4026 fach,
426 3967 559 4027 beinahe
588 3966 721 4026 trocken,
738 3963 820 4023 sagte
849 3963 904 4023 sie:
932 3963 1015 4023 „Sie
1043 3960 1132 4020 sollen
1171 3957 1248 4017 nicht

328 4014 448 4074 schlecht
475 4013 531 4073 von
565 4012 628 4072 mir
654 4011 781 4071 denken,
802 4010 878 4070 aber
904 4008 942 4068 ich
974 4006 1018 4066 bin
1058 4005 1185 4065 wirklich
1218 3999 1243 4059 so
