3392 4352
156 262 280 322 12.
339 272 831 332 Schnitzler
899 264 927 324 s
996 264 1236 324 beatl

339 994 1054 1054 „OBSERVER

413 1052 438 1112 I.
461 1050 577 1110 österr.
595 1049 746 1109 behördl.
768 1049 1062 1109 konzessioniertes

386 1100 617 1160 Unternehmen
648 1099 697 1159 für
720 1097 1097 1157 Zeitungs-Ausschnitte

459 1162 595 1222 WIEN,
616 1164 660 1224 I.,
680 1162 946 1222 WOLLZEILE
986 1160 1030 1220 11

522 1215 737 1275 TELEPHON
773 1213 953 1273 R-23-0-43

328 1351 552 1411 Ausschnitt
578 1350 641 1410 aus
662 1350 672 1410 :

1052 1559 1135 1619 Linz

328 1577 449 1637 vom:

648 1697 773 1757 160

289 3428 449 3488 Entwurf
476 3429 529 3489 für
561 3431 604 3491 ein
647 3437 1143 3497 Artur-Schnitzler=Denkmal.

249 3497 322 3557 Das
363 3497 504 3557 Modell
544 3497 600 3557 der
646 3500 747 3560 Artur
765 3502 1183 3562 Schnißler=Denkmales,

248 3545 305 3605 das
341 3545 399 3605 von
436 3547 602 3607 Professor
633 3549 820 3609 Alexander
847 3550 961 3610 Garay
993 3552 1174 3612 entworfen

245 3595 354 3655 wurde
385 3595 449 3655 und
484 3596 509 3656 in
544 3598 638 3658 Wien
674 3598 703 3658 zu
743 3598 912 3658 Gedenken
953 3598 987 3658 an
1023 3601 1082 3661 den
1122 3600 1176 3660 vor

240 3645 333 3705 einem
383 3646 472 3706 Jahr
507 3646 728 3706 verstorbenen
768 3648 980 3708 Dramatiker
1010 3649 1074 3709 und
1109 3648 1177 3708 Ro¬

332 3697 620 3757 manschriftsteller
649 3699 831 3759 aufgestellt
860 3700 981 3760 werden
1021 3700 1092 3760 soll.

1450 258 1570 318 box
1646 263 1826 323 44/3

1702 1485 2404 1545 „OBSERVER

1769 1533 1795 1593 1.
1817 1535 1933 1595 österr.
1956 1542 2107 1602 behördl.
2125 1542 2419 1602 konzessioniertes

1749 1586 1978 1646 Unternehmen
2010 1589 2053 1649 för
2080 1593 2456 1653 Zeitungs-Ausschnitte

1808 1644 1951 1704 WIEN,
1972 1652 2017 1712 I.,
2038 1658 2300 1718 WOLLZEILE
2340 1661 2385 1721 11

1883 1708 2097 1768 TELEPHON
2135 1710 2312 1770 R-23-0-43

1689 1835 1912 1895 Ausschnitt
1938 1840 2004 1900 aus
2020 1842 2034 1902 :

2119 1893 2224 1953 ahri

1848 1925 1912 1985 Wr.
1931 1924 2069 1984 Noueste
2089 1927 2357 1987 nachnichten,
2368 1927 2459 1987 Wien

2055 2033 2112 2093 16
2161 2040 2317 2100 OKI.
2346 2039 2462 2099 1052

1685 2060 1800 2120 vom:

1561 2157 1745 2217 Alexander
1782 2159 1917 2219 Jarays
1961 2159 2329 2219 Schnitzler=Denkmal

1603 2211 1657 2271 Den
1701 2213 1851 2273 Entwurf
1879 2213 1965 2273 eines
1993 2213 2171 2273 Denkmals
2204 2211 2257 2271 für
2296 2212 2392 2272 Artur
2425 2213 2679 2273 Schnitzler,

1557 2256 1644 2316 dessen
1701 2254 1855 2314 Todestag
1907 2258 1959 2318 sich
2011 2257 2180 2317 demnächst
2222 2255 2325 2315 jährt,
2372 2255 2449 2315 stellt
2501 2254 2676 2314 Bildhauer

1558 2300 1673 2360 Jaray,
1702 2298 1754 2358 der
1788 2297 1942 2357 Gestalter
1976 2300 2028 2360 des
2062 2300 2369 2360 Kainz=Denkmals,
2399 2298 2423 2358 in
2466 2297 2514 2357 der
2548 2297 2677 2357 Galerie

1551 2341 1689 2401 Würthle
1724 2341 1798 2401 aus.
1828 2341 1912 2401 Man
1947 2341 2016 2401 kann
2056 2343 2105 2403 sich
2140 2344 2208 2404 über
2244 2341 2332 2401 diesen
2368 2341 2520 2401 Entwurf
2546 2339 2595 2399 des
2630 2339 2678 2399 ge¬

1559 2386 1678 2446 schickten
1712 2385 1880 2445 Plastikers
1914 2385 1975 2445 nur
2004 2383 2177 2443 wundern;
2201 2386 2273 2446 aber
2302 2385 2397 2445 nicht,
2422 2383 2493 2443 weil
2518 2382 2551 2442 er
2580 2382 2680 2442 eigen¬

1553 2428 1644 2488 artig,
1669 2428 1793 2488 sondern
1827 2428 1894 2488 weil
1918 2428 1947 2488 er
1971 2427 2024 2487 das
2053 2428 2220 2488 Gegenteil
2245 2428 2336 2488 davon
2370 2428 2417 2488 ist.
2437 2428 2504 2488 Der
2529 2425 2677 2485 Entwurf

1556 2473 1659 2533 gleicht
1694 2472 1841 2532 nämlich,
1866 2470 1919 2530 von
1959 2473 2190 2533 geringfügigen
2230 2470 2466 2530 Abweichungen
2506 2468 2686 2528 abgesehen,

1554 2515 1598 2575 die
1634 2515 1715 2575 nicht
1746 2515 1796 2575 ins
1826 2515 1963 2575 Gewicht
1993 2515 2109 2575 fallen,
2140 2515 2165 2575 in
2201 2513 2287 2573 schier
2323 2513 2555 2573 unglaublicher
2586 2512 2681 2572 Weise

1558 2559 1604 2619 dem
1660 2559 1777 2619 schönen
1819 2557 2020 2617 marmornen
2063 2559 2235 2619 Denkmal,
2264 2556 2319 2616 das
2357 2556 2501 2616 Edmund
2540 2553 2679 2613 Hellmer

1553 2598 1601 2658 dem
1644 2601 1821 2661 berühmten
1856 2603 2154 2663 Landschaftsmaler
2183 2601 2221 2661 E.
2241 2599 2283 2659 J.
2308 2598 2471 2658 Schindler
2500 2598 2552 2658 vor
2582 2598 2663 2658 einem

1556 2643 1800 2703 Menschenalter
1829 2643 1852 2703 im
1896 2644 2020 2704 Wiener
2044 2643 2221 2703 Stadtpark
2245 2643 2412 2703 errichtete.
2441 2642 2508 2702 Der
2532 2641 2680 2701 Entwurf

1567 2687 1680 2747 Jarays
1714 2686 1768 2746 für
1798 2687 1836 2747 ein
1876 2688 2214 2748 Schnitzler=Denkmal
2239 2685 2342 2745 würde
2372 2686 2420 2746 sich
2455 2685 2592 2745 demnach
2627 2685 2680 2745 zur

1556 2729 1763 2789 Ausführung
1807 2729 1886 2789 nicht
1921 2732 2049 2792 eignen.
2094 2730 2266 2790 Uebrigens
2310 2727 2399 2787 haben
2444 2727 2502 2787 wir
2543 2727 2680 2787 wahrlich

1553 2771 1660 2831 andere
1703 2772 1825 2832 Sorgen
1872 2771 1923 2831 als
1966 2771 2013 2831 die
2051 2772 2177 2832 Sorge,
2215 2771 2402 2831 Denkmäler
2445 2771 2473 2831 zu
2520 2769 2684 2829 errichten.

1556 2813 1647 2873 Wenn
1681 2813 1781 2873 Artur
1811 2814 1993 2874 Schnitzlers
2022 2816 2209 2876 Gedächtnis
2238 2813 2343 2873 geehrt
2368 2813 2482 2873 werden
2517 2813 2588 2873 soll,
2613 2812 2674 2872 was

1562 2855 1605 2915 sich
1648 2858 1821 2918 allerdings
1855 2858 2003 2918 gebühren
2047 2858 2171 2918 würde,
2196 2855 2224 2915 so
2263 2855 2368 2915 könnte
2402 2858 2459 2918 das
2498 2858 2531 2918 am
2585 2855 2675 2915 besten

1564 2898 1642 2958 durch
1677 2900 1814 2960 Stiftung
1849 2898 1927 2958 eines
1957 2900 2260 2960 Schnitzler=Preises
2290 2900 2338 2960 zur
2363 2900 2544 2960 Förderung
2569 2900 2677 2960 Jung¬

1559 2941 1670 3001 wiener
1699 2941 1913 3001 Schriftsteller
1942 2941 1992 3001 von
2021 2941 2291 3001 beachtenswerter
2319 2942 2487 3002 Begabung
2515 2941 2682 3001 geschehen,

1561 2984 1666 3044 zumal
1704 2983 1761 3043 das
1805 2983 1866 3043 eine
1905 2983 2081 3043 Tatsetzung
2125 2984 2153 3044 im
2211 2981 2316 3041 Sinne
2354 2983 2535 3043 Schnitzlers
2584 2983 2679 3043 wäre,

1558 3031 1612 3091 der
1647 3032 1695 3092 sich
1735 3029 1808 3089 über
1838 3031 1896 3091 das
1931 3031 1975 3091 ihm
2029 3029 2201 3089 zugedachte
2236 3028 2402 3088 Denkmal,
2432 3030 2515 3090 wenn
2555 3029 2583 3089 er
2618 3028 2667 3088 den

1562 3109 1716 3169 Entwurf
1748 3109 1831 3169 sehen
1873 3111 1992 3171 könnte,
2023 3115 2189 3175 zweifellos
2231 3115 2308 3175 nicht
2339 3115 2443 3175 freuen
2485 3115 2603 3175 würde.

2481 3162 2526 3222 A.
2547 3162 2649 3222 R—r.
