3392 4352
265 285 374 345 12.
435 294 1028 354 Schnitzler's
1099 297 1329 357 Death

372 1068 639 1128 DOBS

795 1082 1082 1142 RVER

456 1127 478 1187 I.
493 1127 616 1187 österr.
626 1131 777 1191 behördl.
791 1139 1089 1199 konzessioniertes

412 1168 646 1228 Unternehmen
673 1171 721 1231 für
748 1180 1134 1240 Zeitungs-Ausschnitte

462 1228 610 1288 WIEN,
638 1234 685 1294 I.,
713 1238 996 1298 WOLLZEILE
1038 1243 1084 1303 11

555 1282 773 1342 TELEPHON
810 1289 982 1349 R-23-0-43

358 1420 574 1480 Ausschnitt
597 1428 685 1488 aus:

691 1481 996 1541 Lnlange,
1009 1505 1095 1565 Doli

759 1610 844 1670 22.
864 1613 987 1673 0KT.
1017 1610 1110 1670 1997

352 1643 461 1703 vom:

624 1822 668 1882 ur
714 1814 1021 1874 Schnitzler

444 1815 523 1875 Ar

337 1879 618 1939 Drahtbericht
638 1879 801 1939 unseres
829 1885 1215 1945 Korrespondenten.

379 1928 433 1988 sy.
455 1932 573 1992 Wien,
601 1931 649 1991 21.
671 1932 816 1992 Oktober.
855 1935 968 1995 Heute
1001 1937 1108 1997 abend
1141 1940 1184 2000 um

343 1979 392 2039 ¾7
432 1977 497 2037 Uhr
542 1977 591 2037 ist
631 1978 691 2038 der
742 1982 907 2042 bekannte
957 1983 1095 2043 Dichter
1151 1987 1206 2047 Dr.

342 2025 477 2085 Arthur
510 2026 764 2086 Schnitzler
798 2029 829 2089 im
873 2031 938 2091 70.
961 2034 1198 2094 Lebensjahre

338 2073 434 2133 einem
483 2076 834 2136 Schlaganfall
861 2080 1082 2140 erlegen.
1126 2082 1201 2142 Ar¬

334 2121 417 2181 thur
447 2121 653 2181 Schnitzler,
693 2124 756 2184 der
806 2124 879 2184 noch
924 2126 953 2186 in
993 2127 1046 2187 den
1082 2130 1189 2190 letzten

335 2168 447 2228 Tagen
475 2168 708 2228 verschiedene
736 2171 894 2231 Freunde
922 2174 987 2234 und
1016 2174 1192 2234 Bekannte

331 2216 463 2276 besucht
493 2216 610 2276 hatte,
636 2216 832 2276 unternahm
881 2221 980 2281 heute
1015 2223 1092 2283 früh
1132 2226 1191 2286 wie

330 2264 537 2324 gewöhnlich
575 2264 681 2324 seinen
708 2269 1118 2329 Morgenspaziergang,
1134 2273 1192 2333 von

333 2310 385 2370 dem
433 2309 470 2369 er
502 2311 580 2371 kurz
613 2312 687 2372 nach
729 2314 766 2374 11
808 2314 871 2374 Uhr
909 2315 935 2375 in
973 2319 1056 2379 seine
1089 2321 1193 2381 Woh¬

325 2359 420 2419 nung
447 2359 707 2419 zurückkehrte.
745 2361 834 2421 Bald
862 2363 994 2423 darauf
1021 2367 1132 2427 klagte
1159 2369 1190 2429 er

330 2407 437 2467 seiner
484 2408 772 2468 Wirtschafterin
830 2413 1025 2473 gegenüber
1056 2411 1066 2471 —
1123 2416 1190 2476 Ar¬

327 2452 406 2512 thur
438 2455 623 2515 Schnitzler
655 2455 744 2515 lebte
776 2455 834 2515 von
871 2460 977 2520 seiner
1009 2461 1104 2521 Frau
1136 2464 1188 2524 ge¬

333 2502 467 2562 schieden
522 2500 538 2560 —
609 2503 695 2563 über
755 2503 890 2563 leichtes
945 2509 1188 2569 Unwohlsein.

324 2550 437 2610 Gegen
479 2550 623 2610 mittag,
655 2549 706 2609 als
748 2552 888 2612 Arthur
929 2555 1116 2615 Schnitzler
1152 2559 1177 2619 in

327 2595 430 2655 seinem
476 2597 776 2657 Arbeitszimmer
806 2602 879 2662 saß,
900 2601 993 2661 brach
1028 2604 1063 2664 er
1093 2605 1191 2665 plötz¬

318 2643 372 2703 lich
407 2646 609 2706 bewußtlos
639 2649 856 2709 zusammen.
896 2649 975 2709 Wie
1005 2650 1063 2710 der
1093 2652 1182 2712 Arzt

324 2691 432 2751 später
474 2694 671 2754 feststellte,
718 2694 858 2754 infolge
900 2697 993 2757 einer
1030 2700 1185 2760 Gehirn¬

314 2738 489 2798 blutung.
536 2740 639 2800 Ohne
676 2739 737 2799 das
774 2742 995 2802 Bewußtsein
1037 2747 1181 2807 wieder¬

317 2786 464 2846 erlangt
492 2788 523 2848 zu
555 2786 682 2846 haben,
704 2788 857 2848 verstarb
889 2790 946 2850 der
974 2792 1111 2852 Dichter
1143 2794 1174 2854 in

321 2832 378 2892 den
413 2833 679 2893 Abendstunden
716 2835 755 2895 um
802 2835 848 2895 ¾7
878 2836 970 2896 Uhr.
988 2837 1051 2897 Die
1081 2840 1185 2900 Nach¬

314 2881 402 2941 richt
427 2882 486 2942 von
528 2882 639 2942 seinem
682 2883 776 2943 Tode
824 2886 901 2946 rief
937 2888 1167 2948 allenthalben

318 2928 424 2988 tiefste
454 2929 660 2989 Teilnahme
691 2929 837 2989 hervor.

349 3027 432 3087 Ganz
457 3028 664 3088 überraschend
699 3030 807 3090 kommt
832 3031 886 3091 uns
916 3031 989 3091 diese
1015 3034 1177 3094 Nachricht.

313 3068 373 3128 Mit
402 3070 560 3130 Schnitzler
593 3073 663 3133 sinkt
692 3073 738 3133 ein
776 3074 967 3134 lebendigstes
1000 3076 1089 3136 Stück
1117 3076 1168 3136 von

313 3114 410 3174 Wiens
443 3115 612 3175 Kaiserzeit
640 3115 687 3175 ins
720 3115 822 3175 Grab.
865 3118 1014 3178 Innerlich
1048 3121 1173 3181 wurzelt

313 3153 341 3213 er
370 3156 442 3216 ganz
476 3159 504 3219 in
538 3157 624 3217 deren
658 3159 868 3219 Atmosphäre.
912 3160 969 3220 Die
998 3161 1069 3221 neue
1099 3165 1175 3225 Zeit,

313 3199 364 3259 mit
397 3200 476 3260 ihrem
528 3201 551 3261 so
589 3201 682 3261 völlig
720 3201 828 3261 anders
870 3204 1081 3264 eingestellten,
1114 3204 1174 3264 viel

311 3243 479 3303 strafferen,
501 3243 563 3303 viel
590 3243 722 3303 derberen
758 3243 984 3303 Lebenstempo,
1002 3246 1042 3306 ist
1064 3249 1156 3309 seinem

306 3286 396 3346 zarten
427 3288 482 3348 und
508 3288 704 3348 gemächlichen
735 3286 830 3346 Wesen
856 3290 881 3350 im
917 3290 1068 3350 Seelischen
1099 3292 1159 3352 stets

310 3329 546 3389 ferngeblieben.

348 3371 425 3431 Denn
456 3373 616 3433 Schnitzler
642 3373 704 3433 war
735 3373 776 3433 ein
808 3374 911 3434 stiller,
932 3375 1169 3435 nachdenklicher,

303 3414 461 3474 ironischer
490 3416 761 3476 Lebensgenießer.
808 3418 911 3478 Diesem
953 3419 1070 3479 Wiener
1103 3419 1163 3479 Typ

310 3458 405 3518 gehört
430 3458 458 3518 er
482 3458 535 3518 an,
560 3459 645 3519 diesen
679 3461 737 3521 Typ
771 3461 823 3521 hat
848 3461 876 3521 er
900 3461 909 3521 —
958 3462 987 3522 in
1016 3464 1164 3524 wahrhaft

300 3501 449 3561 klassischer
479 3502 588 3562 Weise,
608 3504 678 3564 darf
703 3503 767 3563 man
797 3505 876 3565 sagen
906 3503 921 3563 —
966 3506 1085 3566 fixiert.
1120 3507 1164 3567 Er

306 3545 380 3605 schuf
411 3544 477 3604 ihn,
502 3547 567 3607 noch
604 3547 653 3607 als
689 3547 795 3607 junger
831 3547 961 3607 Mensch,
992 3547 1017 3607 in
1058 3550 1148 3610 seinem

312 3586 471 3646 „Anatol",
500 3592 635 3652 zunächst
670 3589 755 3649 wohl
789 3592 856 3652 kaum
909 3592 998 3652 dabei
1039 3592 1072 3652 an
1118 3592 1163 3652 die

1551 303 1675 363 box
1753 309 1947 369 42/7

1268 1783 1372 1843 Bühne
1400 1786 1540 1846 denkend.
1581 1789 1617 1849 In
1649 1791 1694 1851 den
1726 1795 1962 1855 verschiedensten
1998 1801 2125 1861 Lebens¬

1265 1828 1369 1888 lagen,
1388 1831 1446 1891 doch
1479 1831 1523 1891 nie
1551 1833 1623 1893 ohne
1651 1834 1859 1894 Verliebtheit,
1883 1842 1946 1902 auch
1973 1843 2018 1903 nie
2051 1846 2118 1906 ohne

1266 1873 1568 1933 selbstpersiflierende
1621 1879 1885 1939 Schmerzlichkeit,
1934 1885 2010 1945 zeigt
2068 1885 2120 1945 uns

1261 1913 1418 1973 Schnitzler
1448 1917 1538 1977 diesen
1572 1919 1720 1979 eleganten
1754 1924 1873 1984 Wiener
1902 1929 2050 1989 Jüngling
2079 1930 2093 1990 —

1259 1953 1309 2013 von
1346 1958 1432 2018 dessen
1469 1959 1682 2019 Lebensberuf,
1710 1965 1778 2025 salls
1824 1965 1851 2025 er
1893 1970 1974 2030 einen
2020 1973 2111 2033 haben

1261 1998 1358 2058 sollte,
1387 1998 1438 2058 wir
1471 2002 1560 2062 nichts
1593 2004 1705 2064 ahnen,
1729 2007 1757 2067 in
1790 2010 1878 2070 dessen
1921 2015 2117 2075 leichtbeweg¬

1265 2042 1362 2102 liches,
1384 2048 1679 2108 leichtentzündliches
1705 2052 1777 2112 Herz
1804 2053 1860 2113 wir
1887 2056 1953 2116 aber
1980 2058 2042 2118 Zug
2068 2060 2114 2120 für

1232 3037 1288 3097 Zug
1319 3039 1551 3099 hineinschauen.
1588 3044 1639 3104 Ein
1676 3049 2083 3109 Kaffeehaus=Lebejüngling

1229 3077 1292 3137 mag
1320 3082 1347 3142 er
1374 3082 1452 3142 wohl
1475 3085 1547 3145 sein,
1571 3087 1647 3147 wenn
1680 3089 1738 3149 auch
1771 3089 1820 3149 von
1853 3092 1898 3152 der
1926 3097 2089 3157 verfeiner¬

1225 3121 1306 3181 testen
1345 3124 1412 3184 Art.
1450 3126 1537 3186 Wäre
1561 3127 1589 3187 er
1619 3129 1681 3189 dies
1705 3131 1791 3191 nicht,
1811 3132 1839 3192 er
1864 3134 1940 3194 wäre
1965 3138 1993 3198 ja
2023 3138 2079 3198 kein

1228 3165 1314 3225 echter
1343 3167 1477 3227 Wiener.
1516 3170 1583 3230 Und
1613 3171 1636 3231 so
1665 3173 1703 3233 ist
1728 3174 1794 3234 denn
1828 3177 1891 3237 auch
1925 3180 2083 3240 Schnitzler

1226 3207 1307 3267 selbst
1331 3208 1384 3268 von
1423 3210 1499 3270 einem
1538 3214 1696 3274 literarisch
1725 3219 1932 3279 interessierten
1966 3224 2081 3284 Kaffee¬

1223 3250 1387 3310 hauskreise
1411 3253 1552 3313 natürlich
1580 3257 1664 3317 unter
1688 3259 1735 3319 den
1764 3262 1834 3322 (hier
1858 3264 1985 3324 anfangs
2013 3267 2078 3327 leise

1224 3297 1501 3357 widerstrebenden)
1521 3300 1631 3360 Weihen
1650 3304 1793 3364 Hermann
1813 3306 1927 3366 Bahrs,
1947 3309 2076 3369 zunächst

1224 3335 1342 3395 entdeckt
1372 3339 1510 3399 worden.
1550 3346 1702 3406 Gleichsam
1748 3347 1787 3407 ein
1822 3348 1940 3408 Wiener
1975 3352 2077 3412 Lokal¬

1216 3378 1375 3438 ereignis.

1255 3422 1325 3482 Doch
1355 3425 1415 3485 sehr
1441 3427 1512 3487 rasch
1542 3428 1633 3488 wuchs
1658 3432 1689 3492 er
1714 3433 1779 3493 über
1805 3434 1855 3494 das
1881 3434 1986 3494 Lokale
2007 3436 2077 3496 hin¬

1217 3464 1286 3524 aus.
1301 3467 1338 3527 In
1366 3469 1464 3529 Berlin
1493 3472 1567 3532 faßte
1587 3476 1670 3536 man,
1685 3476 1755 3536 seine
1774 3476 1942 3536 vornehme,
1956 3482 2072 3542 geistige

1217 3509 1360 3569 Qualität
1389 3512 1561 3572 erkennend,
1586 3518 1705 3578 alsbald
1734 3520 1877 3580 Interesse
1916 3520 1968 3580 für
2007 3524 2074 3584 ihn,

1222 3553 1274 3613 und
1298 3553 1369 3613 ganz
1394 3556 1579 3616 Deutschland
1604 3562 1727 3622 stimmte
1747 3562 1794 3622 dem
1828 3563 1875 3623 zu.
1909 3562 1985 3622 Auch
2009 3564 2071 3624 Pa¬

1219 3596 1276 3656 ris,
1298 3598 1435 3658 London,
1457 3600 1515 3660 New
1558 3602 1636 3662 York
1663 3606 1715 3666 und
1748 3607 1790 3667 die
1822 3607 1943 3667 anderen
1975 3610 2070 3670 Welt¬

2175 1806 2267 1866 städte
2293 1810 2380 1870 ließen
2417 1812 2462 1872 sich
2494 1813 2545 1873 von
2576 1818 2730 1878 Schnitzler
2772 1821 2864 1881 willig
2905 1828 3044 1888 erobern,

2180 1849 2284 1909 Seinem
2321 1855 2517 1915 bestrickenden
2549 1858 2653 1918 Scharm
2690 1861 2790 1921 konnte
2813 1864 2876 1924 eben
2904 1867 3040 1927 niemand

2176 1894 2376 1954 widerstehen.
2420 1897 2482 1957 Und
2526 1900 2602 1960 seine
2641 1905 2808 1965 kultivierte
2847 1909 3038 1969 vibrierende

2173 1937 2433 1997 Empfindsamkeit
2457 1941 2573 2001 gewann
2606 1944 2652 2004 ihm
2690 1949 2731 2009 die
2755 1950 2880 2010 Herzen,
2899 1953 3038 2013 nament¬

2171 1978 2217 2038 lich
2241 1980 2287 2040 der
2311 1981 2445 2041 Frauen.
2479 1984 2548 2044 Sein
2577 1988 2660 2048 erster
2684 1991 2786 2051 großer
2810 1995 2907 2055 Erfolg
2936 1998 3033 2058 wurde

2173 2019 2272 2079 (1895)
2293 2024 2469 2084 „Liebelei“.
2490 2025 2549 2085 Alle
2570 2031 2781 2091 Eigenschaften
2807 2036 2852 2096 des
2878 2039 3028 2099 Menschen

2169 2061 2223 2121 und
2253 2065 2404 2125 Künstlers
2434 2069 2591 2129 Schnitzler
2616 2075 2723 2135 blitzten
2759 2077 2837 2137 darin
2871 2082 2935 2142 auf,
2960 2085 3033 2145 seine

2163 2106 2253 2166 ganze
2283 2109 2605 2169 Liebenswürdigkeit,
2630 2118 2672 2178 all
2697 2121 2773 2181 seine
2803 2126 2932 2186 Grazie,
2957 2127 3033 2187 nicht

2164 2149 2276 2209 minder
2309 2150 2383 2210 seine
2416 2153 2467 2213 von
2505 2158 2617 2218 Tragik
2654 2161 2855 2221 umwitterte,
2888 2168 3027 2228 ironische

2158 2192 2450 2252 Lebensstimmung.
2484 2198 2560 2258 Aber
2580 2201 2709 2261 darüber
2729 2207 2834 2267 hinaus
2859 2211 2949 2271 zeigte
2969 2213 3031 2273 sich,

2167 2232 2216 2292 wie
2236 2237 2319 2297 sicher
2339 2237 2368 2297 er
2393 2237 2441 2297 das
2466 2243 2613 2303 Szenische
2638 2245 2686 2305 der
2711 2249 2814 2309 Bühne
2839 2254 3029 2314 beherrschte.

2203 2280 2258 2340 Mit
2294 2285 2497 2345 „Freiwild",
2523 2286 2573 2346 dem
2620 2293 2796 2353 „Einsamen
2833 2299 2944 2359 Weg",
2970 2303 3020 2363 den

2160 2325 2313 2385 Einaktern
2351 2328 2397 2388 des
2435 2331 2574 2391 „Grünen
2612 2335 2770 2395 Kakadu",
2803 2341 2877 2401 dann
2925 2346 3022 2406 später

2156 2366 2205 2426 dem
2249 2371 2381 2431 „Jungen
2411 2373 2623 2433 Medardus",
2648 2378 2696 2438 dem
2751 2382 2878 2442 „Weiten
2909 2386 3030 2446 Land",

2163 2410 2251 2470 „Fink
2271 2410 2325 2470 und
2350 2415 2591 2475 Fliederbusch",
2606 2420 2640 2480 um
2675 2422 2728 2482 nur
2754 2425 2846 2485 einige
2871 2427 2916 2487 der
2941 2431 3023 2491 wich¬

2157 2451 2250 2511 tigsten
2285 2455 2437 2515 Komödien
2467 2460 2496 2520 zu
2526 2461 2654 2521 nennen,
2674 2467 2747 2527 faßte
2772 2471 2929 2531 Schnitzler
2949 2473 3022 2533 wei¬

2153 2492 2192 2552 ter
2218 2497 2303 2557 festen
2334 2500 2394 2560 Fuß
2430 2500 2484 2560 auf
2510 2501 2555 2561 der
2586 2505 2706 2565 Bühne.
2757 2509 2817 2569 Und
2868 2513 2922 2573 erst
2963 2517 3013 2577 die

2152 2538 2280 2598 neueste,
2295 2541 2386 2601 gewiß
2415 2542 2486 2602 nicht
2506 2545 2659 2605 besonders
2683 2552 2850 2612 erfreuliche
2875 2556 3018 2616 Entwick¬

2153 2580 2219 2640 lung
2248 2582 2300 2642 hat
2325 2583 2367 2643 ihn
2401 2585 2477 2645 einen
2507 2589 2645 2649 seltneren
2674 2593 2750 2653 Gast
2774 2595 2822 2655 auf
2846 2598 2893 2658 den
2927 2600 3013 2660 Bret¬

2148 2622 2206 2682 tern
2246 2622 2354 2682 werden
2394 2627 2502 2687 lassen.
2542 2633 2742 2693 Gelegentlich
2772 2640 2826 2700 gab
2866 2640 2895 2700 es
2945 2646 3008 2706 auch

2151 2664 2249 2724 Streit
2277 2667 2309 2727 um
2347 2669 2393 2729 ihn
2426 2667 2435 2727 —
2487 2672 2566 2732 welch
2594 2676 2677 2736 echtem
2720 2682 2906 2742 Dramatiker
2930 2687 3008 2747 hätte

2150 2704 2199 2764 der
2220 2707 2310 2767 fehlen
2341 2711 2466 2771 dürfen!
2502 2714 2572 2774 Wer
2604 2719 2734 2779 erinnert
2765 2724 2810 2784 sich
2851 2726 2925 2786 nicht
2956 2729 3006 2789 der

2151 2748 2295 2808 Skandale
2319 2753 2370 2813 und
2398 2755 2444 2815 des
2468 2758 2636 2818 Prozesses,
2650 2762 2691 2822 die
2715 2762 2757 2822 sich
2781 2762 2789 2822 —
2837 2768 2915 2828 wann
2944 2771 3004 2831 war

2145 2786 2173 2846 es
2202 2792 2264 2852 doch
2293 2795 2465 2855 eigentlich?
2489 2796 2503 2856 —
2556 2803 2589 2863 um
2633 2804 2675 2864 die
2700 2807 2886 2867 Dialogserie
2924 2816 3005 2876 „Der

2153 2831 2275 2891 Reigen"
2305 2836 2349 2896 bei
2374 2839 2427 2899 uns
2452 2840 2501 2900 ent
2516 2842 2618 2902 pann?
2653 2847 2750 2907 Lang,
2771 2852 2834 2912 lang
2864 2855 2922 2915 ist's
2947 2856 3010 2916 her,

2146 2879 2246 2939 möchte
2271 2882 2331 2942 man
2358 2884 2457 2944 sagen.
2493 2887 2563 2947 Ach,
2580 2890 2634 2950 und
2660 2893 2685 2953 es
2710 2894 2770 2954 war
2796 2897 2856 2957 doch
2882 2901 3002 2961 beinahe

2145 2921 2327 2981 vorgestern.

2181 2965 2247 3025 Doch
2276 2968 2347 3028 nicht
2372 2971 2419 3031 dem
2463 2974 2648 3034 Dramatiker
2673 2980 2758 3040 allein
2788 2983 2854 3043 darf
2878 2986 2935 3046 man
2969 2990 2992 3050 in

2142 3010 2295 3070 Schnitzler
2324 3017 2482 3077 huldigen.
2531 3019 2574 3079 Er
2603 3021 2665 3081 war
2694 3022 2756 3082 auch
2791 3026 2833 3086 ein
2867 3031 2996 3091 überaus

2145 3052 2232 3112 seiner
2258 3055 2417 3115 Erzähler.
2454 3059 2525 3119 Hier
2557 3064 2628 3124 ganz
2655 3067 2808 3127 besonders
2845 3073 2922 3133 zeigt
2948 3075 2994 3135 sich

2139 3092 2200 3152 eine
2225 3097 2315 3157 seiner
2344 3100 2506 3160 erlesensten
2535 3104 2660 3164 Gaben:
2679 3108 2750 3168 seine
2780 3113 2908 3173 eminent
2933 3116 2999 3176 sub¬

2140 3136 2190 3196 tile
2214 3138 2308 3198 Kunst
2331 3144 2565 3204 zergliedernder
2598 3150 2846 3210 Seelenmalerei.
2889 3159 3000 3219 Zumal

2137 3180 2160 3240 in
2189 3180 2277 3240 seinen
2306 3184 2464 3244 Novellen,
2478 3189 2529 3249 vor
2553 3191 2623 3251 allem
2660 3193 2683 3253 in
2712 3198 3001 3258 „Dämmerseelen",

2132 3221 2203 3281 dann
2233 3224 2294 3284 auch
2314 3226 2337 3286 in
2362 3228 2500 3288 „Masken
2525 3232 2578 3292 und
2602 3235 2770 3295 Wunder",
2780 3241 2875 3301 „Frau
2904 3243 2990 3303 Beate

2138 3264 2187 3324 und
2217 3266 2260 3326 ihr
2285 3266 2388 3326 Sohn"
2418 3273 2471 3333 und
2497 3276 2595 3336 zuletzt
2620 3277 2683 3337 noch
2708 3282 2870 3342 „Fräulein
2895 3285 2978 3345 Else“

2133 3309 2284 3369 entwickelt
2304 3312 2344 3372 sich
2371 3315 2471 3375 höchste
2497 3319 2704 3379 Meisterschaft
2720 3321 2745 3381 in
2771 3326 2993 3386 prägnantester

2130 3350 2236 3410 Kürze.
2279 3353 2362 3413 Kaum
2409 3357 2521 3417 minder
2559 3362 2693 3422 verraten
2726 3367 2898 3427 Schnitzlers
2927 3370 2991 3430 Ro¬

2131 3392 2226 3452 mane,
2241 3395 2291 3455 vor
2317 3397 2387 3457 allem
2423 3401 2503 3461 „Der
2524 3403 2589 3463 Weg
2615 3407 2659 3467 ins
2685 3410 2806 3470 Freie",
2822 3410 2866 3470 den
2892 3416 2982 3476 hohen

2127 3437 2243 3497 Könner
2295 3440 2346 3500 wie
2379 3443 2496 3503 überall
2529 3447 2589 3507 auch
2623 3450 2674 3510 den
2712 3455 2983 3515 stimmungsvollen

2128 3479 2248 3539 Poeten.
2292 3482 2355 3542 Und
2379 3485 2436 3545 fast
2456 3488 2654 3548 allenthalben
2683 3494 2721 3554 ist
2741 3494 2769 3554 es
2800 3497 2842 3557 die
2872 3498 2987 3558 Wiener

2128 3523 2333 3583 Atmosphäre,
2350 3526 2394 3586 die
2420 3528 2475 3588 uns
2495 3532 2651 3592 umstrickt;
2672 3536 2833 3596 manchmal
2854 3541 2984 3601 gestreit

2127 3563 2173 3623 von
2207 3567 2285 3627 einem
2328 3570 2510 3630 wärmenden
2543 3575 2631 3635 Hauch
2665 3577 2711 3637 des
2740 3579 2879 3639 Südens.
2927 3583 2982 3643 Die

2121 3610 2211 3670 ganze
2232 3613 2396 3673 Klaviatur
2419 3616 2465 3676 des
2487 3619 2683 3679 wienerischen
2711 3623 2906 3683 Empfindens
2928 3625 2980 3685 hat

3092 1828 3123 1888 er
3150 1829 3201 1889 wie
3228 1834 3267 1894 ein
3301 1835 3384 1895 Virti

3093 1871 3149 1931 mit
3183 1876 3268 1936 leiser
3308 1879 3370 1939 zwe

3088 1915 3205 1975 innexer
3237 1918 3333 1978 Kälte.

3091 1955 3131 2015 ihm
3173 1960 3266 2020 kamen
3291 1962 3378 2022 imsi

3094 2000 3183 2060 lente,
3206 2004 3268 2064 gibt
3296 2004 3324 2064 es
3353 2005 3369 2065 k

3085 2046 3224 2106 innerlich
3249 2048 3371 2108 verpflid

3087 2085 3137 2145 auf
3155 2088 3194 2148 die
3218 2091 3382 2151 Stilbildun

3085 2128 3129 2188 als
3157 2130 3202 2190 bei
3219 2134 3363 2194 Hofmann

3084 2171 3245 2231 Dichtung,
3261 2175 3287 2235 so
3319 2176 3365 2236 ver

3084 2216 3140 2276 eine
3166 2216 3258 2276 seiner
3285 2219 3366 2279 reprä

3083 2259 3141 2319 jetzt
3158 2261 3274 2321 planten
3301 2261 3381 2321 manc

3080 2300 3126 2360 70.
3153 2303 3373 2363 Geburtstage,

3079 2343 3189 2403 menden
3221 2347 3330 2407 Jahres

3077 2386 3165 2446 seiner
3197 2389 3348 2449 Dramen.

3074 2431 3161 2491 feiern
3200 2433 3325 2493 werden.
