3436 4384
146 336 266 396 12.

343 339 916 399 Schnitzlers
986 338 1213 398 Death

202 1438 916 1498 OBSERVER

294 1506 321 1566 I.
335 1503 454 1563 österr.
464 1499 614 1559 behördl.
629 1490 931 1550 konzessioniertes

255 1548 486 1608 Unternehmen
513 1539 563 1599 für
586 1529 972 1589 Zeitungs-Ausschnitte

304 1611 456 1671 WIEN,
483 1604 530 1664 I.,
557 1594 836 1654 WOLLZEILE
883 1586 929 1646 11

494 1644 625 1704 DOHON
663 1645 831 1705 R-23-0-43

608 1984 805 2044 193

371 2192 778 2252 Wien-dramatiker
808 2206 859 2266 ur
887 2211 991 2271 tiden

301 2238 356 2298 len
388 2242 423 2302 21
447 2247 577 2307 oktober
602 2254 688 2314 nvled
720 2259 732 2319 1
756 2264 839 2324 Whn
867 2268 922 2328 den
954 2276 1088 2336 bekante

253 2280 468 2340 dramntikern
506 2292 620 2352 rthur
647 2299 825 2359 Sehuitter
851 2307 862 2367 1
881 2310 914 2370 eu
941 2316 1029 2376 alder
1052 2320 1089 2380 uy

325 2321 379 2381 ar.
411 2327 540 2387 Myeket
572 2336 743 2396 produktty
783 2345 833 2405 och
877 2352 1014 2412 populir
1049 2360 1084 2420 ha

254 2358 333 2418 hans
364 2365 470 2425 pjiser
501 2372 622 2432 sjwlats
653 2378 664 2438 p
718 2382 763 2442 all
790 2388 941 2448 virldeus
968 2396 1093 2456 seener.

251 2397 304 2457 och
333 2402 407 2462 Aven
436 2404 492 2464 hos
518 2408 567 2468 oss
596 2414 648 2474 hur
678 2420 755 2480 hans
780 2424 869 2484 namn
901 2432 965 2492 ofta
997 2439 1085 2499 syuts

249 2438 279 2498 pa
310 2445 512 2505 repertonren
543 2455 695 2515 allisedan
726 2463 817 2523 1S,
832 2467 866 2527 da
893 2473 973 2533 hans
996 2477 1087 2537 »Lle-

247 2477 342 2537 hlel»
374 2486 528 2546 (Alskog)
557 2496 655 2556 fôrsta
688 2503 806 2563 gângen
838 2507 905 2567 stod
941 2514 973 2574 pa
1009 2519 1092 2579 Dru-

251 2522 370 2582 matens
394 2530 560 2590 program.
577 2537 676 2597 lland
704 2541 735 2601 de
759 2547 886 2607 pjiser,
902 2552 953 2612 som
989 2558 1084 2618 glyiis

275 2573 482 2633 Stokholm,
501 2580 558 2640 kau
592 2586 698 2646 vldare
729 2593 860 2653 uinnas
891 2600 1065 2660 eunktarin

250 2611 484 2671 ktnr»,
511 2620 594 2680 »n
636 2626 711 2686 ssta
749 2636 979 2696 mnskernden»
1014 2644 1062 2704 ach

243 2647 357 2707 »rônn
390 2660 608 2720 ppegojan»,
630 2667 682 2727 som
723 2672 800 2732 guvs
830 2676 841 2736 p
893 2682 1062 2742 Dramaten

236 2688 320 2748 110,
343 2695 500 2755 »Anatol»
531 2704 565 2764 pa
596 2706 718 2766 samma
749 2713 853 2773 tenter
888 2720 975 2780 1912,
999 2726 1071 2786 »ln-

235 2730 411 2790 termezzo»
437 2739 466 2799 pa
496 2743 632 2803 lntimnn
661 2749 749 2809 1U1.
764 2756 951 2816 »Professor
977 2764 1072 2824 leru-

227 2769 334 2829 hrdl»
358 2776 445 2836 11.
465 2781 544 2841 »t
568 2785 635 2845 vidu
663 2791 789 2851 landet»
814 2796 904 2856 1015.
921 2805 1063 2865 »Ordens

231 2810 406 2870 komedler»
430 2817 501 2877 117
526 2821 577 2881 och
605 2826 700 2886 »Fluk
732 2832 787 2892 und
820 2839 1066 2899 Fllederbusch»

231 2849 311 2909 .
331 2855 475 2915 samtzn
503 2863 514 2923 p
564 2868 759 2928 raiten.
775 2878 1004 2938 »Paracelsus»
1027 2886 1038 2946 j

221 2889 357 2949 Svenskn
390 2899 512 2959 teuteru
541 2902 591 2962 uch
624 2908 638 2968 p
692 2916 958 2976 llanchetentern
995 2925 1055 2985 med

224 2928 338 2988 Molssi
362 2936 449 2996 1021.
469 2943 622 3003 »Alsko»
650 2949 725 3009 gavs
753 2954 764 3014 1
788 2957 886 3017 repris
915 2962 949 3022 pa
981 2964 1040 3024 lrn

224 2972 319 3032 muten
353 2977 440 3037 1122.
456 2980 508 3040 och
539 2985 584 3045 12
630 2989 695 3049 stod
726 2996 915 3056 frfattaren
946 3006 1052 3066 senast

221 3012 232 3072 p
298 3020 581 3080 nationnlseenens
618 3029 750 3089 prograi
805 3036 867 3096 med
904 3042 966 3102 »Ea
1003 3048 1040 3108 uv

219 3052 412 3112 skedssup»
441 3060 493 3120 och
522 3066 607 3126 »len
639 3071 720 3131 storn
753 3077 886 3137 seonens

1438 333 1558 393 box
1642 336 1867 396 43/20

1280 1346 2076 1406 OBSERVER“

1366 1402 1388 1462 I.
1398 1402 1520 1462 österr.
1530 1402 1681 1462 behördl.
1695 1405 1992 1465 konzessioniertes

1311 1444 1550 1504 Unternehmen
1583 1445 1629 1505 für
1652 1447 2043 1507 Zeitungs-Ausschnitte

1370 1503 1515 1563 WIEN,
1542 1506 1589 1566 I.,
1616 1506 1902 1566 WOLLZEILE
1949 1507 1988 1567 11

1465 1557 1686 1617 TELEPHON
1719 1560 1896 1620 R-23-0-43

1182 1754 1380 1814 ar
1459 1772 1781 1832 Gr

1550 1951 1658 2011 ///
1724 1957 1744 2017 M

1187 2043 1234 2103 som
1276 2041 1380 2101 gjorde
1397 2041 1429 2101 en
1455 2041 1567 2101 myeket
1593 2041 1664 2101 rolig
1690 2041 1730 2101 typ
1764 2041 1787 2101 ew
1820 2041 1997 2101 borgmästa¬

1212 2086 1292 2146 rinna
1343 2086 1357 2146 i
1383 2083 1554 2143 Köpenick.
1580 2080 1681 2140 (Ovan
1712 2083 1741 2143 l.
1762 2083 1812 2143 h.)

1215 3122 1316 3182 Arthur
1345 3118 1507 3178 Schnitzler
1540 3117 1592 3177 har
1625 3116 1677 3176 den
1710 3116 1742 3176 21
1771 3116 1836 3176 okt.
1857 3116 1966 3176 anlidit

1214 3158 1301 3218 Wien,
1321 3158 1352 3218 60
1384 3158 1415 3218 ar
1447 3158 1593 3218 gammal.
1625 3155 1664 3215 En
1696 3158 1707 3218 i
1731 3156 1805 3216 flera
1838 3155 1999 3215 apseenden

1207 3200 1371 3260 betydande
1399 3197 1550 3257 fôrfattare
1578 3197 1632 3257 har
1660 3197 1722 3257 med
1754 3197 1843 3257 honom
1883 3195 1945 3255 gûtt
1969 3195 1999 3255 ur

1210 3240 1306 3300 tiden,
1339 3239 1419 3299 Hans
1452 3237 1569 3297 stycken
1606 3236 1743 3296 spelades
1776 3236 1864 3296 flitigt
1893 3236 1965 3296 bade

1213 3277 1289 3337 Wien
1330 3277 1475 3337 Tyskland
1508 3277 1556 3337 och
1592 3277 1685 3337 andra
1718 3274 1839 3334 lander;
1868 3274 1908 3334 ett
1936 3273 2004 3333 fler-

1277 3320 1319 3380 tal
1344 3320 1441 3380 pjäser
1466 3319 1500 3379 ha
1530 3319 1668 3379 uppfórts
1689 3316 1777 3376 ocksa
1807 3314 1861 3374 hos
1883 3314 1946 3374 oss,

2263 300 2376 360 vom:

2346 385 2504 445 Bladet:

2328 510 2728 570 Ahhotss
2775 517 2968 577 Mtadih

2734 670 2944 730 2,NOV.
2957 679 3038 739 193

2348 673 2492 733 skriver
2517 679 2582 739 den

2288 811 2507 871 Arthur
2590 811 2981 871 Schnitzler.

2436 921 2556 981 Arnold
2588 918 2681 978 el
2698 921 2996 981 fortullerler-

2344 970 2484 1030 ner
2512 972 2693 1032 Tagehlalt"
2720 971 2753 1031 om
2795 972 2848 1032 den
2876 971 2995 1031 ostrig-

2410 1021 2457 1081 ske
2493 1023 2599 1083 Digter
2630 1020 2748 1080 Arthur
2784 1020 2973 1080 Schnitzler:

2333 1094 2450 1154 rorste
2479 1094 2596 1154 Gang,
2608 1091 2742 1151 hedder
2765 1092 2844 1152 det,
2856 1094 2906 1154 jeg
2935 1090 3001 1150 tal¬

2289 1145 2323 1205 le
2354 1146 2425 1206 med
2461 1145 2593 1205 Arthur
2618 1142 2831 1202 Schnitzler,
2852 1142 2907 1202 var
2938 1139 2998 1199 un¬

2295 1196 2349 1256 der
2375 1196 2523 1256 Krigeni
2539 1195 2577 1255 en
2603 1193 2781 1253 overfyldt
2801 1193 2999 1253 Sporvogn.

2304 1247 2341 1307 Vi
2363 1249 2431 1309 steg
2464 1247 2501 1307 ud
2533 1244 2715 1304 samtidig,
2737 1244 2773 1304 da
2806 1243 2869 1303 min
2897 1242 2992 1302 Bolig

2296 1294 2355 1354 var
2381 1297 2395 1357 i
2421 1294 2616 1354 Nærheden
2646 1294 2681 1354 af
2706 1293 2791 1353 hans
2827 1291 2931 1351 Villa.

2293 1346 2419 1406 fuigtes
2445 1345 2475 1405 ad
2506 1345 2602 1405 nogle
2623 1342 2765 1402 Skridt,
2776 1345 2811 1405 og
2888 1340 2994 1400 rede

2296 1393 2335 1453 da
2356 1396 2467 1456 sagde
2488 1396 2548 1456 han
2579 1396 2609 1456 et
2630 1396 2690 1456 Par
2711 1393 2812 1453 oplys
2888 1392 2908 1452 e
2929 1390 2989 1450 Ord

2290 1447 2329 1507 om
2374 1448 2429 1508 sig
2464 1444 2557 1504 selv.

2346 1496 2489 1556 Digter?
2534 1494 2597 1554 Jeg
2652 1494 2686 1554 er
2716 1494 2770 1554 for
2795 1494 2854 1554 det
2879 1494 3006 1554 forste,

2291 1545 2398 1605 andet
2430 1548 2465 1608 og
2502 1545 2614 1605 tredie
2652 1545 2775 1605 Lage.
2811 1545 2872 1605 Jeg
2909 1545 3001 1605 foler

2302 1597 2361 1657 mig
2401 1599 2500 1659 langt
2531 1596 2624 1656 mere
2660 1593 2734 1653 somn
2774 1594 2873 1654 Læge
2933 1593 2997 1653 end

2307 1647 2355 1707 som
2409 1645 2602 1705 Forkatter.
2641 1644 2733 1704 Mine
2767 1644 2917 1704 Værker
2971 1644 3009 1704 er

2303 1695 2553 1755 udelukkende
2592 1695 2809 1755 Diagnoser.

2347 1744 2443 1804 Efter
2495 1745 2622 1805 mange
2658 1742 2750 1802 Aars
2801 1742 3015 1802 Samkvem.

2311 1796 2367 1856 der
2394 1796 2445 1856 for
2471 1796 2538 1856 mig
2569 1793 2667 1853 betod
2698 1793 2842 1853 Lykke,
2859 1794 2915 1854 saa
2947 1797 2998 1857 jeg

2308 1847 2368 1907 ham
2409 1844 2519 1904 sidste
2545 1846 2635 1906 Gang
2667 1845 2711 1905 tre
2742 1844 2838 1904 Dage
2863 1844 2913 1904 for
2939 1844 2999 1904 han

2310 1896 2415 1956 dode.
2440 1897 2507 1957 Han
2536 1895 2593 1955 saa
2618 1895 2747 1955 daarlig
2777 1895 2839 1955 ud,
2854 1894 2911 1954 det
2931 1892 3012 1952 hav¬

2307 1946 2346 2006 de
2376 1945 2440 2005 han
2470 1945 2568 2005 gjort
2589 1945 2652 2005 den
2682 1942 2795 2002 sidste
2825 1942 2904 2002 Tid;
2929 1943 3002 2003 men

2312 1996 2344 2056 nu
2387 1994 2448 2054 var
2481 1996 2542 2056 han
2580 1993 2670 2053 uden
2708 1993 2773 2053 den
2816 1993 2910 2053 Aand
2972 1999 3009 2059 og

2312 2046 2533 2106 Lidenskab,
2554 2043 2617 2103 der
2647 2043 2750 2103 ellers
2785 2044 2898 2104 livede
2929 2047 2967 2107 op

2307 2096 2395 2156 hans
2425 2096 2552 2156 gustne
2586 2095 2728 2155 Ansigt.

2349 2146 2421 2206 Han
2456 2146 2538 2206 talte
2572 2144 2649 2204 med
2689 2144 2756 2204 mig
2791 2146 2829 2206 om
2878 2143 2926 2203 sin
2966 2142 2994 2202 le

2308 2196 2457 2256 gemlige
2489 2193 2665 2253 Tilstand,
2681 2196 2711 2256 og
2743 2195 2805 2255 han
2836 2193 3012 2253 bekendte

2316 2250 2355 2310 sig
2390 2244 2567 2304 smilende
2602 2244 2661 2304 som
2736 2244 2775 2304 en
2834 2244 3012 2304 ulyksalig

2311 2298 2476 2358 Blanding
2509 2295 2546 2355 af
2568 2295 2669 2355 Læge
2702 2297 2739 2357 og
2771 2294 3011 2354 Hypokonder

2318 2351 2349 2411 og
2381 2346 2524 2406 stillede
2556 2346 2629 2406 selv
2667 2346 2889 2406 Diagnosen.
2927 2346 3016 2406 Nog¬

2317 2396 2362 2456 les
2388 2396 2438 2456 lod
2464 2396 2524 2456 paa
2556 2394 2591 2454 en
2617 2393 2748 2453 nervos
2774 2393 3023 2453 Mavelidelse,

2317 2450 2389 2510 mon
2431 2447 2493 2507 der
2529 2447 2586 2507 var
2623 2446 2721 2506 dem,
2747 2447 2804 2507 som
2856 2444 2907 2504 lod
2944 2444 3021 2504 for¬

2318 2498 2423 2558 mode
2456 2498 2535 2558 det,
2562 2497 2624 2557 der
2662 2496 2720 2556 var
2758 2495 2889 2555 værre.
2938 2492 3011 2552 Kun

2322 2546 2474 2606 Hjertet,
2490 2546 2598 2606 sagde
2623 2546 2711 2606 han,
2731 2547 2765 2607 er
2790 2545 3022 2605 overrasken¬

2316 2599 2357 2659 de
2383 2596 2507 2656 sundt.
2534 2594 2580 2654 Et
2602 2595 2664 2655 Par
2690 2596 2799 2656 Dusin
2831 2593 2945 2653 Timer
2972 2591 3028 2651 se¬

2315 2650 2393 2710 nere
2431 2644 2625 2704 standsede
2663 2644 2757 2704 dette
2794 2647 2947 2707 Hjerte;
2974 2644 3026 2704 in¬

2314 2701 2374 2761 gen
2409 2698 2448 2758 af
2474 2695 2514 2755 de
2549 2695 2658 2755 andre
2694 2695 2929 2755 Sygdomme,
2954 2695 3023 2755 vir¬

2318 2748 2433 2808 kelige
2468 2746 2553 2806 eller
2588 2743 2783 2803 indbildte,
2807 2746 2852 2806 fik
2887 2746 2945 2806 Tid
2985 2744 3030 2804 til

2319 2800 2358 2860 at
2384 2799 2463 2859 gore
2494 2797 2558 2857 det
2583 2797 2617 2857 af
2643 2797 2722 2857 med
2758 2794 2856 2854 ham.

2365 2853 2458 2913 vem
2505 2853 2572 2913 der
2620 2851 2692 2911 bar
2745 2850 2859 2910 kendt
2891 2850 3020 2910 Arthur

2325 2904 2516 2964 Schnitzler
2551 2906 2561 2966 i
2591 2904 2674 2964 hans
2709 2904 2816 2964 sidste
2851 2901 2939 2961 Aar,
2964 2901 3028 2961 be¬

2328 2957 2428 3017 varer
2460 2955 2597 3015 Mindet
2625 2955 2661 3015 om
2715 2955 2751 3015 et
2778 2953 2883 3013 stort,
2905 2952 3032 3012 «delt,

2323 3007 2442 3067 emukt
2464 3006 2499 3066 og
2532 3006 2593 3066 frit
2610 3004 2787 3064 smilende
2818 3001 3032 3061 Menpeske,

2326 3056 2401 3116 hvis
2426 3056 2628 3116 personlige
2654 3053 2835 3113 tiltalende
2867 3053 2901 3113 og
2932 3050 3027 3110 mun¬

2330 3109 2376 3169 tre
2412 3107 2615 3167 fornemme
2672 3104 2848 3164 Holdning
2916 3104 3025 3164 aldrig

2326 3158 2505 3218 svigtede,
2520 3158 2592 3218 men
2622 3155 2679 3215 som
2719 3155 2801 3215 altid
2831 3154 2908 3214 blev
2938 3152 3029 3212 mere

2332 3209 2529 3269 ulykkelig.
2560 3206 2725 3266 Grunden
2763 3205 2871 3265 hertil
2898 3203 2954 3263 var
2981 3204 3037 3264 ik-

2326 3259 2365 3319 ke
2396 3256 2495 3316 alene
2525 3256 2763 3316 Tragedierne
2794 3254 2808 3314 1
2828 3253 2912 3313 hans
2943 3253 3022 3313 egen

2326 3308 2473 3368 Familie
2504 3305 2544 3365 og
2580 3306 2661 3366 hans
2698 3304 2788 3364 ædle
2825 3304 2890 3364 Ven
2927 3304 3028 3364 Hugo

2331 3356 2384 3416 von
2414 3358 2710 3418 Hofmannsthals
2739 3355 2831 3415 Dod.
2856 3352 3026 3412 Grunden

2334 3409 2393 3469 kan
2438 3406 2570 3466 enhver
2605 3406 2689 3466 læse
2729 3406 2777 3466 sig
2817 3406 2861 3466 til
2892 3403 2906 3463 1
2941 3403 3029 3463 hans

2341 3457 2476 3517 Værker
2507 3457 2593 3517 efter
2623 3456 2724 3516 1918.
2760 3456 2881 3516 Denne
2917 3454 3037 3514 Mand.

2331 3509 2444 3569 denne
2474 3507 2612 3567 Digter,
2627 3504 2745 3564 denne
2776 3504 2874 3564 Læge
2899 3502 3032 3562 tænkte

2334 3560 2367 3620 nu
2401 3558 2464 3618 kun
2493 3558 2555 3618 paa
2585 3557 2676 3617 dette
2705 3555 2744 3615 at
2764 3555 2855 3615 blive
2879 3554 3038 3614 gammel

2331 3612 2364 3672 og
2399 3612 2461 3672 paa
2496 3606 2641 3666 Doden.
2670 3606 2747 3666 Han
2782 3605 2844 3665 var
2874 3606 2941 3666 lige
2971 3603 3028 3663 saa

2334 3660 2433 3720 langt
2458 3658 2591 3718 fjernet
2621 3657 2670 3717 fra
2705 3657 2744 3717 en
2779 3654 2917 3714 hvilken
2957 3652 3016 3712 som

2331 3713 2422 3773 helst
2442 3712 2663 3772 Resignation
2694 3707 2756 3767 som
2795 3707 2842 3767 fra
2872 3704 2905 3764 en
2935 3703 3035 3763 lede¬

2335 3762 2379 3822 los
2410 3764 2531 3824 Frygt.
2567 3758 2637 3818 Men
2673 3758 2941 3818 Sporgsmaalet
2972 3755 3027 3815 var

2334 3812 2410 3872 altid
2445 3809 2709 3869 nærværende,
2729 3809 2767 3869 en
2801 3809 2911 3869 stadig
2946 3805 3032 3865 Mar¬

2336 3864 2401 3924 tren
2437 3862 2471 3922 af
2502 3859 2705 3919 Tankerne.
2735 3859 2836 3919 Hans
2862 3857 3038 3917 Arbejde,

2337 3915 2399 3975 den
2436 3911 2550 3971 sidste
2587 3907 2791 3967 Strækning
2854 3907 2889 3967 af
2948 3905 3036 3965 hans

2330 3962 2532 4022 glansfulde
2567 3962 2586 4022 ,
2611 3960 2866 4020 kunstneriske
2926 3952 3038 4012 Lobe-

2332 4012 2427 4072 bane
2463 4012 2517 4072 var
2553 4009 2628 4069 helt
2654 4008 2890 4068 overskygget
2921 4004 3041 4064 deraf.

2380 4061 2571 4121 Schnitzler
2597 4059 2794 4119 arbejdede
2821 4057 2934 4117 stadig
2966 4056 3027 4116 paa

2337 4111 2418 4171 lre
2441 4111 2587 4171 Varker
2604 4108 2789 4168 samtidig,
2800 4108 2855 4168 som
2893 4105 2952 4165 han
2981 4104 3029 4164 lod

2346 4161 2426 4221 gre
2457 4158 2566 4218 lange
2602 4158 2799 4218 ufuldendt
2824 4156 2863 4216 og
2899 4152 3038 4212 uaffile-

2351 4207 2395 4267 le.
2436 4210 2509 4270 Man
2544 4209 2599 4269 vil
2623 4205 2718 4265 finde
2753 4200 2843 4260 tore
2878 4200 3007 4260 literr
