3392 4320
207 329 285 389 2.

358 333 949 393 Schnitzler's
1019 336 1250 396 Deatl

866 529 1163 589 .

517 562 758 622 EXTRACT
793 575 910 635 FROM

375 665 601 725 Deidleg
624 673 828 733 Neuss
872 676 1034 736 lhaen

288 798 391 858 Date

766 826 968 886 12-10

359 908 551 968 CREATOR
593 910 640 970 OF
683 914 916 974 “ANATOL”
951 918 1088 978 DEADI

396 953 525 1013 VIENNA.
573 958 882 1018 Wednesday.—Dr.
956 964 1072 1024 Arthur

359 989 555 1049 Schnitzler,
576 989 627 1049 the
677 995 823 1055 Austrian
879 999 1075 1059 playwright

359 1023 415 1083 and
444 1027 573 1087 author,
590 1027 658 1087 who
683 1028 748 1088 was
769 1030 878 1090 chiefly
907 1034 1016 1094 known
1041 1034 1064 1094 in

359 1060 478 1120 Britain
523 1061 575 1121 for
620 1063 668 1123 the
717 1067 884 1127 dialogues
911 1069 1065 1129 produced

363 1094 458 1154 under
488 1094 537 1154 the
571 1096 633 1156 title
667 1099 700 1159 of
725 1097 737 1157 “
759 1102 900 1162 Anatol,"
938 1105 1004 1165 died
1042 1104 1074 1164 at

359 1127 404 1187 his
434 1131 525 1191 home
555 1135 625 1195 here
680 1136 784 1196 to-day
838 1142 909 1202 from
980 1142 1071 1202 heart

359 1166 496 1226 failure.

384 1199 446 1259 Dr.
468 1201 676 1261 Schnitzler’s
706 1204 805 1264 works
835 1206 914 1266 were
969 1208 1073 1268 trans¬

356 1232 433 1292 lated
464 1237 528 1297 into
558 1240 683 1300 English
735 1240 773 1300 by
821 1242 885 1302 Mr.
907 1245 1065 1305 Granville

357 1273 635 1333 Barker.—British
672 1279 777 1339 United
809 1280 919 1340 Press.

457 1502 595 1562 Extract
613 1500 681 1560 from

284 1634 455 1694 Christian
516 1637 657 1697 Science
714 1637 875 1697 Monitor

361 1693 521 1753 Boston.
528 1694 666 1754 Mass.,
696 1694 782 1754 USA

489 1879 515 1939 2
544 1879 572 1939 2
600 1885 692 1945 C61.

326 2009 569 2069 SCHNITZLER
606 2017 677 2077 HAS
705 2021 849 2081 PASSED
877 2023 921 2083 ON

306 2054 504 2114 VIENNA,
518 2058 592 2118 Oct.
601 2059 633 2119 22
652 2062 804 2122 (P)—One
828 2068 855 2128 of
879 2071 956 2131 Aus¬

299 2088 386 2148 tria's
413 2092 549 2152 greatest
580 2098 701 2158 modern
736 2106 857 2166 literary
891 2109 948 2169 fig¬

299 2125 385 2185 ures,
401 2128 460 2188 Dr.
476 2132 589 2192 Arthur
613 2139 801 2199 Schnitzler,
817 2145 950 2205 novelist

295 2164 354 2224 and
390 2168 570 2228 dramatist,
594 2172 648 2232 has
680 2176 785 2236 passed
821 2182 876 2242 on.
900 2182 942 2242 He

299 2202 455 2262 published
495 2206 546 2266 his
581 2211 648 2271 first
684 2214 754 2274 book
797 2217 828 2277 of
860 2219 942 2279 verse

297 2236 381 2296 when
410 2239 442 2299 he
467 2242 527 2302 was
548 2245 592 2305 28.
609 2246 641 2306 It
662 2248 722 2308 was
747 2255 881 2315 followed
909 2256 941 2316 by

287 2273 303 2333 a
331 2276 450 2336 volume
478 2279 510 2339 of
530 2282 621 2342 short
646 2287 757 2347 stories
781 2291 836 2351 and
865 2294 928 2354 from

290 2310 361 2370 then
399 2315 432 2375 on
466 2316 549 2376 there
583 2322 667 2382 came
697 2325 780 2385 fronf
806 2329 851 2389 his
881 2333 935 2393 pen

292 2348 314 2408 in
357 2351 440 2411 quick
482 2357 649 2417 succession
691 2360 702 2420 a
745 2366 874 2426 number
908 2371 938 2431 of

289 2387 441 2447 comedies
477 2390 505 2450 in
544 2394 595 2454 the
630 2398 756 2458 modern
795 2403 932 2463 German

289 2422 411 2482 school.
431 2427 513 2487 Most
537 2428 568 2488 of
592 2430 640 2490 his
664 2436 817 2496 dramatic
845 2443 939 2503 works

288 2458 363 2518 have
389 2463 455 2523 been
481 2470 653 2530 performed
683 2472 703 2532 in
729 2476 871 2536 English.

219 2805 240 2865 —

451 2852 688 2912 EXTRACT
726 2855 838 2915 ERON

342 2952 574 3012 elfant
631 2957 797 3017 Nans
821 2945 1009 3005 Raller

231 3103 332 3163 Date

688 3101 853 3161 221

336 3233 425 3293 THE
474 3235 678 3295 CREATOR
727 3235 781 3295 OF
824 3235 998 3295 ANATOL

270 3366 381 3426 Death
414 3369 445 3429 of
472 3369 482 3429 a
515 3368 668 3428 Famous
695 3369 855 3429 Austrian
887 3369 1083 3429 Dramatist

701 3435 831 3495 Vienna,
856 3435 1052 3495 Wednesday.

304 3479 364 3539 The
393 3479 501 3539 famous
530 3482 659 3542 Austrian
692 3482 850 3542 dramatist
875 3482 923 3542 and
951 3482 1088 3542 novelist,

271 3524 330 3584 Dr.
361 3525 466 3585 Arthur
498 3526 674 3586 Schnitzler,
706 3525 819 3585 creator
850 3524 877 3584 of
909 3524 956 3584 the
995 3526 1077 3586 world

270 3569 419 3629 renowned
487 3569 595 3629 Anatol
657 3572 719 3632 died
756 3572 822 3632 here
849 3572 942 3632 to-day
973 3574 1003 3634 at
1030 3572 1081 3632 the

264 3614 320 3674 age
344 3611 372 3671 of
391 3613 438 3673 69.

305 3660 359 3720 Dr.
388 3659 496 3719 Arthur
534 3661 709 3721 Schnitzler,
743 3661 801 3721 who
847 3660 905 3720 was
947 3661 1009 3721 born
1052 3662 1076 3722 in

271 3694 376 3754 Vienna
400 3696 423 3756 in
447 3696 525 3756 1862,
545 3697 682 3757 practised
706 3697 733 3757 as
757 3697 764 3757 a
792 3697 889 3757 doctor
909 3697 952 3757 for
972 3697 1085 3757 several

271 3733 369 3793 years.
417 3731 444 3791 In
483 3733 546 3793 1893
582 3733 617 3793 he
653 3733 763 3793 became
802 3733 912 3793 famous
948 3734 1010 3794 with
1046 3734 1077 3794 an

263 3769 395 3829 amusing
421 3767 505 3827 series
527 3766 560 3826 of
579 3767 659 3827 seven
690 3769 770 3829 short
789 3769 869 3829 plays
892 3769 921 3829 of
943 3769 1083 3829 Viennese

263 3803 314 3863 life
338 3805 463 3865 centring
487 3805 573 3865 round
602 3805 644 3865 the
668 3806 814 3866 character
841 3807 868 3867 of
892 3808 1002 3868 Anatol
1022 3808 1081 3868 who

256 3839 324 3899 was
365 3841 526 3901 introduced
571 3841 599 3901 to
644 3841 692 3901 the
737 3844 850 3904 English
895 3844 991 3904 public
1045 3843 1076 3903 by

275 3876 411 3936 Granville
451 3876 561 3936 Barker
594 3876 605 3936 a
642 3878 763 3938 number
804 3877 833 3937 of
874 3879 958 3939 years
999 3879 1083 3939 later.

279 3912 438 3972 Reigen"
470 3912 482 3972 a
514 3914 602 3974 series
629 3915 660 3975 of
682 3915 726 3975 ten
758 3918 899 3978 dramatic
926 3918 1085 3978 dialogues,

265 3949 352 4009 which
380 3951 517 4011 appeared
548 3951 569 4011 in
596 3951 680 4011 1896,
698 3951 756 4011 also
778 3956 911 4016 achieved
938 3957 968 4017 an
1000 3954 1083 4014 inter¬

255 3988 398 4048 national
419 3990 612 4050 reputation.—
637 3990 756 4050 Reuter.

1455 336 1584 396 box
1663 336 1900 396 43/17

1491 521 1725 581 EXTRACT
1764 521 1878 581 FROM

2376 589 2887 649 HEMSTREE

2410 631 2456 691 96
2485 639 2694 699 WARREN
2735 654 2920 714 STREET

2438 687 2535 747 NEW
2591 699 2720 759 YORK
2763 709 2873 769 CITY

1643 766 1770 826 22.
1792 766 1968 826 1.

1318 770 1370 830 ate

2492 809 2578 869 NY
2629 822 2820 882 Mirror

2542 907 2849 967 CC2213

1386 919 1543 979 NOTED
1604 936 1900 996 DRAMATIST
1947 944 2078 1004 DEAD

2246 1000 2591 1060 SCHNITZLER
2642 1014 2798 1074 DIES;

1389 1030 1563 1090 Austrian
1604 1034 1745 1094 Doctor
1779 1041 1869 1101 Who
1904 1046 2061 1106 Created

2260 1054 2439 1114 NOTED
2485 1070 2873 1130 PLAYWRIGHT

1614 1085 1625 1145 “
1662 1098 1809 1158 Anatol

2283 1103 2418 1163 Vienna,
2452 1110 2526 1170 Oct.
2560 1115 2592 1175 21
2635 1123 2879 1183 (U.P).—Arthur

2229 1150 2426 1210 Schnitzler,
2469 1160 2619 1220 Austrian
2672 1172 2883 1232 playwright,

1350 1192 1474 1252 VIENNA.
1515 1197 1632 1257 October
1673 1205 1800 1265 21.—The
1844 1212 1958 1272 famous
1998 1219 2130 1279 Austrian

2231 1193 2300 1253 died
2334 1196 2368 1256 at
2399 1200 2446 1260 his
2476 1205 2562 1265 home
2592 1209 2686 1269 today
2721 1216 2751 1276 of
2781 1219 2875 1279 heart

1310 1232 1466 1292 dramatist
1505 1236 1552 1296 and
1592 1241 1726 1301 novelist,
1761 1246 1799 1306 Dr
1838 1254 1946 1314 Arthur
1973 1259 2141 1319 Schnitzler,

2232 1240 2373 1300 disease.
2410 1247 2455 1307 He
2483 1251 2541 1311 had
2570 1255 2642 1315 been
2675 1261 2710 1321 ill
2729 1262 2779 1322 for
2807 1265 2874 1325 sev¬

1317 1273 1426 1333 creator
1454 1276 1482 1336 of
1507 1278 1553 1338 the
1582 1285 1823 1345 world-renowned
1865 1296 2028 1356 “Anatol,”
2071 1303 2131 1363 diec

2232 1286 2300 1346 eral
2323 1291 2418 1351 days.
2456 1300 2637 1360 Schnitzler
2665 1307 2724 1367 was
2752 1311 2783 1371 69
2816 1313 2865 1373 and

1318 1312 1382 1372 here
1406 1314 1497 1374 to-day
1520 1320 1550 1380 at
1570 1323 1611 1383 the
1635 1325 1683 1385 age
1703 1327 1733 1387 of
1753 1329 1794 1389 69.

2232 1333 2260 1393 to
2284 1337 2423 1397 America
2447 1346 2633 1406 epitomized
2657 1353 2703 1413 the
2727 1357 2819 1417 spirit
2839 1360 2871 1420 of

1344 1351 1383 1411 Dr
1408 1356 1515 1416 Arthur
1537 1362 1705 1422 Schnitzler,
1727 1366 1780 1426 who
1806 1369 1859 1429 was
1884 1373 1948 1433 born
1977 1378 1998 1438 in
2027 1380 2130 1440 Vienna

2226 1382 2374 1442 modern,
2404 1387 2466 1447 gay
2510 1394 2625 1454 Vienna
2669 1401 2779 1461 before
2818 1405 2870 1465 the

1316 1384 1340 1444 in
1371 1385 1446 1445 1862,
1467 1392 1603 1452 practised
1631 1396 1662 1456 as
1686 1398 1696 1458 a
1724 1400 1820 1460 doctor
1847 1403 1888 1463 for
1912 1404 2025 1464 several
2046 1412 2138 1472 years.

1317 1416 1344 1476 In
1372 1417 1426 1477 1893
1451 1419 1481 1479 he
1505 1422 1612 1482 became
1636 1428 1742 1488 famous
1766 1432 1824 1492 with
1848 1434 1879 1494 an
1904 1438 2030 1498 amusing
2055 1443 2136 1503 series

2229 1425 2307 1485 war,
2331 1433 2499 1493 expressed
2532 1440 2668 1500 through
2696 1447 2747 1507 his
2776 1452 2869 1512 plays

1315 1446 1345 1506 of
1369 1448 1444 1508 seven
1475 1454 1553 1514 short
1578 1458 1656 1518 plays
1683 1459 1710 1519 of
1748 1464 1881 1524 Viennese
1919 1468 1966 1528 life
2004 1474 2127 1534 centring

2230 1471 2285 1531 and
2309 1479 2440 1539 stories.
2468 1484 2528 1544 His
2547 1490 2701 1550 “Anatol”
2725 1495 2785 1555 was
2804 1498 2869 1558 best

1313 1481 1398 1541 round
1425 1484 1466 1544 the
1490 1487 1633 1547 character
1658 1490 1684 1550 of
1702 1489 1712 1549 “
1736 1494 1862 1554 Anatol.”
1893 1498 1947 1558 who
1975 1501 2026 1561 was
2047 1506 2135 1566 intro¬

1312 1511 1394 1571 duced
1422 1514 1445 1574 to
1469 1517 1511 1577 the
1531 1519 1633 1579 British
1657 1525 1750 1585 public
1770 1525 1801 1585 by
1821 1532 1970 1592 Granville
1990 1536 2095 1596 Barker
2115 1539 2126 1599 a

2227 1520 2333 1580 known
2378 1525 2412 1585 on
2457 1529 2510 1589 the
2554 1538 2717 1598 American
2767 1545 2872 1605 stage.

1308 1545 1427 1605 number
1448 1547 1475 1607 of
1495 1550 1574 1610 years
1594 1554 1679 1614 later.
1710 1556 1720 1616 “
1741 1559 1870 1619 Reigen,"
1902 1562 1911 1622 a
1936 1563 2017 1623 series
2038 1568 2065 1628 of
2086 1569 2123 1629 ten

2219 1569 2401 1629 Schnitzler
2425 1577 2546 1637 started
2575 1582 2626 1642 life
2655 1586 2687 1646 as
2715 1589 2724 1649 a
2757 1593 2864 1653 doctor

1300 1578 1448 1638 dramatic
1473 1583 1632 1643 dialogues,
1653 1588 1734 1648 which
1763 1593 1901 1653 appeared
1929 1596 1950 1656 in
1982 1600 2053 1660 1896,
2071 1603 2127 1663 also

2220 1603 2275 1663 and
2308 1607 2401 1667 never
2430 1618 2616 1678 completely
2650 1628 2771 1688 forsook
2809 1632 2860 1692 the

1289 1609 1437 1669 dachieved
1466 1614 1494 1674 an
1527 1619 1733 1679 international
1755 1630 2081 1690 reputation.—Reuter.

2224 1646 2421 1706 profession.

1680 1785 1919 1845 NYSUN

1938 2007 2080 2067 working
2111 2011 2176 2071 only
2206 2012 2275 2072 with
2306 2014 2352 2074 his
2383 2017 2530 2077 hypnotic
2560 2019 2616 2079 ap-

1940 2044 2049 2104 proach
2077 2046 2104 2106 to
2132 2050 2406 2110 psychoanalysis,
2426 2055 2485 2115 this
2509 2054 2614 2114 grate-

1249 2048 1603 2108 SCHNITZLER
1657 2052 1787 2112 DIED

1936 2079 1983 2139 ful
1999 2082 2113 2142 tribute
2133 2082 2164 2142 of
2184 2087 2326 2147 scientist
2346 2085 2369 2145 to
2393 2087 2463 2147 poet
2480 2091 2601 2151 pleased

1932 2117 2109 2177 Schnitzler
2138 2121 2271 2181 greatly.
2308 2121 2373 2181 The
2401 2125 2514 2185 tribute
2543 2127 2603 2187 was

1936 2153 2024 2213 made
2061 2157 2085 2217 in
2127 2155 2142 2215 a
2179 2157 2272 2217 letter
2305 2160 2374 2220 from
2427 2162 2524 2222 Freud
2569 2166 2601 2226 on

1244 2156 1314 2216 AI
1352 2157 1517 2217 WUNR
1568 2162 1626 2222 ON
1675 2166 1877 2226 DRAMA

1931 2192 2137 2252 Schnitzler’s
2168 2194 2287 2254 sixtieth
2318 2196 2481 2256 birthday.

1965 2228 2025 2288 The
2050 2228 2134 2288 death
2159 2229 2191 2289 of
2208 2233 2381 2293 Schnitzler
2402 2234 2467 2294 from
2504 2237 2515 2297 a
2540 2237 2608 2297 sud¬

1930 2262 1985 2322 den
2021 2264 2115 2324 heart
2139 2267 2241 2327 attack
2281 2270 2372 2330 found
2407 2272 2454 2332 him
2498 2272 2533 2332 at
2561 2275 2608 2335 his

1236 2302 1403 2362 Tribute
1429 2307 1516 2367 Paid
1541 2307 1572 2367 to
1597 2310 1669 2370 Him
1702 2312 1749 2372 by
1774 2313 1894 2373 Freud
1943 2300 2039 2360 desk,
2064 2303 2207 2363 occupied
2249 2305 2288 2365 as
2321 2306 2416 2366 usual
2450 2309 2521 2369 with
2554 2311 2609 2371 his

1932 2335 2033 2395 work.
2070 2338 2160 2398 Since
2185 2341 2233 2401 the
2258 2342 2347 2402 death
2376 2344 2413 2404 by
2438 2348 2551 2408 suicide
2576 2348 2608 2408 of

1931 2372 1979 2432 his
2004 2375 2113 2435 adored
2142 2378 2301 2438 daughter
2326 2381 2395 2441 four
2420 2383 2509 2443 years
2534 2387 2610 2447 ago,

1424 2390 1457 2450 Is
1492 2393 1713 2453 Revealed.

1931 2411 2105 2471 Schnitzler
2132 2414 2193 2474 was
2216 2417 2311 2477 never
2334 2417 2383 2477 the
2410 2421 2493 2481 same
2520 2423 2607 2483 man,

1927 2447 1981 2507 his
2002 2449 2123 2509 friends
2144 2452 2215 2512 say.
2249 2454 2312 2514 The
2333 2454 2412 2514 work
2446 2456 2475 2516 on
2505 2458 2600 2518 which

1926 2482 1969 2542 he
1997 2484 2059 2544 was
2090 2488 2227 2548 engaged
2259 2490 2294 2550 at
2316 2491 2370 2551 the
2397 2493 2467 2553 time
2499 2494 2534 2554 of
2557 2496 2605 2556 his

1354 2488 1399 2548 By
1436 2490 1544 2550 WHIT
1582 2494 1791 2554 BURNETT.

1931 2520 2021 2580 death
2053 2524 2190 2584 involved
2222 2525 2233 2585 a
2261 2527 2363 2587 young
2395 2530 2512 2590 woman
2544 2533 2599 2593 and

1293 2530 1399 2590 Special
1414 2534 1493 2594 Cable
1513 2536 1634 2596 Dispatch
1657 2539 1676 2599 to
1699 2539 1755 2599 THE
1778 2542 1842 2602 SUN.

1932 2560 1944 2620 a
1974 2560 2102 2620 conflict
2128 2562 2157 2622 of
2182 2563 2244 2623 will
2266 2563 2290 2623 to
2316 2566 2374 2626 live
2399 2567 2457 2627 and
2487 2568 2553 2628 will
2574 2569 2599 2629 to

1232 2567 1386 2627 Copyright,
1411 2567 1481 2627 1931,
1511 2567 1540 2627 by
1578 2568 1627 2628 The
1661 2571 1711 2631 New
1753 2575 1815 2635 York
1853 2575 1902 2635 Sur

1932 2596 1996 2656 die.
2029 2596 2077 2656 He
2106 2598 2166 2658 was
2191 2599 2349 2659 rewriting
2382 2602 2430 2662 the
2459 2605 2519 2665 last
2544 2605 2600 2665 two

1444 2601 1554 2661 Foreign
1580 2604 1693 2664 Service.

1932 2632 1996 2692 acts
2031 2632 2061 2692 of
2100 2636 2186 2696 “Call
2212 2635 2246 2695 of
2272 2637 2388 2697 Mind,”
2428 2639 2526 2699 which
2565 2641 2608 2701 al¬

1264 2643 1437 2703 VIENNA,
1468 2644 1546 2704 Oct.
1570 2648 1708 2708 22.—The
1739 2651 1829 2711 death
1865 2653 1901 2713 of
1932 2669 2045 2729 though
2082 2670 2166 2730 often
2202 2673 2382 2733 performed
2413 2675 2442 2735 in
2479 2680 2599 2740 Vienna

1223 2687 1345 2747 Arthur
1372 2691 1567 2751 Schnitzler,
1590 2694 1735 2754 Austrian
1772 2696 1898 2756 drama-
1931 2704 2016 2764 since
2044 2706 2112 2766 1905
2139 2708 2234 2768 never
2262 2711 2357 2771 suited
2394 2712 2443 2772 the
2471 2717 2606 2777 author.

1227 2733 1281 2793 tist
1309 2734 1367 2794 and
1399 2738 1489 2798 poet,
1513 2739 1675 2799 yesterday
1707 2741 1730 2801 in
1766 2743 1902 2803 Vienna,
1930 2743 1979 2803 He
2002 2743 2060 2803 told
2084 2745 2097 2805 a
2120 2745 2219 2805 friend
2242 2746 2255 2806 a
2278 2747 2328 2807 few
2360 2750 2437 2810 days
2455 2751 2509 2811 ago
2532 2753 2604 2813 that

1228 2781 1338 2841 marks
1360 2781 1407 2841 the
1434 2784 1554 2844 passing
1582 2784 1613 2844 of
1634 2785 1686 2845 one
1708 2787 1744 2847 of
1766 2787 1813 2847 the
1835 2786 1897 2846 two
1935 2780 1972 2840 he
1993 2780 2088 2840 hoped
2115 2781 2135 2841 in
2162 2783 2177 2843 a
2199 2784 2246 2844 few
2284 2786 2383 2846 weeks
2405 2789 2436 2849 to
2458 2790 2536 2850 have
2558 2792 2605 2852 re¬

1932 2817 2020 2877 made
2046 2819 2094 2879 the
2125 2821 2251 2881 ending.

1226 2824 1290 2884 men
1327 2823 1351 2883 in
1383 2827 1501 2887 Vienna
1538 2829 1619 2889 most
1647 2831 1753 2891 widely
1786 2835 1894 2895 known

1225 2858 1251 2918 in
1282 2864 1483 2924 intellectual
1507 2864 1613 2924 circles
1645 2864 1667 2924 in
1698 2867 1751 2927 the
1778 2870 1842 2930 rest
1869 2871 1903 2931 of

1228 2897 1276 2957 the
1305 2899 1414 2959 world.
1451 2900 1515 2960 The
1544 2903 1649 2963 other,
1666 2905 1726 2965 Dr.
1747 2908 1896 2968 Sigmund

1225 2934 1346 2994 Freud,
1370 2937 1413 2997 six
1445 2936 1538 2996 years
1566 2938 1617 2998 the
1649 2941 1754 3001 senior
1786 2942 1817 3002 of
1845 2944 1895 3004 the

1226 2971 1432 3031 playwright,
1457 2975 1481 3035 is
1510 2975 1603 3035 living
1632 2978 1705 3038 here
1733 2978 1757 3038 in
1790 2981 1903 3041 retire¬

1227 3007 1311 3067 ment
1336 3010 1360 3070 in
1389 3010 1473 3070 more
1502 3011 1534 3071 or
1559 3013 1615 3073 less
1643 3017 1748 3077 failing
1777 3020 1898 3080 health.

2104 3033 2822 3093 DOBSERVER

1224 3044 1268 3104 He
1293 3044 1317 3104 is
1342 3045 1370 3105 75
1395 3046 1484 3106 years
1509 3048 1574 3108 old.

1253 3082 1414 3142 Curiously
1442 3085 1560 3145 enough
1588 3087 1670 3147 these
1695 3085 1753 3145 two
1777 3091 1891 3151 Vieana

2203 3082 2226 3142 I.
2241 3082 2361 3142 österr.
2371 3088 2520 3148 behördl.
2535 3091 2834 3151 konzessioniertes

1219 3118 1360 3178 figures,
1380 3120 1451 3180 both
1482 3121 1687 3181 preoccupied
1719 3125 1765 3185 for
1793 3127 1899 3187 three¬

2159 3124 2389 3184 Unternehmen
2419 3127 2466 3187 für
2491 3133 2880 3193 Zeitungs-Ausschnitte

1220 3154 1307 3214 score
1334 3154 1421 3214 years
1448 3156 1519 3216 with
1550 3159 1599 3219 the
1626 3163 1831 3223 combination
1862 3167 1895 3227 of

2208 3184 2355 3244 WIEN,
2384 3190 2433 3250 I.,
2455 3190 2736 3250 WOLLZEILE
2787 3196 2828 3256 11

1227 3191 1390 3251 literature
1432 3193 1488 3253 and
1531 3199 1770 3259 medicine—the
1812 3203 1899 3263 play¬

1218 3228 1335 3288 wright
1366 3230 1461 3290 began
1496 3232 1544 3292 his
1575 3232 1682 3292 career
1709 3237 1742 3297 as
1773 3238 1784 3298 a
1823 3240 1898 3300 phy¬

2299 3238 2518 3298 TELEPHON
2552 3244 2726 3304 R-23-0-43

1222 3264 1450 3324 sician—never
1481 3267 1546 3327 met
1576 3269 1599 3329 in
1638 3272 1717 3332 their
1748 3275 1900 3335 lifetime,

1221 3302 1276 3362 but
1308 3302 1331 3362 it
1363 3303 1390 3363 is
1426 3306 1559 3366 possible
1594 3306 1621 3366 to
1657 3309 1767 3369 reveal
1795 3315 1888 3375 today

1221 3339 1283 3399 from
1335 3339 1346 3399 a
1387 3342 1497 3402 source
1534 3343 1611 3403 close
1648 3343 1677 3403 to
1714 3350 1891 3410 Schnitzler

1219 3376 1291 3436 that
1316 3375 1368 3435 not
1393 3377 1461 3437 long
1494 3378 1600 3438 before
1628 3381 1660 3441 he
1689 3383 1754 3443 died
1786 3387 1887 3447 Freud

2097 3375 2314 3435 Ausschnitt
2339 3385 2444 3445 aus
2469 3387 2679 3447 Chronicle,
2704 3377 2832 3437 London

1219 3414 1392 3474 gracefully
1432 3417 1534 3477 bowed
1575 3419 1621 3479 his
1661 3420 1736 3480 knee
1776 3421 1803 3481 to
1843 3424 1894 3484 the

1216 3451 1288 3511 poet
1317 3452 1373 3512 and
1403 3453 1499 3513 wrote
1528 3456 1609 3516 him:
1638 3458 1812 3518 “Although
1845 3461 1889 3521 we

1217 3485 1312 3545 never
1335 3488 1397 3548 met
1419 3490 1478 3550 and
1508 3491 1555 3551 are
1581 3491 1639 3551 two
1666 3494 1772 3554 :ather
1795 3497 1893 3557 elder¬

1213 3521 1240 3581 ly
1268 3524 1390 3584 fellows
1422 3525 1452 3585 of
1480 3529 1618 3589 Vienna,
1642 3533 1755 3593 permit
1783 3535 1826 3595 me
1858 3536 1885 3596 to

2456 3539 2474 3599 9
2513 3539 2559 3599 2.
2579 3534 2709 3594 OKT.
2729 3525 2822 3585 1937

1215 3560 1266 3620 say
1290 3562 1317 3622 it
1337 3563 1360 3623 is
1380 3563 1458 3623 you,
1474 3563 1525 3623 the
1549 3566 1634 3626 poet,
1654 3569 1717 3629 who
1745 3572 1819 3632 have
1843 3573 1889 3633 in-

2098 3599 2205 3659 vom:

1215 3598 1360 3658 tuitively
1398 3599 1566 3659 presented
1605 3604 1631 3664 in
1674 3605 1750 3665 your
1788 3610 1891 3670 works

1213 3638 1370 3698 problems
1398 3638 1429 3698 of
1453 3641 1713 3701 psychoanalysis
1737 3645 1835 3705 which
1863 3648 1894 3708 I,

1209 3670 1243 3730 as
1270 3672 1281 3732 a
1311 3675 1471 3735 scientist,
1483 3676 1558 3736 have
1585 3678 1642 3738 had
1673 3679 1699 3739 to
1726 3682 1824 3742 arrive
1855 3685 1889 3745 at

1209 3709 1246 3769 by
1277 3709 1345 3769 long
1376 3712 1562 3772 reasoning.
1600 3715 1631 3775 In
1658 3717 1737 3777 your
1761 3720 1889 3780 one-act

1214 3746 1298 3806 play,
1329 3748 1553 3808 Paracelsus,'
1584 3752 1641 3812 you
1679 3753 1755 3813 have
1794 3757 1877 3817 given

2187 3769 2379 3829 CREATOR
2423 3769 2470 3829 OF
2514 3774 2744 3834 “ANATOL”
2781 3775 2889 3835 DEAD

1209 3781 1264 3841 the
1295 3785 1393 3845 whole
1425 3790 1551 3850 problem
1598 3790 1629 3850 of
1657 3796 1889 3856 psychoanaly-

1208 3819 1287 3879 sis."

2221 3816 2353 3876 VIENNA,
2398 3817 2706 3877 Wednesday.—Dr.
2777 3823 2891 3883 Arthur

2187 3853 2385 3913 Schnitzler,
2402 3853 2453 3913 the
2501 3856 2651 3916 Austrian
2699 3856 2900 3916 playwright

1229 3859 1436 3919 Considering
1465 3864 1536 3924 that
1560 3867 1787 3927 “Paracelsus"
1820 3869 1883 3929 was

2183 3886 2247 3946 and
2269 3888 2402 3948 aumor,
2419 3887 2483 3947 who
2510 3887 2570 3947 was
2592 3890 2703 3950 chiefly
2729 3891 2836 3951 known
2862 3892 2887 3952 in

1209 3894 1330 3954 written
1360 3900 1380 3960 in
1410 3900 1489 3960 1898,
1510 3900 1590 3960 when
1619 3903 1715 3963 Freud
1741 3903 1803 3963 was
1821 3906 1887 3966 still

2187 3923 2307 3983 Britain
2354 3923 2403 3983 for
2445 3921 2495 3981 the
2546 3926 2712 3986 dialogues
2737 3927 2891 3987 produced

2188 3959 2289 4019 under
2316 3957 2368 4017 the
2400 3959 2461 4019 title
2493 3956 2527 4016 of
2550 3954 2563 4014 “
2585 3959 2726 4019 Anatol,”
2766 3963 2832 4023 died
2864 3961 2898 4021 at

2186 3993 2237 4053 his
2265 3994 2353 4054 home
2387 3996 2456 4056 here
2508 3996 2610 4056 to-day
2667 3999 2731 4059 from
2802 3998 2895 4058 heart

2188 4029 2329 4089 failure.

2217 4063 2280 4123 Dr.
2299 4065 2503 4125 Schnitzler's
2531 4064 2635 4124 works
2663 4065 2740 4125 were
2791 4068 2900 4128 trans¬

2191 4097 2265 4157 lated
2298 4099 2358 4159 into
2391 4100 2512 4160 English
2560 4098 2596 4158 by
2648 4101 2713 4161 Mr.
2732 4103 2891 4163 Granville

2191 4133 2466 4193 Barker.—British
2499 4136 2606 4196 United
2635 4138 2742 4198 Press.
