3436 4384
173 301 199 361 2

323 305 897 365 Schnitzlers
967 305 1194 365 Death

408 744 1121 804 OBSERVER

493 802 519 862 I.
532 802 657 862 österr.
666 805 817 865 behördl,
826 805 1128 865 konzessioniertes

449 843 685 903 Unternehmen
717 843 766 903 für
788 844 1180 904 Zeitungs-Ausschnitte

498 904 651 964 WIEN.
679 906 725 966 I.,
752 906 1033 966 WOLLZEILE
1081 909 1127 969 11

598 957 820 1017 TELEPHON
852 957 1031 1017 R-23-6-43

393 1096 616 1156 Ausschnitt
634 1100 730 1160 MS
761 1094 924 1154 VIINEE
961 1086 1142 1146 JOURSAE

767 1261 830 1321 23
876 1252 1012 1312 NOV.
1040 1243 1103 1303 150

438 1402 1161 1462 Tagesneuigkeiten.

278 1454 436 1514 Manuskeipte
460 1461 549 1521 werben
578 1462 633 1522 nicht
657 1462 840 1522 zurückgeschickt;
864 1462 1036 1522 Schadenersatz
1060 1462 1112 1522 wird
1140 1467 1201 1527 nicht
1220 1465 1332 1525 geleistet.

218 1635 713 1695 Webachinisfeler
751 1636 1384 1696 far=Atit-Ewaigter

639 1766 921 1826 „Kinn

763 1847 956 1907 Berlin,
974 1849 1024 1909 28.
1042 1850 1234 1910 November.
1261 1853 1352 1913 (Tk.)

304 1898 351 1958 Im
399 1901 576 1961 staatlichen
612 1904 878 1964 Schauspielhaus
932 1907 1044 1967 wurde
1074 1908 1186 1968 gestern
1246 1910 1304 1970 von
1340 1910 1393 1970 der

199 1945 389 2005 preußischen
448 1948 738 2008 Dichterakademie
786 1951 961 2011 gemeinsam
1024 1953 1088 2013 mit
1136 1954 1188 2014 der
1237 1954 1400 2014 General¬

205 1993 375 2053 intendanz
425 1996 480 2056 der
514 1999 757 2059 Staatstheater
807 1999 873 2059 eine
907 2001 1178 2061 Gedächtnisfeier
1212 2002 1261 2062 für
1294 2003 1393 2063 Artur

204 2042 368 2102 Schnitzler
400 2045 616 2105 veranstaltet.
642 2047 698 2107 Sie
725 2048 838 2108 begann
875 2049 931 2109 mit
957 2051 1127 2111 Schuberts
1153 2052 1395 2112 unvollendeter

206 2091 423 2151 Symphonie,
444 2095 486 2155 die
513 2095 571 2155 von
603 2097 809 2157 Mitgliedern
841 2098 894 2158 der
921 2099 1116 2159 Staatsoper
1149 2101 1238 2161 unter
1265 2101 1391 2161 Leitung

204 2140 382 2200 Alexander
404 2143 697 2203 Zemlinskys
725 2148 849 2208 gespielt
871 2146 995 2206 wurde.
1012 2149 1098 2209 Dann
1126 2149 1223 2209 sprach
1251 2149 1402 2209 Heinrich,

206 2188 335 2248 Mann
386 2190 437 2250 als
466 2190 635 2250 Präsident
681 2193 737 2253 der
766 2193 889 2253 Dichter
907 2193 1048 2253 kedemie
1094 2197 1207 2257 Worte
1253 2196 1303 2256 des
1332 2196 1399 2256 Ge¬

208 2238 334 2298 denkens
363 2240 412 2300 für
440 2240 489 2300 den
523 2240 737 2300 verstorbenen
771 2244 875 2304 Wien¬
953 2244 1063 2304 ichter.
1086 2247 1223 2307 Hierauf
1246 2247 1394 2307 gelangte

206 2289 386 2349 Schnitzlers
423 2289 598 2349 „Liebelei“
647 2292 708 2352 zur
739 2292 962 2352 Aufführu.g.
1005 2295 1053 2355 In
1114 2292 1168 2352 der
1199 2292 1289 2352 Kolle
1344 2295 1398 2355 der

207 2337 363 2397 Christine
390 2337 444 2397 bot
472 2337 547 2397 Lucy
580 2340 834 2400 Mannheim
878 2342 942 2402 eine
970 2343 1213 2403 eindrucksvolle
1241 2343 1402 2403 Leistung.

205 2384 268 2444 Den
309 2387 453 2447 Theodor
506 2387 616 2447 spielte
646 2390 790 2450 Heinrich
825 2393 1086 2453 Schnitzler,
1133 2393 1184 2453 der
1220 2393 1306 2453 Sohn
1347 2393 1399 2453 des

211 2435 376 2495 Dichters.

262 2763 326 2823 Zum
364 2761 541 2821 Gedächtnis
569 2763 660 2823 Arlue
687 2764 854 2824 Schnitzlers
882 2766 1086 2826 veranstaltete
1113 2769 1161 2829 das
1189 2770 1387 2830 Burgtheater
1415 2773 1436 2833 in

238 2797 301 2857 Vien
336 2800 399 2860 eine
424 2803 630 2863 Gedenkiaier.
650 2804 698 2864 bel
723 2802 772 2862 der
797 2804 967 2864 namentlich
997 2806 1041 2866 die
1066 2806 1114 2866 von
1149 2806 1198 2866 dem
1237 2809 1442 2869 Schauspieler

217 2836 326 2896 Ravul
350 2837 445 2897 Aolan
479 2838 669 2898 geprochene
699 2838 885 2898 Gedekrede
914 2841 971 2901 von
1004 2843 1099 2903 Ookar
1129 2844 1266 2904 Maurus
1295 2847 1438 2907 Fontana

218 2874 301 2934 einen
339 2877 446 2937 starken
484 2877 628 2937 Cindruck
656 2878 847 2938 hinterließ,
880 2881 1052 2941 Schnitzlers
1085 2883 1229 2943 Einakter
1262 2886 1318 2946 Die
1346 2888 1438 2948 letzten

220 2913 349 2973 Masken
390 2916 456 2976 ging
486 2916 576 2976 dabei
602 2919 652 2979 zum
698 2919 783 2979 ersten
818 2919 904 2979 Male
929 2920 999 2980 über
1036 2922 1080 2982 die
1111 2923 1216 2983 Bühne
1252 2925 1302 2985 des
1347 2927 1427 2987 Burg

210 2955 351 3015 theater=

811 3031 986 3091 Kölnische
1016 3031 1148 3091 Zeiting

770 3179 863 3239 aea
1063 3175 1198 3235 NOV.
1220 3159 1324 3219 1931

1427 303 1549 363 box
1627 303 1810 363 44/1

2640 142 2755 202 VE

2581 201 2850 261 vessioniertes

2234 209 2378 269 Osterr.
2387 207 2505 267 behora

2203 249 2406 309 nternehmen
2434 248 2481 308 fr
2506 243 2521 303 7
2689 240 2900 300 Ausschnitte

2223 308 2370 368 WIEN.
2395 305 2442 365 I.,
2472 300 2614 360 WOLL

2322 353 2546 413 TELEPION
2587 348 2766 408 R-23-0-43

2492 441 2769 501 Aanengee

2464 662 2560 722 24.
2581 656 2707 716 NOV.
2739 655 2835 715 1531

2139 775 2392 835 Arthur
2441 770 2789 830 Schnißzler

2313 903 2417 963 Keen
2487 901 2966 961 Gedachtais.

2223 972 2422 1032 „Liebelei"
2463 975 2490 1035 im
2537 975 2868 1035 Schauspielhaus.

2184 1035 2249 1095 Nach
2277 1035 2474 1095 Volksbühne
2502 1038 2556 1098 und
2585 1035 2870 1095 Künstler=Theater
2898 1037 2979 1097 legte

2124 1079 2155 1139 am
2211 1079 2434 1139 Totensonntag
2484 1079 2539 1139 das
2585 1079 2840 1139 Schauspielhaus
2886 1079 2968 1139 einen

2124 1124 2228 1184 Kranz
2256 1124 2287 1184 am
2328 1124 2433 1184 Grabe
2460 1123 2578 1183 Arthur
2606 1122 2779 1182 Schnißzlers
2811 1121 2910 1181 nieder
2938 1120 2951 1180 —

2128 1166 2170 1226 die
2204 1166 2319 1226 Trauer
2353 1166 2386 1226 um
2434 1166 2482 1226 den
2521 1167 2635 1227 Wiener
2669 1166 2783 1226 Dichter
2817 1168 2879 1228 lebt
2908 1166 2970 1226 auch

2129 1211 2148 1271 in
2178 1208 2280 1268 Berlin
2315 1211 2339 1271 in
2369 1211 2441 1271 aller
2466 1211 2593 1271 Herzen.

2188 1253 2270 1313 Wenn
2307 1255 2358 1315 der
2390 1256 2525 1316 würdige
2557 1253 2738 1313 Gedenkakt,
2765 1252 2795 1312 zu
2832 1250 2883 1310 dem
2931 1253 2971 1313 sich

2121 1297 2163 1357 die
2187 1297 2346 1357 Akademie
2366 1294 2418 1354 der
2442 1296 2549 1356 Künste
2578 1297 2634 1357 mit
2653 1296 2705 1356 dem
2743 1294 2978 1354 Staatstheater

2129 1340 2269 1400 verband,
2297 1342 2353 1402 mit
2382 1340 2545 1400 Schuberts
2583 1339 2813 1399 Unvollendeter
2846 1339 2981 1399 begann,

2130 1387 2149 1447 so
2178 1384 2278 1444 wurde
2308 1382 2336 1442 er
2360 1384 2446 1444 gleich
2475 1384 2561 1444 unter
2590 1383 2643 1443 das
2672 1381 2762 1441 rechte
2787 1381 2897 1441 Zeichen
2931 1379 2978 1439 ge¬

2127 1429 2212 1489 stellt.
2253 1427 2338 1487 Denn
2375 1429 2475 1489 Franz
2502 1426 2668 1486 Schubert,
2689 1426 2780 1486 dessen
2811 1423 2901 1483 Büste
2932 1425 2977 1485 als

2126 1472 2274 1532 andächtig
2305 1472 2452 1532 verehrter
2478 1471 2700 1531 Hauptschmuck
2721 1469 2774 1529 das
2800 1471 2977 1531 bescheidene

2121 1515 2252 1575 Zimmer
2308 1515 2363 1575 des
2420 1515 2501 1575 alten
2537 1514 2775 1574 Violinsplelers
2836 1512 2867 1572 in
2928 1512 2983 1572 der

2123 1560 2288 1620 „Liebelei"
2314 1560 2404 1620 ziert,
2425 1558 2475 1618 hat
2501 1559 2520 1619 in
2552 1557 2652 1617 Tönen
2683 1557 2722 1617 die
2753 1556 2838 1616 Seele
2864 1554 2969 1614 Wien¬

2126 1602 2224 1662 ebenso
2251 1603 2396 1663 gekündet
2418 1602 2469 1662 wie
2496 1603 2652 1663 Schnitzler
2678 1600 2698 1660 in
2725 1599 2866 1659 Worten.
2903 1596 2980 1656 Auch

2124 1649 2148 1709 in
2189 1647 2285 1707 dieser
2321 1647 2476 1707 herrlichen
2518 1646 2709 1706 Symphonie
2745 1644 2881 1704 schwingt
2917 1643 2972 1703 das

2128 1690 2354 1750 melancholische
2379 1689 2517 1749 Lächeln,
2537 1691 2581 1751 die
2602 1689 2680 1749 zarte
2705 1687 2867 1747 Sehnsucht
2887 1686 2975 1746 unter

2124 1733 2443 1793 Frühlingsseufzern,
2459 1733 2504 1793 die
2520 1730 2702 1790 umschattete
2718 1730 2820 1790 Süße,
2836 1730 2881 1790 die
2902 1730 2977 1790 einst

2121 1778 2146 1838 so
2176 1778 2358 1838 zauberhaft
2394 1775 2452 1835 aus
2488 1775 2536 1835 des
2572 1775 2705 1835 Dichters
2736 1774 2972 1834 Erstlingswerk

2125 1820 2260 1880 klngen.
2281 1820 2431 1880 Ergriffen
2462 1819 2567 1879 folgten
2603 1818 2643 1878 die
2668 1817 2764 1877 Hörer
2789 1817 2839 1877 dem
2880 1817 2970 1877 Spiel

2128 1865 2177 1925 der
2197 1862 2412 1922 Opernkapelle
2437 1862 2520 1922 unter
2545 1862 2810 1922 Zemlinskys
2835 1862 2976 1922 Leitung.

2182 1904 2239 1964 Der
2269 1907 2414 1967 Eindruck
2444 1907 2540 1967 wurde
2569 1907 2637 1967 noch
2666 1907 2792 1967 vertieft
2817 1907 2903 1967 durch
2933 1907 2981 1967 die

2125 1951 2420 2011 Gedächtnisworte,
2446 1951 2494 2011 die
2524 1950 2721 2010 Heinvich
2751 1949 2879 2009 Mann
2924 1951 2973 2011 als

2126 1993 2175 2053 der
2201 1995 2297 2055 jetzige
2323 1996 2439 2056 Führer
2470 1993 2519 2053 der
2551 1993 2717 2053 Abteilung
2748 1994 2798 2054 für
2824 1993 2970 2053 Dichtung

2129 2038 2158 2098 an
2189 2038 2233 2098 der
2260 2038 2431 2098 Akademle,
2451 2038 2562 2098 sprach.
2593 2038 2637 2098 Er
2658 2038 2743 2098 stellte
2769 2038 2794 2098 in
2824 2038 2870 2098 den
2900 2037 2975 2097 Vor¬

2119 2080 2266 2140 dergrund
2301 2080 2391 2140 soiner
2421 2080 2501 2140 Rede
2531 2080 2574 2140 die
2603 2080 2703 2140 beiden
2737 2079 2971 2139 Hauptth=mata

2122 2127 2169 2187 der
2191 2125 2441 2185 Schnitzlerwelt,
2457 2125 2510 2185 auf
2526 2125 2574 2185 die
2596 2125 2696 2185 jüngst
2718 2125 2788 2185 schon
2820 2125 2851 2185 an
2879 2125 2968 2185 dieser

2121 2166 2213 2226 Stelle
2242 2169 2435 2229 hingewiesen
2470 2169 2590 2229 wurde:
2634 2169 2682 2229 die
2712 2166 2798 2226 Liebe
2828 2166 2886 2226 und
2920 2166 2968 2226 den

2128 2211 2201 2271 Tod.
2236 2211 2275 2271 Um
2315 2211 2374 2271 ihre
2399 2211 2596 2271 Geheimnisse
2622 2211 2670 2271 vor
2695 2211 2769 2271 allom
2804 2211 2872 2271 geht
2893 2211 2922 2271 es
2942 2211 2966 2271 in

2121 2255 2164 2315 den
2199 2256 2329 2316 Dramen
2363 2256 2421 2316 und
2451 2258 2664 2318 Erzählungen
2698 2256 2741 2316 des
2776 2256 2974 2316 Heimgegan¬

2124 2298 2229 2358 genen.
2273 2301 2311 2361 In
2356 2298 2542 2358 wundervoll
2572 2300 2730 2360 geprägten
2769 2299 2870 2359 Sätzen
2909 2298 2976 2358 um¬

2129 2343 2227 2403 schrieb
2257 2343 2389 2403 Heinrich
2420 2343 2518 2403 Mann
2548 2343 2597 2403 die
2622 2343 2843 2403 tiofdringende
2873 2343 2976 2403 Poesie

2125 2384 2179 2444 und
2214 2384 2258 2444 die
2288 2387 2495 2447 bezwingende
2530 2386 2777 2446 Menschlichkeit,
2797 2387 2851 2447 mit
2881 2387 2970 2447 denen

2123 2426 2233 2486 Arthur
2267 2429 2426 2489 Schnitzler
2465 2429 2517 2489 von
2552 2429 2643 2489 diesen
2682 2429 2960 2489 Kardinalpunkten

2121 2474 2172 2534 aus
2201 2471 2247 2531 die
2271 2471 2434 2531 Probleme
2463 2471 2579 2531 unseres
2608 2471 2827 2531 Erdendaseins
2851 2471 2967 2531 deutete

2171 2516 2261 2576 zeigte
2291 2513 2340 2573 er,
2366 2515 2410 2575 die
2441 2516 2515 2576 diese
2545 2516 2744 2576 einzigartige
2780 2516 2874 2576 Kunst
2904 2516 2958 2576 aus

2113 2556 2162 2616 dem
2207 2558 2378 2618 besonderen
2414 2558 2546 2618 Erdreich
2581 2558 2635 2618 und
2665 2560 2714 2620 der
2749 2558 2861 2618 weichen
2896 2561 2970 2621 Luft

2119 2600 2165 2660 der
2189 2600 2301 2660 schönen
2329 2600 2418 2660 Stadt
2442 2602 2469 2662 an
2503 2602 2545 2662 der
2569 2602 2672 2662 Donau
2700 2602 2845 2662 erwuchs.

2174 2644 2229 2704 Die
2263 2644 2441 2704 Auffühung
2475 2645 2524 2705 der
2564 2645 2814 2705 „Liebelei",
2837 2647 2887 2707 die
2916 2647 2965 2707 den

2117 2686 2210 2746 Abend
2253 2689 2393 2749 rundete,
2422 2689 2529 2749 kennen
2572 2689 2628 2749 wir
2666 2689 2778 2749 bereits
2821 2690 2877 2750 aus
2910 2691 2956 2751 dem

2118 2731 2397 2791 Schiller=Theater,
2419 2734 2460 2794 wo
2492 2735 2605 2795 Jürgen
2637 2734 2818 2794 Fehling
2850 2735 2891 2795 sie
2917 2735 2969 2795 vor

2120 2776 2229 2836 Jahren
2264 2776 2506 2836 herausbrachte.
2541 2777 2774 2837 Pistolenduelle
2804 2779 2858 2839 sind
2893 2778 2971 2838 nicht

2113 2819 2191 2879 mehr
2215 2821 2322 2881 Mode,
2337 2820 2509 2880 namentlich
2533 2821 2612 2881 wenn
2640 2822 2677 2882 ein
2706 2820 2850 2880 Ehemann
2878 2823 2953 2883 einem

2117 2862 2280 2922 Abenteuer
2300 2865 2386 2925 seiner
2406 2866 2477 2926 Frau
2502 2868 2554 2928 auf
2574 2866 2617 2926 die
2632 2865 2718 2925 Spur
2738 2866 2896 2926 gekommen
2925 2869 2973 2929 ist.

2120 2907 2196 2967 Aber
2230 2909 2258 2969 es
2292 2908 2368 2968 blieb
2407 2910 2459 2970 und
2498 2910 2584 2970 wirkt
2613 2910 2680 2970 noch
2714 2910 2799 2970 heute
2833 2910 2890 2970 wie
2920 2910 2953 2970 am

2115 2954 2200 3014 ersten
2235 2952 2295 3012 Tag
2332 2952 2377 3012 die
2407 2954 2518 3014 Tragik
2549 2955 2599 3015 der
2630 2954 2977 3014 Kleinbürgerstochter,

2113 2997 2160 3057 des
2187 2997 2288 3057 „füßen
2315 2997 2474 3057 Mädels",
2490 2998 2543 3058 das
2565 2999 2612 3059 sich
2634 3000 2660 3060 in
2687 3000 2777 3060 seiner
2799 3000 2883 3060 Liebe
2905 2999 2974 3059 ver¬

2114 3041 2193 3101 raten
2227 3041 2296 3101 sieht
2320 3040 2371 3100 und
2400 3041 2489 3101 daran
2517 3041 2751 3101 zugrundegeht.

2180 3083 2267 3143 Lucie
2288 3084 2519 3144 Mannheim
2555 3086 2617 3146 gibt
2638 3086 2725 3146 diesem
2761 3086 2791 3146 um
2828 3086 2879 3146 sein
2905 3086 2966 3146 hei¬

2121 3131 2195 3191 liges
2220 3128 2338 3188 Gefühl
2364 3130 2537 3190 betrogenen
2572 3131 2710 3191 einfachen
2746 3131 2968 3191 Menschenkind

2118 3173 2162 3233 die
2188 3173 2306 3233 Anmut
2331 3173 2410 3233 ihrer
2440 3174 2549 3234 Kunst.
2569 3173 2628 3233 Sie
2653 3174 2717 3234 muß
2747 3173 2856 3233 freilich
2891 3173 2964 3233 seine

2117 3215 2196 3275 Seele
2220 3215 2276 3275 aus
2301 3215 2348 3275 dem
2391 3218 2598 3278 Wienerischen
2622 3215 2664 3275 ins
2683 3218 2862 3278 Berlinische
2881 3218 2965 3278 über¬

2120 3259 2214 3319 setzen.
2239 3259 2283 3319 Da
2313 3259 2407 3319 bleibt
2437 3259 2476 3319 ein
2511 3259 2595 3319 Rest,
2626 3259 2675 3319 der
2710 3260 2783 3320 nicht
2819 3262 2962 3322 beglichen

2118 3301 2228 3361 werden
2269 3300 2357 3360 kann.
2388 3301 2445 3361 Der
2481 3301 2875 3361 Verzweiflungoauodruck
2911 3304 2959 3364 des

2115 3346 2210 3406 letzten
2240 3344 2340 3404 Aktes,
2360 3346 2408 3406 der
2437 3346 2619 3406 Höllensturz
2634 3346 2686 3406 aus
2706 3348 2965 3408 schwärmerischer

2114 3386 2352 3446 Liebesseligkeit
2383 3388 2407 3448 in
2442 3388 2486 3448 die
2517 3388 2720 3448 Vernichtung
2755 3391 2844 3451 leidet
2875 3394 2963 3454 sogar

2118 3430 2300 3490 empfindlich
2333 3431 2491 3491 darunter.
2514 3433 2589 3493 Noch
2618 3433 2799 3493 beträchtlich
2832 3436 2962 3496 weniger

2119 3474 2169 3534 vom
2207 3474 2479 3534 charakteristischen
2508 3475 2605 3535 Wesen
2634 3474 2685 3534 des
2709 3477 2817 3537 jungen
2850 3477 2957 3537 „Herrn

2116 3516 2202 3576 Fritz"
2234 3518 2284 3578 hat
2311 3516 2433 3576 Richard
2460 3519 2742 3579 Duschinsky,
2763 3519 2809 3579 bei
2830 3522 2881 3582 dem
2922 3522 2973 3582 der

2119 3561 2223 3621 Liebste
2251 3561 2296 3621 der
2324 3561 2424 3621 armen
2457 3561 2602 3621 Christine
2629 3561 2679 3621 gar
2707 3564 2734 3624 zu
2767 3564 2866 3624 trocken
2903 3564 2957 3624 und

2119 3603 2319 3663 unpersönlich
2349 3606 2449 3666 gerät.
2483 3605 2578 3665 Dafür
2617 3606 2707 3666 haben
2751 3606 2799 3666 die
2828 3609 2951 3669 anderen

2114 3650 2238 3710 Figuren
2268 3648 2312 3708 den
2347 3648 2576 3708 Schnißlerton:
2596 3648 2645 3708 der
2670 3648 2729 3708 alte
2745 3651 2819 3711 Meg
2834 3652 2967 3712 Pohl,

2114 3689 2160 3749 der
2189 3689 2240 3749 aus
2269 3691 2315 3751 dem
2362 3692 2489 3752 Musiker
2518 3692 2564 3752 von
2602 3692 2648 3752 der
2672 3692 2850 3752 Josefstadt,
2870 3692 2963 3752 Chri¬

2112 3731 2218 3791 stineno
2261 3734 2376 3794 Vater,
2415 3734 2477 3794 eine
2512 3734 2588 3794 echte
2622 3734 2800 3794 Volkofigur
2844 3738 2963 3798 schafft,

2117 3776 2217 3836 Maria
2251 3776 2467 3836 Paudler,
2491 3778 2534 3838 die
2563 3776 2774 3836 lebenolustige
2804 3782 2952 3842 Freundin

2111 3821 2160 3881 von
2195 3819 2244 3879 der
2280 3821 2571 3881 Modistenbranche,
2596 3822 2749 3882 Mathilde
2780 3826 2962 3886 Sussin,

2109 3863 2158 3923 die
2194 3864 2382 3924 schwatzende
2418 3863 2605 3923 Nachbarin,
2656 3866 2711 3926 und
2762 3869 2954 3929 Heinrich

2109 3906 2361 3966 Schnitzler,
2388 3907 2439 3967 der
2486 3907 2573 3967 durch
2605 3907 2651 3967 die
2698 3910 2956 3970 liebenowürdige

2113 3949 2299 4009 Darstellung
2335 3950 2383 4010 des
2418 3950 2625 4010 gutmütigen,
2655 3952 2708 4012 mit
2738 3955 2955 4015 lässig-leichter

2109 3991 2228 4051 Wiener
2253 3991 2478 4051 Weltweioheit
2503 3994 2666 4054 spielenden
2700 3997 2858 4057 Freundeg
2892 3996 2954 4056 An¬

2116 4036 2165 4096 teil
2193 4036 2226 4096 an
2266 4036 2315 4096 der
2343 4037 2432 4097 Feier
2466 4039 2587 4099 almnt,
2610 4040 2659 4100 die
2694 4039 2737 4099 dem
2782 4040 2937 4100 Nachruhm

2104 4084 2208 4144 seines
2228 4081 2345 4141 Vatero
2372 4084 2442 4144 gilt.

2675 4081 2743 4141 Max
2778 4086 2915 4146 Osborn.
