<?xml version="1.0" encoding="UTF-8" standalone="yes"?>
<PcGts xmlns="http://schema.primaresearch.org/PAGE/gts/pagecontent/2013-07-15" xmlns:xsi="http://www.w3.org/2001/XMLSchema-instance" xsi:schemaLocation="http://schema.primaresearch.org/PAGE/gts/pagecontent/2013-07-15 http://schema.primaresearch.org/PAGE/gts/pagecontent/2013-07-15/pagecontent.xsd">
    <Metadata>
        <Creator>prov=READ-COOP:name=PyLaia@TranskribusPlatform:version=2.12.1:model_id=39995:lm=none:date=09_04_2024_22:50</Creator>
        <Created>2019-10-07T20:39:06.134+02:00</Created>
        <LastChange>2024-04-09T22:50:49.200+02:00</LastChange>
        <TranskribusMetadata docId="224459" pageId="9582336" pageNr="406" tsid="157630427" status="IN_PROGRESS" userId="64420" imgUrl="https://files.transkribus.eu/Get?id=STHCGYLIJTBUELWSDWLEVSID&amp;fileType=view" xmlUrl="https://files.transkribus.eu/Get?id=UMBACLOUGSGISVNYDAGBWMYW" imageId="6209157"/>
    </Metadata>
    <Page imageFilename="224459_0406.jpeg" imageWidth="3392" imageHeight="4352">
        <ReadingOrder>
            <OrderedGroup id="ro_1712938146276" caption="Regions reading order">
                <RegionRefIndexed index="0" regionRef="tr_1"/>
                <RegionRefIndexed index="1" regionRef="tr_2"/>
            </OrderedGroup>
        </ReadingOrder>
        <TextRegion orientation="0.0" id="tr_1" custom="readingOrder {index:0;}">
            <Coords points="167,388 167,3536 1291,3536 1291,388"/>
            <TextLine id="tr_1_tl_1" custom="readingOrder {index:0;}">
                <Coords points="217,435 229,437 235,434 245,439 251,432 263,428 270,430 284,419 290,419 295,425 306,425 304,386 288,386 251,359 245,366 238,364 233,370 215,371"/>
                <Baseline points="226,417 254,419 282,420 310,420"/>
                <Word id="tr_1_tl_1_w1" custom="readingOrder {index:0;}">
                    <Coords points="221,379 221,439 305,439 305,379"/>
                    <TextEquiv>
                        <Unicode>2.</Unicode>
                    </TextEquiv>
                </Word>
                <TextEquiv>
                    <Unicode>2.</Unicode>
                </TextEquiv>
            </TextLine>
            <TextLine id="tr_1_tl_2" custom="readingOrder {index:1;}">
                <Coords points="359,441 1230,467 1287,457 1285,373 974,393 907,359 819,391 492,350 357,379"/>
                <Baseline points="367,411 413,420 459,417 505,420 551,423 598,423 644,423 690,423 736,423 782,422 829,420 875,419 921,418 967,421 1013,424 1060,426 1106,426 1152,426 1198,428 1244,429 1291,431"/>
                <Word id="tr_1_tl_2_w1" custom="readingOrder {index:0;}">
                    <Coords points="366,383 366,443 955,443 955,383"/>
                    <TextEquiv>
                        <Unicode>Schnitzler's</Unicode>
                    </TextEquiv>
                </Word>
                <Word id="tr_1_tl_2_w2" custom="readingOrder {index:1;}">
                    <Coords points="1015,386 1015,446 1246,446 1246,386"/>
                    <TextEquiv>
                        <Unicode>Death</Unicode>
                    </TextEquiv>
                </Word>
                <TextEquiv>
                    <Unicode>Schnitzler's Death</Unicode>
                </TextEquiv>
            </TextLine>
            <TextLine id="tr_1_tl_3" custom="readingOrder {index:2;}">
                <Coords points="188,1230 947,1255 958,1168 715,1205 663,1171 507,1189 421,1162 187,1189"/>
                <Baseline points="199,1217 237,1222 275,1223 313,1223 352,1223 390,1223 428,1223 466,1223 505,1225 543,1226 581,1226 619,1227 658,1229 696,1229 734,1229 772,1229 811,1229 849,1229 887,1230 925,1233 964,1235"/>
                <Word id="tr_1_tl_3_w1" custom="readingOrder {index:0;}">
                    <Coords points="192,1179 192,1239 248,1239 248,1179"/>
                    <TextEquiv>
                        <Unicode>ing</Unicode>
                    </TextEquiv>
                </Word>
                <Word id="tr_1_tl_3_w2" custom="readingOrder {index:1;}">
                    <Coords points="285,1183 285,1243 336,1243 336,1183"/>
                    <TextEquiv>
                        <Unicode>ins</Unicode>
                    </TextEquiv>
                </Word>
                <Word id="tr_1_tl_3_w3" custom="readingOrder {index:2;}">
                    <Coords points="368,1183 368,1243 528,1243 528,1183"/>
                    <TextEquiv>
                        <Unicode>Ausland</Unicode>
                    </TextEquiv>
                </Word>
                <Word id="tr_1_tl_3_w4" custom="readingOrder {index:3;}">
                    <Coords points="565,1186 565,1246 632,1246 632,1186"/>
                    <TextEquiv>
                        <Unicode>und</Unicode>
                    </TextEquiv>
                </Word>
                <Word id="tr_1_tl_3_w5" custom="readingOrder {index:4;}">
                    <Coords points="669,1189 669,1249 756,1249 756,1189"/>
                    <TextEquiv>
                        <Unicode>nach</Unicode>
                    </TextEquiv>
                </Word>
                <Word id="tr_1_tl_3_w6" custom="readingOrder {index:5;}">
                    <Coords points="793,1189 793,1249 958,1249 958,1189"/>
                    <TextEquiv>
                        <Unicode>Persien.</Unicode>
                    </TextEquiv>
                </Word>
                <TextEquiv>
                    <Unicode>ing ins Ausland und nach Persien.</Unicode>
                </TextEquiv>
            </TextLine>
            <TextLine id="tr_1_tl_4" custom="readingOrder {index:3;}">
                <Coords points="196,1287 419,1274 560,1299 656,1276 960,1303 958,1253 908,1239 196,1230"/>
                <Baseline points="205,1271 242,1271 280,1271 318,1271 356,1270 394,1269 431,1271 469,1274 507,1276 545,1277 583,1277 620,1277 658,1277 696,1280 734,1280 772,1280 809,1280 847,1281 885,1283 923,1283 961,1289"/>
                <Word id="tr_1_tl_4_w1" custom="readingOrder {index:0;}">
                    <Coords points="196,1231 196,1291 338,1291 338,1231"/>
                    <TextEquiv>
                        <Unicode>'ersien!</Unicode>
                    </TextEquiv>
                </Word>
                <Word id="tr_1_tl_4_w2" custom="readingOrder {index:1;}">
                    <Coords points="365,1229 365,1289 381,1289 381,1229"/>
                    <TextEquiv>
                        <Unicode>—</Unicode>
                    </TextEquiv>
                </Word>
                <Word id="tr_1_tl_4_w3" custom="readingOrder {index:2;}">
                    <Coords points="434,1233 434,1293 492,1293 492,1233"/>
                    <TextEquiv>
                        <Unicode>die</Unicode>
                    </TextEquiv>
                </Word>
                <Word id="tr_1_tl_4_w4" custom="readingOrder {index:3;}">
                    <Coords points="524,1237 524,1297 624,1297 624,1237"/>
                    <TextEquiv>
                        <Unicode>Ruhe</Unicode>
                    </TextEquiv>
                </Word>
                <Word id="tr_1_tl_4_w5" custom="readingOrder {index:4;}">
                    <Coords points="662,1239 662,1299 725,1299 725,1239"/>
                    <TextEquiv>
                        <Unicode>und</Unicode>
                    </TextEquiv>
                </Word>
                <Word id="tr_1_tl_4_w6" custom="readingOrder {index:5;}">
                    <Coords points="763,1241 763,1301 942,1301 942,1241"/>
                    <TextEquiv>
                        <Unicode>Ordnung</Unicode>
                    </TextEquiv>
                </Word>
                <TextEquiv>
                    <Unicode>'ersien! — die Ruhe und Ordnung</Unicode>
                </TextEquiv>
            </TextLine>
            <TextLine id="tr_1_tl_5" custom="readingOrder {index:4;}">
                <Coords points="181,1328 912,1349 956,1338 956,1305 180,1276"/>
                <Baseline points="191,1319 229,1322 268,1322 306,1322 345,1322 383,1322 422,1323 460,1325 499,1325 537,1325 576,1327 614,1328 653,1328 691,1329 730,1331 768,1331 807,1331 845,1331 884,1331 922,1331 961,1334"/>
                <Word id="tr_1_tl_5_w1" custom="readingOrder {index:0;}">
                    <Coords points="185,1281 185,1341 248,1341 248,1281"/>
                    <TextEquiv>
                        <Unicode>ahr</Unicode>
                    </TextEquiv>
                </Word>
                <Word id="tr_1_tl_5_w2" custom="readingOrder {index:1;}">
                    <Coords points="275,1282 275,1342 481,1342 481,1282"/>
                    <TextEquiv>
                        <Unicode>unterstellt</Unicode>
                    </TextEquiv>
                </Word>
                <Word id="tr_1_tl_5_w3" custom="readingOrder {index:2;}">
                    <Coords points="503,1287 503,1347 667,1347 667,1287"/>
                    <TextEquiv>
                        <Unicode>werden.</Unicode>
                    </TextEquiv>
                </Word>
                <Word id="tr_1_tl_5_w4" custom="readingOrder {index:3;}">
                    <Coords points="684,1290 684,1350 763,1350 763,1290"/>
                    <TextEquiv>
                        <Unicode>Daß</Unicode>
                    </TextEquiv>
                </Word>
                <Word id="tr_1_tl_5_w5" custom="readingOrder {index:4;}">
                    <Coords points="790,1291 790,1351 837,1351 837,1291"/>
                    <TextEquiv>
                        <Unicode>sie</Unicode>
                    </TextEquiv>
                </Word>
                <Word id="tr_1_tl_5_w6" custom="readingOrder {index:5;}">
                    <Coords points="864,1291 864,1351 948,1351 948,1291"/>
                    <TextEquiv>
                        <Unicode>aber</Unicode>
                    </TextEquiv>
                </Word>
                <TextEquiv>
                    <Unicode>ahr unterstellt werden. Daß sie aber</Unicode>
                </TextEquiv>
            </TextLine>
            <TextLine id="tr_1_tl_6" custom="readingOrder {index:5;}">
                <Coords points="188,1378 956,1390 935,1338 188,1344"/>
                <Baseline points="199,1373 237,1373 275,1373 313,1373 351,1373 389,1374 427,1376 465,1376 503,1376 541,1376 580,1376 618,1377 656,1379 694,1379 732,1379 770,1379 808,1379 846,1380 884,1382 922,1382 961,1382"/>
                <Word id="tr_1_tl_6_w1" custom="readingOrder {index:0;}">
                    <Coords points="188,1333 188,1393 218,1393 218,1333"/>
                    <TextEquiv>
                        <Unicode>an</Unicode>
                    </TextEquiv>
                </Word>
                <Word id="tr_1_tl_6_w2" custom="readingOrder {index:1;}">
                    <Coords points="250,1333 250,1393 358,1393 358,1333"/>
                    <TextEquiv>
                        <Unicode>habe,</Unicode>
                    </TextEquiv>
                </Word>
                <Word id="tr_1_tl_6_w3" custom="readingOrder {index:2;}">
                    <Coords points="374,1334 374,1394 435,1394 435,1334"/>
                    <TextEquiv>
                        <Unicode>daß</Unicode>
                    </TextEquiv>
                </Word>
                <Word id="tr_1_tl_6_w4" custom="readingOrder {index:3;}">
                    <Coords points="473,1336 473,1396 544,1396 544,1336"/>
                    <TextEquiv>
                        <Unicode>hier</Unicode>
                    </TextEquiv>
                </Word>
                <Word id="tr_1_tl_6_w5" custom="readingOrder {index:4;}">
                    <Coords points="566,1337 566,1397 674,1397 674,1337"/>
                    <TextEquiv>
                        <Unicode>durch</Unicode>
                    </TextEquiv>
                </Word>
                <Word id="tr_1_tl_6_w6" custom="readingOrder {index:5;}">
                    <Coords points="706,1339 706,1399 757,1399 757,1339"/>
                    <TextEquiv>
                        <Unicode>ein</Unicode>
                    </TextEquiv>
                </Word>
                <Word id="tr_1_tl_6_w7" custom="readingOrder {index:6;}">
                    <Coords points="784,1340 784,1400 944,1400 944,1340"/>
                    <TextEquiv>
                        <Unicode>persisch</Unicode>
                    </TextEquiv>
                </Word>
                <TextEquiv>
                    <Unicode>an habe, daß hier durch ein persisch</Unicode>
                </TextEquiv>
            </TextLine>
            <TextLine id="tr_1_tl_7" custom="readingOrder {index:6;}">
                <Coords points="185,1465 229,1427 953,1442 939,1390 183,1394"/>
                <Baseline points="194,1420 232,1420 270,1420 308,1420 346,1421 385,1424 423,1426 461,1423 499,1423 537,1423 576,1425 614,1426 652,1426 690,1426 728,1429 767,1429 805,1429 843,1429 881,1429 919,1430 958,1429"/>
                <Word id="tr_1_tl_7_w1" custom="readingOrder {index:0;}">
                    <Coords points="232,1380 232,1440 439,1440 439,1380"/>
                    <TextEquiv>
                        <Unicode>Ordnung“</Unicode>
                    </TextEquiv>
                </Word>
                <Word id="tr_1_tl_7_w2" custom="readingOrder {index:1;}">
                    <Coords points="475,1384 475,1444 676,1444 676,1384"/>
                    <TextEquiv>
                        <Unicode>gefährdet</Unicode>
                    </TextEquiv>
                </Word>
                <Word id="tr_1_tl_7_w3" custom="readingOrder {index:2;}">
                    <Coords points="707,1389 707,1449 849,1449 849,1389"/>
                    <TextEquiv>
                        <Unicode>worden</Unicode>
                    </TextEquiv>
                </Word>
                <Word id="tr_1_tl_7_w4" custom="readingOrder {index:3;}">
                    <Coords points="891,1389 891,1449 955,1449 955,1389"/>
                    <TextEquiv>
                        <Unicode>sei,</Unicode>
                    </TextEquiv>
                </Word>
                <TextEquiv>
                    <Unicode>Ordnung“ gefährdet worden sei,</Unicode>
                </TextEquiv>
            </TextLine>
            <TextLine id="tr_1_tl_8" custom="readingOrder {index:7;}">
                <Coords points="199,1481 953,1504 951,1442 197,1431"/>
                <Baseline points="208,1468 245,1470 283,1471 320,1471 358,1471 395,1471 433,1474 470,1474 508,1474 545,1474 583,1474 620,1475 658,1477 695,1477 733,1477 770,1479 808,1480 845,1480 883,1480 920,1480 958,1480"/>
                <Word id="tr_1_tl_8_w1" custom="readingOrder {index:0;}">
                    <Coords points="207,1429 207,1489 268,1489 268,1429"/>
                    <TextEquiv>
                        <Unicode>den</Unicode>
                    </TextEquiv>
                </Word>
                <Word id="tr_1_tl_8_w2" custom="readingOrder {index:1;}">
                    <Coords points="300,1431 300,1491 418,1491 418,1431"/>
                    <TextEquiv>
                        <Unicode>Schah</Unicode>
                    </TextEquiv>
                </Word>
                <Word id="tr_1_tl_8_w3" custom="readingOrder {index:2;}">
                    <Coords points="450,1434 450,1494 511,1494 511,1434"/>
                    <TextEquiv>
                        <Unicode>von</Unicode>
                    </TextEquiv>
                </Word>
                <Word id="tr_1_tl_8_w4" custom="readingOrder {index:3;}">
                    <Coords points="548,1434 548,1494 687,1494 687,1434"/>
                    <TextEquiv>
                        <Unicode>Persien</Unicode>
                    </TextEquiv>
                </Word>
                <Word id="tr_1_tl_8_w5" custom="readingOrder {index:4;}">
                    <Coords points="719,1440 719,1500 946,1500 946,1440"/>
                    <TextEquiv>
                        <Unicode>geschimpft</Unicode>
                    </TextEquiv>
                </Word>
                <TextEquiv>
                    <Unicode>den Schah von Persien geschimpft</Unicode>
                </TextEquiv>
            </TextLine>
            <TextLine id="tr_1_tl_9" custom="readingOrder {index:8;}">
                <Coords points="187,1536 489,1552 615,1530 960,1564 958,1509 876,1493 187,1486"/>
                <Baseline points="197,1525 235,1520 273,1519 311,1519 349,1520 388,1523 426,1525 464,1525 502,1525 540,1525 579,1525 617,1525 655,1526 693,1528 731,1528 770,1528 808,1530 846,1531 884,1531 922,1531 961,1531"/>
                <Word id="tr_1_tl_9_w1" custom="readingOrder {index:0;}">
                    <Coords points="187,1482 187,1542 245,1542 245,1482"/>
                    <TextEquiv>
                        <Unicode>ger</Unicode>
                    </TextEquiv>
                </Word>
                <Word id="tr_1_tl_9_w2" custom="readingOrder {index:1;}">
                    <Coords points="272,1479 272,1539 408,1539 408,1479"/>
                    <TextEquiv>
                        <Unicode>Mensch</Unicode>
                    </TextEquiv>
                </Word>
                <Word id="tr_1_tl_9_w3" custom="readingOrder {index:2;}">
                    <Coords points="441,1485 441,1545 593,1545 593,1485"/>
                    <TextEquiv>
                        <Unicode>glauben</Unicode>
                    </TextEquiv>
                </Word>
                <Word id="tr_1_tl_9_w4" custom="readingOrder {index:3;}">
                    <Coords points="620,1486 620,1546 704,1546 704,1486"/>
                    <TextEquiv>
                        <Unicode>oder</Unicode>
                    </TextEquiv>
                </Word>
                <Word id="tr_1_tl_9_w5" custom="readingOrder {index:4;}">
                    <Coords points="731,1490 731,1550 936,1550 936,1490"/>
                    <TextEquiv>
                        <Unicode>behaupten</Unicode>
                    </TextEquiv>
                </Word>
                <TextEquiv>
                    <Unicode>ger Mensch glauben oder behaupten</Unicode>
                </TextEquiv>
            </TextLine>
            <TextLine id="tr_1_tl_10" custom="readingOrder {index:9;}">
                <Coords points="196,1632 944,1642 944,1605 830,1584 196,1582"/>
                <Baseline points="205,1617 242,1619 279,1620 316,1620 353,1620 391,1620 428,1620 465,1622 502,1623 539,1624 577,1626 614,1626 651,1626 688,1628 725,1629 763,1629 800,1629 837,1629 874,1632 911,1632 949,1632"/>
                <Word id="tr_1_tl_10_w1" custom="readingOrder {index:0;}">
                    <Coords points="196,1577 196,1637 250,1637 250,1577"/>
                    <TextEquiv>
                        <Unicode>die</Unicode>
                    </TextEquiv>
                </Word>
                <Word id="tr_1_tl_10_w2" custom="readingOrder {index:1;}">
                    <Coords points="277,1580 277,1640 514,1640 514,1580"/>
                    <TextEquiv>
                        <Unicode>Begründung</Unicode>
                    </TextEquiv>
                </Word>
                <Word id="tr_1_tl_10_w3" custom="readingOrder {index:2;}">
                    <Coords points="547,1585 547,1645 601,1645 601,1585"/>
                    <TextEquiv>
                        <Unicode>des</Unicode>
                    </TextEquiv>
                </Word>
                <Word id="tr_1_tl_10_w4" custom="readingOrder {index:3;}">
                    <Coords points="629,1588 629,1648 779,1648 779,1588"/>
                    <TextEquiv>
                        <Unicode>Verbots</Unicode>
                    </TextEquiv>
                </Word>
                <Word id="tr_1_tl_10_w5" custom="readingOrder {index:4;}">
                    <Coords points="802,1591 802,1651 941,1651 941,1591"/>
                    <TextEquiv>
                        <Unicode>folgen¬</Unicode>
                    </TextEquiv>
                </Word>
                <TextEquiv>
                    <Unicode>die Begründung des Verbots folgen¬</Unicode>
                </TextEquiv>
            </TextLine>
            <TextLine id="tr_1_tl_11" custom="readingOrder {index:10;}">
                <Coords points="181,1676 944,1687 944,1642 892,1637 551,1650 350,1621 320,1650 181,1626"/>
                <Baseline points="191,1668 228,1668 266,1668 304,1670 342,1671 380,1671 418,1671 456,1671 494,1673 532,1674 570,1674 607,1674 645,1674 683,1677 721,1677 759,1679 797,1680 835,1680 873,1681 911,1683 949,1683"/>
                <Word id="tr_1_tl_11_w1" custom="readingOrder {index:0;}">
                    <Coords points="176,1628 176,1688 202,1688 202,1628"/>
                    <TextEquiv>
                        <Unicode>fe</Unicode>
                    </TextEquiv>
                </Word>
                <Word id="tr_1_tl_11_w2" custom="readingOrder {index:1;}">
                    <Coords points="235,1628 235,1688 294,1688 294,1628"/>
                    <TextEquiv>
                        <Unicode>des</Unicode>
                    </TextEquiv>
                </Word>
                <Word id="tr_1_tl_11_w3" custom="readingOrder {index:2;}">
                    <Coords points="322,1631 322,1691 499,1691 499,1631"/>
                    <TextEquiv>
                        <Unicode>,Peykar'</Unicode>
                    </TextEquiv>
                </Word>
                <Word id="tr_1_tl_11_w4" custom="readingOrder {index:3;}">
                    <Coords points="516,1634 516,1694 586,1694 586,1634"/>
                    <TextEquiv>
                        <Unicode>auf</Unicode>
                    </TextEquiv>
                </Word>
                <Word id="tr_1_tl_11_w5" custom="readingOrder {index:4;}">
                    <Coords points="613,1634 613,1694 672,1694 672,1634"/>
                    <TextEquiv>
                        <Unicode>den</Unicode>
                    </TextEquiv>
                </Word>
                <Word id="tr_1_tl_11_w6" custom="readingOrder {index:5;}">
                    <Coords points="711,1639 711,1699 823,1699 823,1639"/>
                    <TextEquiv>
                        <Unicode>Schah</Unicode>
                    </TextEquiv>
                </Word>
                <Word id="tr_1_tl_11_w7" custom="readingOrder {index:6;}">
                    <Coords points="862,1642 862,1702 931,1702 931,1642"/>
                    <TextEquiv>
                        <Unicode>sind</Unicode>
                    </TextEquiv>
                </Word>
                <TextEquiv>
                    <Unicode>fe des ,Peykar' auf den Schah sind</Unicode>
                </TextEquiv>
            </TextLine>
            <TextLine id="tr_1_tl_12" custom="readingOrder {index:11;}">
                <Coords points="181,1728 930,1744 947,1689 507,1676 331,1699 180,1674"/>
                <Baseline points="191,1713 229,1718 267,1719 305,1719 343,1719 381,1720 419,1722 457,1722 495,1722 533,1722 571,1724 609,1725 647,1725 685,1725 723,1725 761,1727 799,1728 837,1729 875,1731 913,1731 952,1731"/>
                <Word id="tr_1_tl_12_w1" custom="readingOrder {index:0;}">
                    <Coords points="180,1678 180,1738 306,1738 306,1678"/>
                    <TextEquiv>
                        <Unicode>hlands</Unicode>
                    </TextEquiv>
                </Word>
                <Word id="tr_1_tl_12_w2" custom="readingOrder {index:1;}">
                    <Coords points="333,1679 333,1739 370,1739 370,1679"/>
                    <TextEquiv>
                        <Unicode>zu</Unicode>
                    </TextEquiv>
                </Word>
                <Word id="tr_1_tl_12_w3" custom="readingOrder {index:2;}">
                    <Coords points="402,1682 402,1742 544,1742 544,1682"/>
                    <TextEquiv>
                        <Unicode>Persien</Unicode>
                    </TextEquiv>
                </Word>
                <Word id="tr_1_tl_12_w4" custom="readingOrder {index:3;}">
                    <Coords points="576,1685 576,1745 739,1745 739,1685"/>
                    <TextEquiv>
                        <Unicode>getrübt.</Unicode>
                    </TextEquiv>
                </Word>
                <Word id="tr_1_tl_12_w5" custom="readingOrder {index:4;}">
                    <Coords points="761,1689 761,1749 929,1749 929,1689"/>
                    <TextEquiv>
                        <Unicode>Dadurch</Unicode>
                    </TextEquiv>
                </Word>
                <TextEquiv>
                    <Unicode>hlands zu Persien getrübt. Dadurch</Unicode>
                </TextEquiv>
            </TextLine>
            <TextLine id="tr_1_tl_13" custom="readingOrder {index:12;}">
                <Coords points="181,1772 942,1790 940,1744 901,1738 181,1730"/>
                <Baseline points="191,1767 228,1770 266,1768 304,1767 342,1768 379,1770 417,1770 455,1770 493,1770 530,1772 568,1773 606,1773 644,1773 681,1773 719,1773 757,1775 795,1778 832,1779 870,1779 908,1779 946,1776"/>
                <Word id="tr_1_tl_13_w1" custom="readingOrder {index:0;}">
                    <Coords points="187,1727 187,1787 443,1787 443,1727"/>
                    <TextEquiv>
                        <Unicode>Deutschland</Unicode>
                    </TextEquiv>
                </Word>
                <Word id="tr_1_tl_13_w2" custom="readingOrder {index:1;}">
                    <Coords points="475,1733 475,1793 705,1793 705,1733"/>
                    <TextEquiv>
                        <Unicode>gefährdet.“</Unicode>
                    </TextEquiv>
                </Word>
                <Word id="tr_1_tl_13_w3" custom="readingOrder {index:2;}">
                    <Coords points="732,1737 732,1797 838,1797 838,1737"/>
                    <TextEquiv>
                        <Unicode>Wenn</Unicode>
                    </TextEquiv>
                </Word>
                <Word id="tr_1_tl_13_w4" custom="readingOrder {index:3;}">
                    <Coords points="877,1739 877,1799 935,1799 935,1739"/>
                    <TextEquiv>
                        <Unicode>das</Unicode>
                    </TextEquiv>
                </Word>
                <TextEquiv>
                    <Unicode>Deutschland gefährdet.“ Wenn das</Unicode>
                </TextEquiv>
            </TextLine>
            <TextLine id="tr_1_tl_14" custom="readingOrder {index:13;}">
                <Coords points="178,1840 949,1843 949,1804 176,1778"/>
                <Baseline points="188,1817 226,1817 264,1817 302,1817 340,1817 379,1818 417,1820 455,1820 493,1820 531,1820 570,1822 608,1823 646,1823 684,1823 722,1823 761,1825 799,1826 837,1826 875,1826 913,1827 952,1829"/>
                <Word id="tr_1_tl_14_w1" custom="readingOrder {index:0;}">
                    <Coords points="175,1777 175,1837 302,1837 302,1777"/>
                    <TextEquiv>
                        <Unicode>erbots</Unicode>
                    </TextEquiv>
                </Word>
                <Word id="tr_1_tl_14_w2" custom="readingOrder {index:1;}">
                    <Coords points="323,1777 323,1837 386,1837 386,1777"/>
                    <TextEquiv>
                        <Unicode>ist,</Unicode>
                    </TextEquiv>
                </Word>
                <Word id="tr_1_tl_14_w3" custom="readingOrder {index:2;}">
                    <Coords points="402,1779 402,1839 431,1839 431,1779"/>
                    <TextEquiv>
                        <Unicode>so</Unicode>
                    </TextEquiv>
                </Word>
                <Word id="tr_1_tl_14_w4" custom="readingOrder {index:3;}">
                    <Coords points="456,1780 456,1840 548,1840 548,1780"/>
                    <TextEquiv>
                        <Unicode>kann</Unicode>
                    </TextEquiv>
                </Word>
                <Word id="tr_1_tl_14_w5" custom="readingOrder {index:4;}">
                    <Coords points="579,1783 579,1843 652,1843 652,1783"/>
                    <TextEquiv>
                        <Unicode>man</Unicode>
                    </TextEquiv>
                </Word>
                <Word id="tr_1_tl_14_w6" custom="readingOrder {index:5;}">
                    <Coords points="682,1783 682,1843 750,1843 750,1783"/>
                    <TextEquiv>
                        <Unicode>nur</Unicode>
                    </TextEquiv>
                </Word>
                <Word id="tr_1_tl_14_w7" custom="readingOrder {index:6;}">
                    <Coords points="776,1786 776,1846 839,1846 839,1786"/>
                    <TextEquiv>
                        <Unicode>mit</Unicode>
                    </TextEquiv>
                </Word>
                <Word id="tr_1_tl_14_w8" custom="readingOrder {index:7;}">
                    <Coords points="860,1786 860,1846 923,1846 923,1786"/>
                    <TextEquiv>
                        <Unicode>dem</Unicode>
                    </TextEquiv>
                </Word>
                <TextEquiv>
                    <Unicode>erbots ist, so kann man nur mit dem</Unicode>
                </TextEquiv>
            </TextLine>
            <TextLine id="tr_1_tl_15" custom="readingOrder {index:14;}">
                <Coords points="178,1884 446,1866 939,1889 947,1843 176,1840"/>
                <Baseline points="185,1862 223,1865 261,1867 300,1866 338,1866 376,1868 415,1868 453,1868 491,1868 530,1870 568,1871 606,1871 645,1872 683,1874 721,1874 760,1874 798,1876 836,1877 875,1877 913,1877 952,1880"/>
                <Word id="tr_1_tl_15_w1" custom="readingOrder {index:0;}">
                    <Coords points="188,1825 188,1885 264,1885 264,1825"/>
                    <TextEquiv>
                        <Unicode>fel,</Unicode>
                    </TextEquiv>
                </Word>
                <Word id="tr_1_tl_15_w2" custom="readingOrder {index:1;}">
                    <Coords points="293,1827 293,1887 431,1887 431,1827"/>
                    <TextEquiv>
                        <Unicode>hoffen,</Unicode>
                    </TextEquiv>
                </Word>
                <Word id="tr_1_tl_15_w3" custom="readingOrder {index:2;}">
                    <Coords points="459,1828 459,1888 525,1888 525,1828"/>
                    <TextEquiv>
                        <Unicode>daß</Unicode>
                    </TextEquiv>
                </Word>
                <Word id="tr_1_tl_15_w4" custom="readingOrder {index:3;}">
                    <Coords points="564,1831 564,1891 625,1891 625,1831"/>
                    <TextEquiv>
                        <Unicode>das</Unicode>
                    </TextEquiv>
                </Word>
                <Word id="tr_1_tl_15_w5" custom="readingOrder {index:4;}">
                    <Coords points="664,1836 664,1896 941,1896 941,1836"/>
                    <TextEquiv>
                        <Unicode>Reichsgericht</Unicode>
                    </TextEquiv>
                </Word>
                <TextEquiv>
                    <Unicode>fel, hoffen, daß das Reichsgericht</Unicode>
                </TextEquiv>
            </TextLine>
            <TextLine id="tr_1_tl_16" custom="readingOrder {index:15;}">
                <Coords points="176,1934 430,1918 460,1941 688,1923 919,1945 931,1888 174,1884"/>
                <Baseline points="185,1913 222,1916 260,1916 297,1916 335,1916 373,1916 410,1916 448,1919 485,1919 523,1919 561,1920 598,1922 636,1922 673,1922 711,1922 749,1924 786,1924 824,1923 861,1925 899,1925 937,1925"/>
                <Word id="tr_1_tl_16_w1" custom="readingOrder {index:0;}">
                    <Coords points="174,1873 174,1933 217,1933 217,1873"/>
                    <TextEquiv>
                        <Unicode>jen</Unicode>
                    </TextEquiv>
                </Word>
                <Word id="tr_1_tl_16_w2" custom="readingOrder {index:1;}">
                    <Coords points="255,1876 255,1936 395,1936 395,1876"/>
                    <TextEquiv>
                        <Unicode>solchen</Unicode>
                    </TextEquiv>
                </Word>
                <Word id="tr_1_tl_16_w3" custom="readingOrder {index:2;}">
                    <Coords points="434,1879 434,1939 650,1939 650,1879"/>
                    <TextEquiv>
                        <Unicode>Mißbrauch</Unicode>
                    </TextEquiv>
                </Word>
                <Word id="tr_1_tl_16_w4" custom="readingOrder {index:3;}">
                    <Coords points="688,1882 688,1942 752,1942 752,1882"/>
                    <TextEquiv>
                        <Unicode>der</Unicode>
                    </TextEquiv>
                </Word>
                <Word id="tr_1_tl_16_w5" custom="readingOrder {index:4;}">
                    <Coords points="785,1884 785,1944 920,1944 920,1884"/>
                    <TextEquiv>
                        <Unicode>Notver</Unicode>
                    </TextEquiv>
                </Word>
                <TextEquiv>
                    <Unicode>jen solchen Mißbrauch der Notver</Unicode>
                </TextEquiv>
            </TextLine>
            <TextLine id="tr_1_tl_17" custom="readingOrder {index:16;}">
                <Coords points="181,1973 944,1998 944,1936 181,1930"/>
                <Baseline points="191,1961 228,1964 266,1964 304,1964 342,1965 379,1967 417,1967 455,1967 493,1969 530,1970 568,1970 606,1971 644,1973 681,1973 719,1973 757,1973 795,1974 832,1976 870,1976 908,1976 946,1976"/>
                <Word id="tr_1_tl_17_w1" custom="readingOrder {index:0;}">
                    <Coords points="176,1921 176,1981 227,1981 227,1921"/>
                    <TextEquiv>
                        <Unicode>pot</Unicode>
                    </TextEquiv>
                </Word>
                <Word id="tr_1_tl_17_w2" custom="readingOrder {index:1;}">
                    <Coords points="253,1925 253,1985 434,1985 434,1925"/>
                    <TextEquiv>
                        <Unicode>aufheben</Unicode>
                    </TextEquiv>
                </Word>
                <Word id="tr_1_tl_17_w3" custom="readingOrder {index:2;}">
                    <Coords points="466,1929 466,1989 574,1989 574,1929"/>
                    <TextEquiv>
                        <Unicode>wird.</Unicode>
                    </TextEquiv>
                </Word>
                <Word id="tr_1_tl_17_w4" custom="readingOrder {index:3;}">
                    <Coords points="596,1933 596,1993 699,1993 699,1933"/>
                    <TextEquiv>
                        <Unicode>Denn</Unicode>
                    </TextEquiv>
                </Word>
                <Word id="tr_1_tl_17_w5" custom="readingOrder {index:4;}">
                    <Coords points="730,1933 730,1993 797,1993 797,1933"/>
                    <TextEquiv>
                        <Unicode>mit</Unicode>
                    </TextEquiv>
                </Word>
                <Word id="tr_1_tl_17_w6" custom="readingOrder {index:5;}">
                    <Coords points="824,1936 824,1996 937,1996 937,1936"/>
                    <TextEquiv>
                        <Unicode>dieser</Unicode>
                    </TextEquiv>
                </Word>
                <TextEquiv>
                    <Unicode>pot aufheben wird. Denn mit dieser</Unicode>
                </TextEquiv>
            </TextLine>
            <TextLine id="tr_1_tl_18" custom="readingOrder {index:17;}">
                <Coords points="181,2019 835,2046 944,2033 944,1998 180,1975"/>
                <Baseline points="191,2014 228,2014 266,2014 304,2016 342,2016 380,2015 418,2017 456,2014 494,2016 532,2017 570,2017 607,2018 645,2020 683,2023 721,2023 759,2023 797,2023 835,2023 873,2024 911,2026 949,2026"/>
                <Word id="tr_1_tl_18_w1" custom="readingOrder {index:0;}">
                    <Coords points="180,1974 180,2034 330,2034 330,1974"/>
                    <TextEquiv>
                        <Unicode>Zeitung</Unicode>
                    </TextEquiv>
                </Word>
                <Word id="tr_1_tl_18_w2" custom="readingOrder {index:1;}">
                    <Coords points="361,1974 361,2034 563,2034 563,1974"/>
                    <TextEquiv>
                        <Unicode>verbieten,</Unicode>
                    </TextEquiv>
                </Word>
                <Word id="tr_1_tl_18_w3" custom="readingOrder {index:2;}">
                    <Coords points="590,1978 590,2038 641,2038 641,1978"/>
                    <TextEquiv>
                        <Unicode>die</Unicode>
                    </TextEquiv>
                </Word>
                <Word id="tr_1_tl_18_w4" custom="readingOrder {index:3;}">
                    <Coords points="667,1983 667,2043 791,2043 791,1983"/>
                    <TextEquiv>
                        <Unicode>irgend</Unicode>
                    </TextEquiv>
                </Word>
                <Word id="tr_1_tl_18_w5" custom="readingOrder {index:4;}">
                    <Coords points="829,1984 829,2044 942,2044 942,1984"/>
                    <TextEquiv>
                        <Unicode>etwas</Unicode>
                    </TextEquiv>
                </Word>
                <TextEquiv>
                    <Unicode>Zeitung verbieten, die irgend etwas</Unicode>
                </TextEquiv>
            </TextLine>
            <TextLine id="tr_1_tl_19" custom="readingOrder {index:18;}">
                <Coords points="185,2069 947,2087 947,2037 894,2030 185,2026"/>
                <Baseline points="194,2062 231,2062 269,2062 307,2064 345,2065 383,2065 421,2065 459,2065 497,2067 535,2068 573,2068 610,2069 648,2071 686,2071 724,2071 762,2073 800,2072 838,2072 876,2074 914,2074 952,2077"/>
                <Word id="tr_1_tl_19_w1" custom="readingOrder {index:0;}">
                    <Coords points="185,2022 185,2082 375,2082 375,2022"/>
                    <TextEquiv>
                        <Unicode>ändischen</Unicode>
                    </TextEquiv>
                </Word>
                <Word id="tr_1_tl_19_w2" custom="readingOrder {index:1;}">
                    <Coords points="418,2027 418,2087 618,2087 618,2027"/>
                    <TextEquiv>
                        <Unicode>Regierung</Unicode>
                    </TextEquiv>
                </Word>
                <Word id="tr_1_tl_19_w3" custom="readingOrder {index:2;}">
                    <Coords points="655,2031 655,2091 760,2091 760,2031"/>
                    <TextEquiv>
                        <Unicode>nicht</Unicode>
                    </TextEquiv>
                </Word>
                <Word id="tr_1_tl_19_w4" custom="readingOrder {index:3;}">
                    <Coords points="793,2033 793,2093 940,2093 940,2033"/>
                    <TextEquiv>
                        <Unicode>gefällt.</Unicode>
                    </TextEquiv>
                </Word>
                <TextEquiv>
                    <Unicode>ändischen Regierung nicht gefällt.</Unicode>
                </TextEquiv>
            </TextLine>
            <TextLine id="tr_1_tl_20" custom="readingOrder {index:19;}">
                <Coords points="187,2121 942,2144 940,2090 892,2083 533,2074 499,2096 187,2069"/>
                <Baseline points="197,2110 234,2113 271,2113 309,2113 346,2113 384,2113 421,2113 459,2116 496,2116 534,2116 571,2117 608,2119 646,2119 683,2119 721,2121 758,2122 796,2122 833,2123 871,2125 908,2125 946,2125"/>
                <Word id="tr_1_tl_20_w1" custom="readingOrder {index:0;}">
                    <Coords points="187,2073 187,2133 393,2133 393,2073"/>
                    <TextEquiv>
                        <Unicode>Gesandter</Unicode>
                    </TextEquiv>
                </Word>
                <Word id="tr_1_tl_20_w2" custom="readingOrder {index:1;}">
                    <Coords points="420,2075 420,2135 479,2135 479,2075"/>
                    <TextEquiv>
                        <Unicode>mit</Unicode>
                    </TextEquiv>
                </Word>
                <Word id="tr_1_tl_20_w3" custom="readingOrder {index:2;}">
                    <Coords points="505,2076 505,2136 596,2136 596,2076"/>
                    <TextEquiv>
                        <Unicode>einer</Unicode>
                    </TextEquiv>
                </Word>
                <Word id="tr_1_tl_20_w4" custom="readingOrder {index:3;}">
                    <Coords points="622,2081 622,2141 860,2141 860,2081"/>
                    <TextEquiv>
                        <Unicode>Beschwerde</Unicode>
                    </TextEquiv>
                </Word>
                <Word id="tr_1_tl_20_w5" custom="readingOrder {index:4;}">
                    <Coords points="885,2085 885,2145 935,2145 935,2085"/>
                    <TextEquiv>
                        <Unicode>ins</Unicode>
                    </TextEquiv>
                </Word>
                <TextEquiv>
                    <Unicode>Gesandter mit einer Beschwerde ins</Unicode>
                </TextEquiv>
            </TextLine>
            <TextLine id="tr_1_tl_21" custom="readingOrder {index:20;}">
                <Coords points="181,2186 935,2174 935,2144 876,2135 181,2121"/>
                <Baseline points="191,2161 228,2161 265,2163 303,2164 340,2164 378,2164 415,2164 453,2164 490,2164 528,2166 565,2167 602,2167 640,2167 677,2170 715,2170 752,2172 790,2173 827,2173 865,2173 902,2173 940,2170"/>
                <Word id="tr_1_tl_21_w1" custom="readingOrder {index:0;}">
                    <Coords points="176,2121 176,2181 294,2181 294,2121"/>
                    <TextEquiv>
                        <Unicode>aucht,</Unicode>
                    </TextEquiv>
                </Word>
                <Word id="tr_1_tl_21_w2" custom="readingOrder {index:1;}">
                    <Coords points="315,2124 315,2184 356,2184 356,2124"/>
                    <TextEquiv>
                        <Unicode>um</Unicode>
                    </TextEquiv>
                </Word>
                <Word id="tr_1_tl_21_w3" custom="readingOrder {index:2;}">
                    <Coords points="403,2124 403,2184 448,2184 448,2124"/>
                    <TextEquiv>
                        <Unicode>ein</Unicode>
                    </TextEquiv>
                </Word>
                <Word id="tr_1_tl_21_w4" custom="readingOrder {index:3;}">
                    <Coords points="480,2127 480,2187 789,2187 789,2127"/>
                    <TextEquiv>
                        <Unicode>Zeitungsverbot</Unicode>
                    </TextEquiv>
                </Word>
                <Word id="tr_1_tl_21_w5" custom="readingOrder {index:4;}">
                    <Coords points="810,2133 810,2193 851,2193 851,2133"/>
                    <TextEquiv>
                        <Unicode>zu</Unicode>
                    </TextEquiv>
                </Word>
                <Word id="tr_1_tl_21_w6" custom="readingOrder {index:5;}">
                    <Coords points="883,2132 883,2192 934,2192 934,2132"/>
                    <TextEquiv>
                        <Unicode>er¬</Unicode>
                    </TextEquiv>
                </Word>
                <TextEquiv>
                    <Unicode>aucht, um ein Zeitungsverbot zu er¬</Unicode>
                </TextEquiv>
            </TextLine>
            <TextLine id="tr_1_tl_22" custom="readingOrder {index:21;}">
                <Coords points="178,2220 942,2236 940,2195 860,2181 176,2172"/>
                <Baseline points="188,2211 225,2211 263,2211 301,2211 339,2211 377,2211 415,2211 453,2211 491,2213 529,2214 567,2215 604,2217 642,2217 680,2220 718,2220 756,2220 794,2220 832,2221 870,2223 908,2223 946,2223"/>
                <Word id="tr_1_tl_22_w1" custom="readingOrder {index:0;}">
                    <Coords points="176,2171 176,2231 295,2231 295,2171"/>
                    <TextEquiv>
                        <Unicode>sumph</Unicode>
                    </TextEquiv>
                </Word>
                <Word id="tr_1_tl_22_w2" custom="readingOrder {index:1;}">
                    <Coords points="328,2171 328,2231 387,2231 387,2171"/>
                    <TextEquiv>
                        <Unicode>des</Unicode>
                    </TextEquiv>
                </Word>
                <Word id="tr_1_tl_22_w3" custom="readingOrder {index:2;}">
                    <Coords points="409,2174 409,2234 690,2234 690,2174"/>
                    <TextEquiv>
                        <Unicode>Perserschahs“</Unicode>
                    </TextEquiv>
                </Word>
                <Word id="tr_1_tl_22_w4" custom="readingOrder {index:3;}">
                    <Coords points="718,2180 718,2240 772,2240 772,2180"/>
                    <TextEquiv>
                        <Unicode>die</Unicode>
                    </TextEquiv>
                </Word>
                <Word id="tr_1_tl_22_w5" custom="readingOrder {index:4;}">
                    <Coords points="799,2182 799,2242 929,2242 929,2182"/>
                    <TextEquiv>
                        <Unicode>völlige</Unicode>
                    </TextEquiv>
                </Word>
                <TextEquiv>
                    <Unicode>sumph des Perserschahs“ die völlige</Unicode>
                </TextEquiv>
            </TextLine>
            <TextLine id="tr_1_tl_23" custom="readingOrder {index:22;}">
                <Coords points="188,2268 684,2288 684,2234 656,2227 188,2229"/>
                <Baseline points="199,2259 224,2259 250,2259 276,2259 302,2259 327,2259 353,2260 379,2262 405,2262 431,2262 456,2262 482,2263 508,2265 534,2265 560,2265 585,2265 611,2265 637,2265 663,2267 689,2271"/>
                <Word id="tr_1_tl_23_w1" custom="readingOrder {index:0;}">
                    <Coords points="193,2219 193,2279 384,2279 384,2219"/>
                    <TextEquiv>
                        <Unicode>deutscher</Unicode>
                    </TextEquiv>
                </Word>
                <Word id="tr_1_tl_23_w2" custom="readingOrder {index:1;}">
                    <Coords points="417,2225 417,2285 676,2285 676,2225"/>
                    <TextEquiv>
                        <Unicode>Preßfreiheit.</Unicode>
                    </TextEquiv>
                </Word>
                <TextEquiv>
                    <Unicode>deutscher Preßfreiheit.</Unicode>
                </TextEquiv>
            </TextLine>
            <TextLine id="tr_1_tl_24" custom="readingOrder {index:23;}">
                <Coords points="619,2378 748,2394 816,2382 876,2396 930,2391 928,2321 866,2334 839,2321 789,2330 734,2318 718,2327 617,2321"/>
                <Baseline points="629,2364 654,2366 679,2367 705,2367 730,2368 756,2369 781,2370 806,2370 832,2370 857,2370 883,2370 908,2369 934,2367"/>
                <Word id="tr_1_tl_24_w1" custom="readingOrder {index:0;}">
                    <Coords points="620,2329 620,2389 912,2389 912,2329"/>
                    <TextEquiv>
                        <Unicode>SCHNITZLER</Unicode>
                    </TextEquiv>
                </Word>
                <TextEquiv>
                    <Unicode>SCHNITZLER</Unicode>
                </TextEquiv>
            </TextLine>
            <TextLine id="tr_1_tl_25" custom="readingOrder {index:24;}">
                <Coords points="169,2426 933,2439 933,2391 839,2380 553,2396 498,2371 169,2369"/>
                <Baseline points="179,2414 216,2417 254,2417 292,2419 330,2420 368,2420 406,2420 444,2420 482,2422 520,2423 558,2423 595,2423 633,2423 671,2426 709,2426 747,2426 785,2428 823,2429 861,2429 899,2429 937,2432"/>
                <Word id="tr_1_tl_25_w1" custom="readingOrder {index:0;}">
                    <Coords points="169,2377 169,2437 311,2437 311,2377"/>
                    <TextEquiv>
                        <Unicode>Arthur</Unicode>
                    </TextEquiv>
                </Word>
                <Word id="tr_1_tl_25_w2" custom="readingOrder {index:1;}">
                    <Coords points="328,2380 328,2440 534,2440 534,2380"/>
                    <TextEquiv>
                        <Unicode>Schnitzler</Unicode>
                    </TextEquiv>
                </Word>
                <Word id="tr_1_tl_25_w3" custom="readingOrder {index:2;}">
                    <Coords points="555,2383 555,2443 613,2443 613,2383"/>
                    <TextEquiv>
                        <Unicode>von</Unicode>
                    </TextEquiv>
                </Word>
                <Word id="tr_1_tl_25_w4" custom="readingOrder {index:3;}">
                    <Coords points="645,2386 645,2446 709,2446 709,2386"/>
                    <TextEquiv>
                        <Unicode>uns</Unicode>
                    </TextEquiv>
                </Word>
                <Word id="tr_1_tl_25_w5" custom="readingOrder {index:4;}">
                    <Coords points="730,2389 730,2449 931,2449 931,2389"/>
                    <TextEquiv>
                        <Unicode>gegangen.</Unicode>
                    </TextEquiv>
                </Word>
                <TextEquiv>
                    <Unicode>Arthur Schnitzler von uns gegangen.</Unicode>
                </TextEquiv>
            </TextLine>
            <TextLine id="tr_1_tl_26" custom="readingOrder {index:25;}">
                <Coords points="176,2483 933,2488 931,2435 176,2428"/>
                <Baseline points="185,2465 222,2468 260,2468 297,2468 335,2468 373,2469 410,2471 448,2471 485,2471 523,2471 561,2472 598,2474 636,2474 673,2474 711,2476 749,2477 786,2477 824,2477 861,2477 899,2477 937,2480"/>
                <Word id="tr_1_tl_26_w1" custom="readingOrder {index:0;}">
                    <Coords points="171,2428 171,2488 313,2488 313,2428"/>
                    <TextEquiv>
                        <Unicode>Dichter</Unicode>
                    </TextEquiv>
                </Word>
                <Word id="tr_1_tl_26_w2" custom="readingOrder {index:1;}">
                    <Coords points="340,2431 340,2491 498,2491 498,2431"/>
                    <TextEquiv>
                        <Unicode>gewesen</Unicode>
                    </TextEquiv>
                </Word>
                <Word id="tr_1_tl_26_w3" custom="readingOrder {index:2;}">
                    <Coords points="535,2432 535,2492 593,2492 593,2432"/>
                    <TextEquiv>
                        <Unicode>ist:</Unicode>
                    </TextEquiv>
                </Word>
                <Word id="tr_1_tl_26_w4" custom="readingOrder {index:3;}">
                    <Coords points="620,2434 620,2494 693,2494 693,2434"/>
                    <TextEquiv>
                        <Unicode>voll</Unicode>
                    </TextEquiv>
                </Word>
                <Word id="tr_1_tl_26_w5" custom="readingOrder {index:4;}">
                    <Coords points="720,2437 720,2497 820,2497 820,2437"/>
                    <TextEquiv>
                        <Unicode>Reife</Unicode>
                    </TextEquiv>
                </Word>
                <Word id="tr_1_tl_26_w6" custom="readingOrder {index:5;}">
                    <Coords points="852,2437 852,2497 915,2497 915,2437"/>
                    <TextEquiv>
                        <Unicode>und</Unicode>
                    </TextEquiv>
                </Word>
                <TextEquiv>
                    <Unicode>Dichter gewesen ist: voll Reife und</Unicode>
                </TextEquiv>
            </TextLine>
            <TextLine id="tr_1_tl_27" custom="readingOrder {index:26;}">
                <Coords points="169,2536 894,2544 931,2538 931,2488 167,2478"/>
                <Baseline points="179,2516 216,2519 254,2519 292,2519 330,2519 367,2519 405,2519 443,2519 481,2521 518,2522 556,2523 594,2525 632,2525 669,2525 707,2525 745,2527 783,2528 820,2528 858,2528 896,2528 934,2528"/>
                <Word id="tr_1_tl_27_w1" custom="readingOrder {index:0;}">
                    <Coords points="167,2479 167,2539 323,2539 323,2479"/>
                    <TextEquiv>
                        <Unicode>Ahnung</Unicode>
                    </TextEquiv>
                </Word>
                <Word id="tr_1_tl_27_w2" custom="readingOrder {index:1;}">
                    <Coords points="362,2479 362,2539 426,2539 426,2479"/>
                    <TextEquiv>
                        <Unicode>und</Unicode>
                    </TextEquiv>
                </Word>
                <Word id="tr_1_tl_27_w3" custom="readingOrder {index:2;}">
                    <Coords points="465,2481 465,2541 551,2541 551,2481"/>
                    <TextEquiv>
                        <Unicode>stets</Unicode>
                    </TextEquiv>
                </Word>
                <Word id="tr_1_tl_27_w4" custom="readingOrder {index:3;}">
                    <Coords points="578,2485 578,2545 669,2545 669,2485"/>
                    <TextEquiv>
                        <Unicode>nahe</Unicode>
                    </TextEquiv>
                </Word>
                <Word id="tr_1_tl_27_w5" custom="readingOrder {index:4;}">
                    <Coords points="703,2486 703,2546 761,2546 761,2486"/>
                    <TextEquiv>
                        <Unicode>dem</Unicode>
                    </TextEquiv>
                </Word>
                <Word id="tr_1_tl_27_w6" custom="readingOrder {index:5;}">
                    <Coords points="811,2488 811,2548 929,2548 929,2488"/>
                    <TextEquiv>
                        <Unicode>Ende.</Unicode>
                    </TextEquiv>
                </Word>
                <TextEquiv>
                    <Unicode>Ahnung und stets nahe dem Ende.</Unicode>
                </TextEquiv>
            </TextLine>
            <TextLine id="tr_1_tl_28" custom="readingOrder {index:27;}">
                <Coords points="185,2576 933,2584 912,2536 185,2528"/>
                <Baseline points="194,2564 231,2569 268,2568 305,2567 342,2568 379,2570 416,2570 454,2570 491,2570 528,2571 565,2572 602,2572 639,2572 676,2574 714,2575 751,2575 788,2575 825,2575 862,2578 899,2576 937,2578"/>
                <Word id="tr_1_tl_28_w1" custom="readingOrder {index:0;}">
                    <Coords points="185,2528 185,2588 335,2588 335,2528"/>
                    <TextEquiv>
                        <Unicode>Garten</Unicode>
                    </TextEquiv>
                </Word>
                <Word id="tr_1_tl_28_w2" custom="readingOrder {index:1;}">
                    <Coords points="361,2530 361,2590 477,2590 477,2530"/>
                    <TextEquiv>
                        <Unicode>seines</Unicode>
                    </TextEquiv>
                </Word>
                <Word id="tr_1_tl_28_w3" custom="readingOrder {index:2;}">
                    <Coords points="502,2532 502,2592 735,2592 735,2532"/>
                    <TextEquiv>
                        <Unicode>Landhauses</Unicode>
                    </TextEquiv>
                </Word>
                <Word id="tr_1_tl_28_w4" custom="readingOrder {index:3;}">
                    <Coords points="760,2536 760,2596 926,2596 926,2536"/>
                    <TextEquiv>
                        <Unicode>gestreift</Unicode>
                    </TextEquiv>
                </Word>
                <TextEquiv>
                    <Unicode>Garten seines Landhauses gestreift</Unicode>
                </TextEquiv>
            </TextLine>
            <TextLine id="tr_1_tl_29" custom="readingOrder {index:28;}">
                <Coords points="188,2622 933,2636 931,2583 562,2599 187,2574"/>
                <Baseline points="197,2614 234,2617 271,2615 308,2614 345,2615 382,2617 419,2617 456,2617 493,2617 530,2618 567,2621 604,2623 641,2623 678,2623 715,2623 752,2624 789,2626 826,2626 863,2626 900,2626 937,2629"/>
                <Word id="tr_1_tl_29_w1" custom="readingOrder {index:0;}">
                    <Coords points="192,2574 192,2634 419,2634 419,2574"/>
                    <TextEquiv>
                        <Unicode>herabsieht.</Unicode>
                    </TextEquiv>
                </Word>
                <Word id="tr_1_tl_29_w2" custom="readingOrder {index:1;}">
                    <Coords points="440,2577 440,2637 481,2637 481,2577"/>
                    <TextEquiv>
                        <Unicode>Er</Unicode>
                    </TextEquiv>
                </Word>
                <Word id="tr_1_tl_29_w3" custom="readingOrder {index:2;}">
                    <Coords points="507,2579 507,2639 580,2639 580,2579"/>
                    <TextEquiv>
                        <Unicode>war</Unicode>
                    </TextEquiv>
                </Word>
                <Word id="tr_1_tl_29_w4" custom="readingOrder {index:3;}">
                    <Coords points="606,2583 606,2643 822,2643 822,2583"/>
                    <TextEquiv>
                        <Unicode>menschlich</Unicode>
                    </TextEquiv>
                </Word>
                <Word id="tr_1_tl_29_w5" custom="readingOrder {index:4;}">
                    <Coords points="859,2586 859,2646 921,2646 921,2586"/>
                    <TextEquiv>
                        <Unicode>wie</Unicode>
                    </TextEquiv>
                </Word>
                <TextEquiv>
                    <Unicode>herabsieht. Er war menschlich wie</Unicode>
                </TextEquiv>
            </TextLine>
            <TextLine id="tr_1_tl_30" custom="readingOrder {index:29;}">
                <Coords points="176,2673 903,2693 921,2648 174,2629"/>
                <Baseline points="185,2665 222,2665 259,2665 296,2666 333,2668 370,2668 407,2668 444,2668 481,2668 518,2669 555,2671 592,2671 629,2674 666,2674 703,2674 740,2674 777,2674 814,2674 851,2677 888,2677 925,2674"/>
                <Word id="tr_1_tl_30_w1" custom="readingOrder {index:0;}">
                    <Coords points="174,2625 174,2685 364,2685 364,2625"/>
                    <TextEquiv>
                        <Unicode>Ausdruck</Unicode>
                    </TextEquiv>
                </Word>
                <Word id="tr_1_tl_30_w2" custom="readingOrder {index:1;}">
                    <Coords points="401,2628 401,2688 517,2688 517,2628"/>
                    <TextEquiv>
                        <Unicode>dieser</Unicode>
                    </TextEquiv>
                </Word>
                <Word id="tr_1_tl_30_w3" custom="readingOrder {index:2;}">
                    <Coords points="549,2632 549,2692 670,2692 670,2632"/>
                    <TextEquiv>
                        <Unicode>Stadt,</Unicode>
                    </TextEquiv>
                </Word>
                <Word id="tr_1_tl_30_w4" custom="readingOrder {index:3;}">
                    <Coords points="692,2634 692,2694 792,2694 792,2634"/>
                    <TextEquiv>
                        <Unicode>ihrer</Unicode>
                    </TextEquiv>
                </Word>
                <Word id="tr_1_tl_30_w5" custom="readingOrder {index:4;}">
                    <Coords points="819,2637 819,2697 924,2697 924,2637"/>
                    <TextEquiv>
                        <Unicode>Men¬</Unicode>
                    </TextEquiv>
                </Word>
                <TextEquiv>
                    <Unicode>Ausdruck dieser Stadt, ihrer Men¬</Unicode>
                </TextEquiv>
            </TextLine>
            <TextLine id="tr_1_tl_31" custom="readingOrder {index:30;}">
                <Coords points="169,2723 912,2744 921,2693 167,2679"/>
                <Baseline points="176,2713 213,2716 250,2716 288,2716 325,2716 363,2716 400,2716 438,2716 475,2718 513,2719 550,2720 587,2722 625,2722 662,2722 700,2724 737,2725 775,2725 812,2725 850,2725 887,2725 925,2722"/>
                <Word id="tr_1_tl_31_w1" custom="readingOrder {index:0;}">
                    <Coords points="166,2673 166,2733 185,2733 185,2673"/>
                    <TextEquiv>
                        <Unicode>le</Unicode>
                    </TextEquiv>
                </Word>
                <Word id="tr_1_tl_31_w2" custom="readingOrder {index:1;}">
                    <Coords points="215,2676 215,2736 259,2736 259,2676"/>
                    <TextEquiv>
                        <Unicode>sie</Unicode>
                    </TextEquiv>
                </Word>
                <Word id="tr_1_tl_31_w3" custom="readingOrder {index:2;}">
                    <Coords points="284,2676 284,2736 377,2736 377,2676"/>
                    <TextEquiv>
                        <Unicode>ganz</Unicode>
                    </TextEquiv>
                </Word>
                <Word id="tr_1_tl_31_w4" custom="readingOrder {index:3;}">
                    <Coords points="402,2676 402,2736 426,2736 426,2676"/>
                    <TextEquiv>
                        <Unicode>in</Unicode>
                    </TextEquiv>
                </Word>
                <Word id="tr_1_tl_31_w5" custom="readingOrder {index:4;}">
                    <Coords points="456,2678 456,2738 524,2738 524,2678"/>
                    <TextEquiv>
                        <Unicode>sich</Unicode>
                    </TextEquiv>
                </Word>
                <Word id="tr_1_tl_31_w6" custom="readingOrder {index:5;}">
                    <Coords points="564,2682 564,2742 632,2742 632,2682"/>
                    <TextEquiv>
                        <Unicode>und</Unicode>
                    </TextEquiv>
                </Word>
                <Word id="tr_1_tl_31_w7" custom="readingOrder {index:6;}">
                    <Coords points="662,2683 662,2743 735,2743 735,2683"/>
                    <TextEquiv>
                        <Unicode>war</Unicode>
                    </TextEquiv>
                </Word>
                <Word id="tr_1_tl_31_w8" custom="readingOrder {index:7;}">
                    <Coords points="761,2685 761,2745 917,2745 917,2685"/>
                    <TextEquiv>
                        <Unicode>darüber</Unicode>
                    </TextEquiv>
                </Word>
                <TextEquiv>
                    <Unicode>le sie ganz in sich und war darüber</Unicode>
                </TextEquiv>
            </TextLine>
            <TextLine id="tr_1_tl_32" custom="readingOrder {index:31;}">
                <Coords points="169,2775 924,2789 924,2741 887,2732 169,2723"/>
                <Baseline points="179,2761 216,2764 253,2764 291,2764 328,2765 366,2767 403,2767 441,2767 478,2767 516,2768 553,2769 590,2770 628,2772 665,2772 703,2772 740,2772 778,2773 815,2775 853,2775 890,2775 928,2778"/>
                <Word id="tr_1_tl_32_w1" custom="readingOrder {index:0;}">
                    <Coords points="169,2724 169,2784 339,2784 339,2724"/>
                    <TextEquiv>
                        <Unicode>lichkeit,</Unicode>
                    </TextEquiv>
                </Word>
                <Word id="tr_1_tl_32_w2" custom="readingOrder {index:1;}">
                    <Coords points="355,2727 355,2787 613,2787 613,2727"/>
                    <TextEquiv>
                        <Unicode>unzerstörbar</Unicode>
                    </TextEquiv>
                </Word>
                <Word id="tr_1_tl_32_w3" custom="readingOrder {index:2;}">
                    <Coords points="639,2732 639,2792 700,2792 700,2732"/>
                    <TextEquiv>
                        <Unicode>und</Unicode>
                    </TextEquiv>
                </Word>
                <Word id="tr_1_tl_32_w4" custom="readingOrder {index:3;}">
                    <Coords points="737,2735 737,2795 928,2795 928,2735"/>
                    <TextEquiv>
                        <Unicode>einmalig.</Unicode>
                    </TextEquiv>
                </Word>
                <TextEquiv>
                    <Unicode>lichkeit, unzerstörbar und einmalig.</Unicode>
                </TextEquiv>
            </TextLine>
            <TextLine id="tr_1_tl_33" custom="readingOrder {index:32;}">
                <Coords points="167,2830 926,2833 924,2787 167,2773"/>
                <Baseline points="176,2811 213,2814 251,2814 288,2814 326,2814 364,2814 401,2814 439,2817 476,2817 514,2817 552,2818 589,2820 627,2820 664,2820 702,2822 740,2823 777,2823 815,2823 852,2823 890,2826 928,2826"/>
                <Word id="tr_1_tl_33_w1" custom="readingOrder {index:0;}">
                    <Coords points="161,2774 161,2834 422,2834 422,2774"/>
                    <TextEquiv>
                        <Unicode>hinabzusehen</Unicode>
                    </TextEquiv>
                </Word>
                <Word id="tr_1_tl_33_w2" custom="readingOrder {index:1;}">
                    <Coords points="457,2777 457,2837 525,2837 525,2777"/>
                    <TextEquiv>
                        <Unicode>und</Unicode>
                    </TextEquiv>
                </Word>
                <Word id="tr_1_tl_33_w3" custom="readingOrder {index:2;}">
                    <Coords points="556,2780 556,2840 653,2840 653,2780"/>
                    <TextEquiv>
                        <Unicode>sagte</Unicode>
                    </TextEquiv>
                </Word>
                <Word id="tr_1_tl_33_w4" custom="readingOrder {index:3;}">
                    <Coords points="684,2782 684,2842 747,2842 747,2782"/>
                    <TextEquiv>
                        <Unicode>mir</Unicode>
                    </TextEquiv>
                </Word>
                <Word id="tr_1_tl_33_w5" custom="readingOrder {index:4;}">
                    <Coords points="777,2783 777,2843 929,2843 929,2783"/>
                    <TextEquiv>
                        <Unicode>einmal,</Unicode>
                    </TextEquiv>
                </Word>
                <TextEquiv>
                    <Unicode>hinabzusehen und sagte mir einmal,</Unicode>
                </TextEquiv>
            </TextLine>
            <TextLine id="tr_1_tl_34" custom="readingOrder {index:33;}">
                <Coords points="204,2874 926,2887 924,2833 204,2835"/>
                <Baseline points="214,2862 249,2862 285,2864 321,2865 357,2865 393,2865 429,2865 464,2865 500,2865 536,2866 572,2868 608,2868 644,2870 680,2871 715,2871 751,2871 787,2871 823,2871 859,2872 895,2873 931,2871"/>
                <Word id="tr_1_tl_34_w1" custom="readingOrder {index:0;}">
                    <Coords points="204,2822 204,2882 274,2882 274,2822"/>
                    <TextEquiv>
                        <Unicode>und</Unicode>
                    </TextEquiv>
                </Word>
                <Word id="tr_1_tl_34_w2" custom="readingOrder {index:1;}">
                    <Coords points="318,2825 318,2885 426,2885 426,2825"/>
                    <TextEquiv>
                        <Unicode>Stadt</Unicode>
                    </TextEquiv>
                </Word>
                <Word id="tr_1_tl_34_w3" custom="readingOrder {index:2;}">
                    <Coords points="459,2825 459,2885 529,2885 529,2825"/>
                    <TextEquiv>
                        <Unicode>wie</Unicode>
                    </TextEquiv>
                </Word>
                <Word id="tr_1_tl_34_w4" custom="readingOrder {index:3;}">
                    <Coords points="562,2828 562,2888 659,2888 659,2828"/>
                    <TextEquiv>
                        <Unicode>Land</Unicode>
                    </TextEquiv>
                </Word>
                <Word id="tr_1_tl_34_w5" custom="readingOrder {index:4;}">
                    <Coords points="708,2831 708,2891 816,2891 816,2831"/>
                    <TextEquiv>
                        <Unicode>durch</Unicode>
                    </TextEquiv>
                </Word>
                <Word id="tr_1_tl_34_w6" custom="readingOrder {index:5;}">
                    <Coords points="860,2832 860,2892 913,2892 913,2832"/>
                    <TextEquiv>
                        <Unicode>die</Unicode>
                    </TextEquiv>
                </Word>
                <TextEquiv>
                    <Unicode>und Stadt wie Land durch die</Unicode>
                </TextEquiv>
            </TextLine>
            <TextLine id="tr_1_tl_35" custom="readingOrder {index:34;}">
                <Coords points="167,2933 921,2935 898,2880 167,2872"/>
                <Baseline points="176,2913 213,2913 250,2913 288,2913 325,2913 363,2913 400,2913 438,2913 475,2915 513,2918 550,2918 587,2917 625,2919 662,2919 700,2919 737,2919 775,2920 812,2922 850,2922 887,2925 925,2925"/>
                <Word id="tr_1_tl_35_w1" custom="readingOrder {index:0;}">
                    <Coords points="167,2873 167,2933 182,2933 182,2873"/>
                    <TextEquiv>
                        <Unicode>s</Unicode>
                    </TextEquiv>
                </Word>
                <Word id="tr_1_tl_35_w2" custom="readingOrder {index:1;}">
                    <Coords points="204,2873 204,2933 256,2933 256,2873"/>
                    <TextEquiv>
                        <Unicode>ich</Unicode>
                    </TextEquiv>
                </Word>
                <Word id="tr_1_tl_35_w3" custom="readingOrder {index:2;}">
                    <Coords points="283,2873 283,2933 357,2933 357,2873"/>
                    <TextEquiv>
                        <Unicode>hier</Unicode>
                    </TextEquiv>
                </Word>
                <Word id="tr_1_tl_35_w4" custom="readingOrder {index:3;}">
                    <Coords points="384,2873 384,2933 526,2933 526,2873"/>
                    <TextEquiv>
                        <Unicode>einzog,</Unicode>
                    </TextEquiv>
                </Word>
                <Word id="tr_1_tl_35_w5" custom="readingOrder {index:4;}">
                    <Coords points="544,2877 544,2937 580,2937 580,2877"/>
                    <TextEquiv>
                        <Unicode>da</Unicode>
                    </TextEquiv>
                </Word>
                <Word id="tr_1_tl_35_w6" custom="readingOrder {index:5;}">
                    <Coords points="607,2879 607,2939 733,2939 733,2879"/>
                    <TextEquiv>
                        <Unicode>dachte</Unicode>
                    </TextEquiv>
                </Word>
                <Word id="tr_1_tl_35_w7" custom="readingOrder {index:6;}">
                    <Coords points="761,2880 761,2940 813,2940 813,2880"/>
                    <TextEquiv>
                        <Unicode>ich</Unicode>
                    </TextEquiv>
                </Word>
                <Word id="tr_1_tl_35_w8" custom="readingOrder {index:7;}">
                    <Coords points="840,2884 840,2944 924,2944 924,2884"/>
                    <TextEquiv>
                        <Unicode>mir,</Unicode>
                    </TextEquiv>
                </Word>
                <TextEquiv>
                    <Unicode>s ich hier einzog, da dachte ich mir,</Unicode>
                </TextEquiv>
            </TextLine>
            <TextLine id="tr_1_tl_36" custom="readingOrder {index:35;}">
                <Coords points="185,2976 885,2986 924,2983 923,2936 183,2919"/>
                <Baseline points="194,2964 230,2964 267,2964 304,2964 340,2964 377,2964 414,2964 450,2964 487,2966 524,2967 561,2967 597,2967 634,2967 671,2968 707,2969 744,2970 781,2972 817,2972 854,2972 891,2972 928,2975"/>
                <Word id="tr_1_tl_36_w1" custom="readingOrder {index:0;}">
                    <Coords points="183,2924 183,2984 320,2984 320,2924"/>
                    <TextEquiv>
                        <Unicode>gehen,</Unicode>
                    </TextEquiv>
                </Word>
                <Word id="tr_1_tl_36_w2" custom="readingOrder {index:1;}">
                    <Coords points="342,2924 342,2984 420,2984 420,2924"/>
                    <TextEquiv>
                        <Unicode>dort</Unicode>
                    </TextEquiv>
                </Word>
                <Word id="tr_1_tl_36_w3" custom="readingOrder {index:2;}">
                    <Coords points="447,2927 447,2987 626,2987 626,2927"/>
                    <TextEquiv>
                        <Unicode>arbeiten.</Unicode>
                    </TextEquiv>
                </Word>
                <Word id="tr_1_tl_36_w4" custom="readingOrder {index:3;}">
                    <Coords points="648,2928 648,2988 700,2988 700,2928"/>
                    <TextEquiv>
                        <Unicode>Ich</Unicode>
                    </TextEquiv>
                </Word>
                <Word id="tr_1_tl_36_w5" custom="readingOrder {index:4;}">
                    <Coords points="733,2931 733,2991 822,2991 822,2931"/>
                    <TextEquiv>
                        <Unicode>habe</Unicode>
                    </TextEquiv>
                </Word>
                <Word id="tr_1_tl_36_w6" custom="readingOrder {index:5;}">
                    <Coords points="854,2932 854,2992 906,2992 906,2932"/>
                    <TextEquiv>
                        <Unicode>ihn</Unicode>
                    </TextEquiv>
                </Word>
                <TextEquiv>
                    <Unicode>gehen, dort arbeiten. Ich habe ihn</Unicode>
                </TextEquiv>
            </TextLine>
            <TextLine id="tr_1_tl_37" custom="readingOrder {index:36;}">
                <Coords points="188,3016 926,3038 903,2981 188,2974"/>
                <Baseline points="199,3008 235,3010 271,3011 308,3011 344,3011 381,3011 417,3014 454,3014 490,3014 527,3014 563,3014 599,3017 636,3017 672,3019 709,3020 745,3020 782,3020 818,3020 855,3020 891,3020 928,3023"/>
                <Word id="tr_1_tl_37_w1" custom="readingOrder {index:0;}">
                    <Coords points="187,2969 187,3029 254,3029 254,2969"/>
                    <TextEquiv>
                        <Unicode>hat</Unicode>
                    </TextEquiv>
                </Word>
                <Word id="tr_1_tl_37_w2" custom="readingOrder {index:1;}">
                    <Coords points="278,2971 278,3031 335,3031 335,2971"/>
                    <TextEquiv>
                        <Unicode>ihn</Unicode>
                    </TextEquiv>
                </Word>
                <Word id="tr_1_tl_37_w3" custom="readingOrder {index:2;}">
                    <Coords points="369,2974 369,3034 488,3034 488,2974"/>
                    <TextEquiv>
                        <Unicode>mehr,</Unicode>
                    </TextEquiv>
                </Word>
                <Word id="tr_1_tl_37_w4" custom="readingOrder {index:3;}">
                    <Coords points="513,2974 513,3034 609,3034 609,2974"/>
                    <TextEquiv>
                        <Unicode>wenn</Unicode>
                    </TextEquiv>
                </Word>
                <Word id="tr_1_tl_37_w5" custom="readingOrder {index:4;}">
                    <Coords points="643,2979 643,3039 724,3039 724,2979"/>
                    <TextEquiv>
                        <Unicode>man</Unicode>
                    </TextEquiv>
                </Word>
                <Word id="tr_1_tl_37_w6" custom="readingOrder {index:5;}">
                    <Coords points="758,2980 758,3040 810,3040 810,2980"/>
                    <TextEquiv>
                        <Unicode>ihn</Unicode>
                    </TextEquiv>
                </Word>
                <Word id="tr_1_tl_37_w7" custom="readingOrder {index:6;}">
                    <Coords points="849,2980 849,3040 906,3040 906,2980"/>
                    <TextEquiv>
                        <Unicode>von</Unicode>
                    </TextEquiv>
                </Word>
                <TextEquiv>
                    <Unicode>hat ihn mehr, wenn man ihn von</Unicode>
                </TextEquiv>
            </TextLine>
            <TextLine id="tr_1_tl_38" custom="readingOrder {index:37;}">
                <Coords points="162,3088 921,3079 919,3036 848,3025 160,3031"/>
                <Baseline points="170,3056 207,3059 245,3061 283,3062 321,3062 358,3062 396,3062 434,3065 472,3065 509,3065 547,3065 585,3065 623,3065 660,3068 698,3068 736,3068 774,3068 811,3069 849,3071 887,3071 925,3071"/>
                <Word id="tr_1_tl_38_w1" custom="readingOrder {index:0;}">
                    <Coords points="161,3016 161,3076 188,3076 188,3016"/>
                    <TextEquiv>
                        <Unicode>ps</Unicode>
                    </TextEquiv>
                </Word>
                <Word id="tr_1_tl_38_w2" custom="readingOrder {index:1;}">
                    <Coords points="210,3021 210,3081 326,3081 326,3021"/>
                    <TextEquiv>
                        <Unicode>Wort,</Unicode>
                    </TextEquiv>
                </Word>
                <Word id="tr_1_tl_38_w3" custom="readingOrder {index:2;}">
                    <Coords points="343,3022 343,3082 448,3082 448,3022"/>
                    <TextEquiv>
                        <Unicode>durch</Unicode>
                    </TextEquiv>
                </Word>
                <Word id="tr_1_tl_38_w4" custom="readingOrder {index:3;}">
                    <Coords points="482,3025 482,3085 542,3085 542,3025"/>
                    <TextEquiv>
                        <Unicode>das</Unicode>
                    </TextEquiv>
                </Word>
                <Word id="tr_1_tl_38_w5" custom="readingOrder {index:4;}">
                    <Coords points="565,3025 565,3085 636,3085 636,3025"/>
                    <TextEquiv>
                        <Unicode>man</Unicode>
                    </TextEquiv>
                </Word>
                <Word id="tr_1_tl_38_w6" custom="readingOrder {index:5;}">
                    <Coords points="665,3028 665,3088 692,3088 692,3028"/>
                    <TextEquiv>
                        <Unicode>in</Unicode>
                    </TextEquiv>
                </Word>
                <Word id="tr_1_tl_38_w7" custom="readingOrder {index:6;}">
                    <Coords points="720,3028 720,3088 775,3088 775,3028"/>
                    <TextEquiv>
                        <Unicode>ihn</Unicode>
                    </TextEquiv>
                </Word>
                <Word id="tr_1_tl_38_w8" custom="readingOrder {index:7;}">
                    <Coords points="803,3031 803,3091 913,3091 913,3031"/>
                    <TextEquiv>
                        <Unicode>selbst</Unicode>
                    </TextEquiv>
                </Word>
                <TextEquiv>
                    <Unicode>ps Wort, durch das man in ihn selbst</Unicode>
                </TextEquiv>
            </TextLine>
            <TextLine id="tr_1_tl_39" custom="readingOrder {index:38;}">
                <Coords points="164,3169 917,3182 917,3128 878,3118 791,3146 716,3123 633,3139 594,3112 363,3128 242,3091 164,3102"/>
                <Baseline points="173,3161 210,3161 247,3161 285,3161 322,3161 360,3162 397,3164 435,3164 472,3164 510,3164 547,3165 584,3166 622,3166 659,3166 697,3168 734,3169 772,3170 809,3172 847,3172 884,3172 922,3169"/>
                <Word id="tr_1_tl_39_w1" custom="readingOrder {index:0;}">
                    <Coords points="164,3121 164,3181 191,3181 191,3121"/>
                    <TextEquiv>
                        <Unicode>ir</Unicode>
                    </TextEquiv>
                </Word>
                <Word id="tr_1_tl_39_w2" custom="readingOrder {index:1;}">
                    <Coords points="224,3121 224,3181 255,3181 255,3121"/>
                    <TextEquiv>
                        <Unicode>im</Unicode>
                    </TextEquiv>
                </Word>
                <Word id="tr_1_tl_39_w3" custom="readingOrder {index:2;}">
                    <Coords points="305,3124 305,3184 520,3184 520,3124"/>
                    <TextEquiv>
                        <Unicode>September</Unicode>
                    </TextEquiv>
                </Word>
                <Word id="tr_1_tl_39_w4" custom="readingOrder {index:3;}">
                    <Coords points="548,3126 548,3186 688,3186 688,3126"/>
                    <TextEquiv>
                        <Unicode>schrieb</Unicode>
                    </TextEquiv>
                </Word>
                <Word id="tr_1_tl_39_w5" custom="readingOrder {index:4;}">
                    <Coords points="726,3129 726,3189 752,3189 752,3129"/>
                    <TextEquiv>
                        <Unicode>in</Unicode>
                    </TextEquiv>
                </Word>
                <Word id="tr_1_tl_39_w6" custom="readingOrder {index:5;}">
                    <Coords points="791,3132 791,3192 887,3192 887,3132"/>
                    <TextEquiv>
                        <Unicode>einem</Unicode>
                    </TextEquiv>
                </Word>
                <TextEquiv>
                    <Unicode>ir im September schrieb in einem</Unicode>
                </TextEquiv>
            </TextLine>
            <TextLine id="tr_1_tl_40" custom="readingOrder {index:39;}">
                <Coords points="156,3215 919,3235 919,3182 156,3178"/>
                <Baseline points="167,3208 204,3208 242,3210 280,3211 318,3211 355,3211 393,3211 431,3214 469,3214 506,3214 544,3215 582,3217 620,3217 657,3220 695,3218 733,3219 771,3220 808,3220 846,3220 884,3220 922,3220"/>
                <Word id="tr_1_tl_40_w1" custom="readingOrder {index:0;}">
                    <Coords points="161,3168 161,3228 240,3228 240,3168"/>
                    <TextEquiv>
                        <Unicode>fühl</Unicode>
                    </TextEquiv>
                </Word>
                <Word id="tr_1_tl_40_w2" custom="readingOrder {index:1;}">
                    <Coords points="262,3171 262,3231 356,3231 356,3171"/>
                    <TextEquiv>
                        <Unicode>stehe</Unicode>
                    </TextEquiv>
                </Word>
                <Word id="tr_1_tl_40_w3" custom="readingOrder {index:2;}">
                    <Coords points="378,3171 378,3231 430,3231 430,3171"/>
                    <TextEquiv>
                        <Unicode>ich</Unicode>
                    </TextEquiv>
                </Word>
                <Word id="tr_1_tl_40_w4" custom="readingOrder {index:3;}">
                    <Coords points="457,3174 457,3234 547,3234 547,3174"/>
                    <TextEquiv>
                        <Unicode>nahe</Unicode>
                    </TextEquiv>
                </Word>
                <Word id="tr_1_tl_40_w5" custom="readingOrder {index:4;}">
                    <Coords points="574,3177 574,3237 631,3237 631,3177"/>
                    <TextEquiv>
                        <Unicode>bei</Unicode>
                    </TextEquiv>
                </Word>
                <Word id="tr_1_tl_40_w6" custom="readingOrder {index:5;}">
                    <Coords points="653,3178 653,3238 785,3238 785,3178"/>
                    <TextEquiv>
                        <Unicode>Ihnen,</Unicode>
                    </TextEquiv>
                </Word>
                <Word id="tr_1_tl_40_w7" custom="readingOrder {index:6;}">
                    <Coords points="801,3180 801,3240 911,3240 911,3180"/>
                    <TextEquiv>
                        <Unicode>daher</Unicode>
                    </TextEquiv>
                </Word>
                <TextEquiv>
                    <Unicode>fühl stehe ich nahe bei Ihnen, daher</Unicode>
                </TextEquiv>
            </TextLine>
            <TextLine id="tr_1_tl_41" custom="readingOrder {index:40;}">
                <Coords points="164,3272 917,3283 917,3242 871,3231 476,3219 412,3244 380,3219 164,3219"/>
                <Baseline points="173,3256 210,3259 247,3259 284,3259 322,3260 359,3262 396,3262 434,3262 471,3262 508,3262 546,3263 583,3265 620,3265 657,3267 695,3268 732,3268 769,3269 807,3271 844,3271 881,3271 919,3268"/>
                <Word id="tr_1_tl_41_w1" custom="readingOrder {index:0;}">
                    <Coords points="164,3216 164,3276 200,3276 200,3216"/>
                    <TextEquiv>
                        <Unicode>er</Unicode>
                    </TextEquiv>
                </Word>
                <Word id="tr_1_tl_41_w2" custom="readingOrder {index:1;}">
                    <Coords points="227,3219 227,3279 407,3279 407,3219"/>
                    <TextEquiv>
                        <Unicode>Ahnung.</Unicode>
                    </TextEquiv>
                </Word>
                <Word id="tr_1_tl_41_w3" custom="readingOrder {index:2;}">
                    <Coords points="428,3222 428,3282 528,3282 528,3222"/>
                    <TextEquiv>
                        <Unicode>Aber</Unicode>
                    </TextEquiv>
                </Word>
                <Word id="tr_1_tl_41_w4" custom="readingOrder {index:3;}">
                    <Coords points="556,3225 556,3285 619,3285 619,3225"/>
                    <TextEquiv>
                        <Unicode>das</Unicode>
                    </TextEquiv>
                </Word>
                <Word id="tr_1_tl_41_w5" custom="readingOrder {index:4;}">
                    <Coords points="646,3228 646,3288 761,3288 761,3228"/>
                    <TextEquiv>
                        <Unicode>Genie</Unicode>
                    </TextEquiv>
                </Word>
                <Word id="tr_1_tl_41_w6" custom="readingOrder {index:5;}">
                    <Coords points="788,3231 788,3291 835,3291 835,3231"/>
                    <TextEquiv>
                        <Unicode>ist</Unicode>
                    </TextEquiv>
                </Word>
                <Word id="tr_1_tl_41_w7" custom="readingOrder {index:6;}">
                    <Coords points="857,3230 857,3290 915,3290 915,3230"/>
                    <TextEquiv>
                        <Unicode>in¬</Unicode>
                    </TextEquiv>
                </Word>
                <TextEquiv>
                    <Unicode>er Ahnung. Aber das Genie ist in¬</Unicode>
                </TextEquiv>
            </TextLine>
            <TextLine id="tr_1_tl_42" custom="readingOrder {index:41;}">
                <Coords points="156,3329 905,3338 915,3281 155,3272"/>
                <Baseline points="167,3307 204,3310 242,3310 279,3310 317,3310 355,3311 392,3313 430,3313 467,3313 505,3313 543,3313 580,3314 618,3316 655,3316 693,3316 731,3318 768,3319 806,3320 843,3322 881,3322 919,3319"/>
                <Word id="tr_1_tl_42_w1" custom="readingOrder {index:0;}">
                    <Coords points="155,3268 155,3328 228,3328 228,3268"/>
                    <TextEquiv>
                        <Unicode>cht</Unicode>
                    </TextEquiv>
                </Word>
                <Word id="tr_1_tl_42_w2" custom="readingOrder {index:1;}">
                    <Coords points="245,3270 245,3330 419,3330 419,3270"/>
                    <TextEquiv>
                        <Unicode>geborene</Unicode>
                    </TextEquiv>
                </Word>
                <Word id="tr_1_tl_42_w3" custom="readingOrder {index:2;}">
                    <Coords points="446,3273 446,3333 515,3333 515,3273"/>
                    <TextEquiv>
                        <Unicode>erst</Unicode>
                    </TextEquiv>
                </Word>
                <Word id="tr_1_tl_42_w4" custom="readingOrder {index:3;}">
                    <Coords points="532,3274 532,3334 648,3334 648,3274"/>
                    <TextEquiv>
                        <Unicode>recht.</Unicode>
                    </TextEquiv>
                </Word>
                <Word id="tr_1_tl_42_w5" custom="readingOrder {index:4;}">
                    <Coords points="664,3276 664,3336 701,3336 701,3276"/>
                    <TextEquiv>
                        <Unicode>So</Unicode>
                    </TextEquiv>
                </Word>
                <Word id="tr_1_tl_42_w6" custom="readingOrder {index:5;}">
                    <Coords points="722,3279 722,3339 833,3339 833,3279"/>
                    <TextEquiv>
                        <Unicode>lassen</Unicode>
                    </TextEquiv>
                </Word>
                <Word id="tr_1_tl_42_w7" custom="readingOrder {index:6;}">
                    <Coords points="855,3282 855,3342 907,3342 907,3282"/>
                    <TextEquiv>
                        <Unicode>Sie</Unicode>
                    </TextEquiv>
                </Word>
                <TextEquiv>
                    <Unicode>cht geborene erst recht. So lassen Sie</Unicode>
                </TextEquiv>
            </TextLine>
            <TextLine id="tr_1_tl_43" custom="readingOrder {index:42;}">
                <Coords points="156,3375 914,3386 912,3349 850,3327 156,3329"/>
                <Baseline points="167,3355 204,3358 241,3358 279,3360 316,3361 354,3361 391,3361 429,3361 466,3361 504,3362 541,3363 578,3364 616,3366 653,3366 691,3366 728,3368 766,3369 803,3369 841,3369 878,3369 916,3369"/>
                <Word id="tr_1_tl_43_w1" custom="readingOrder {index:0;}">
                    <Coords points="156,3316 156,3376 214,3376 214,3316"/>
                    <TextEquiv>
                        <Unicode>hem</Unicode>
                    </TextEquiv>
                </Word>
                <Word id="tr_1_tl_43_w2" custom="readingOrder {index:1;}">
                    <Coords points="251,3321 251,3381 415,3381 415,3321"/>
                    <TextEquiv>
                        <Unicode>Glauben</Unicode>
                    </TextEquiv>
                </Word>
                <Word id="tr_1_tl_43_w3" custom="readingOrder {index:2;}">
                    <Coords points="447,3321 447,3381 483,3381 483,3321"/>
                    <TextEquiv>
                        <Unicode>an</Unicode>
                    </TextEquiv>
                </Word>
                <Word id="tr_1_tl_43_w4" custom="readingOrder {index:3;}">
                    <Coords points="510,3322 510,3382 563,3382 563,3322"/>
                    <TextEquiv>
                        <Unicode>die</Unicode>
                    </TextEquiv>
                </Word>
                <Word id="tr_1_tl_43_w5" custom="readingOrder {index:4;}">
                    <Coords points="584,3326 584,3386 732,3386 732,3326"/>
                    <TextEquiv>
                        <Unicode>Gewalt</Unicode>
                    </TextEquiv>
                </Word>
                <Word id="tr_1_tl_43_w6" custom="readingOrder {index:5;}">
                    <Coords points="748,3329 748,3389 811,3389 811,3329"/>
                    <TextEquiv>
                        <Unicode>der</Unicode>
                    </TextEquiv>
                </Word>
                <Word id="tr_1_tl_43_w7" custom="readingOrder {index:6;}">
                    <Coords points="828,3329 828,3389 912,3389 912,3329"/>
                    <TextEquiv>
                        <Unicode>Per¬</Unicode>
                    </TextEquiv>
                </Word>
                <TextEquiv>
                    <Unicode>hem Glauben an die Gewalt der Per¬</Unicode>
                </TextEquiv>
            </TextLine>
            <TextLine id="tr_1_tl_44" custom="readingOrder {index:43;}">
                <Coords points="156,3429 912,3441 910,3386 823,3374 155,3375"/>
                <Baseline points="167,3408 204,3408 241,3408 279,3408 316,3408 354,3408 391,3408 429,3411 466,3411 504,3411 541,3412 578,3414 616,3414 653,3417 691,3417 728,3417 766,3418 803,3420 841,3420 878,3420 916,3417"/>
                <Word id="tr_1_tl_44_w1" custom="readingOrder {index:0;}">
                    <Coords points="155,3368 155,3428 285,3428 285,3368"/>
                    <TextEquiv>
                        <Unicode>ismus,</Unicode>
                    </TextEquiv>
                </Word>
                <Word id="tr_1_tl_44_w2" custom="readingOrder {index:1;}">
                    <Coords points="318,3368 318,3428 377,3428 377,3368"/>
                    <TextEquiv>
                        <Unicode>der</Unicode>
                    </TextEquiv>
                </Word>
                <Word id="tr_1_tl_44_w3" custom="readingOrder {index:2;}">
                    <Coords points="411,3371 411,3431 638,3431 638,3371"/>
                    <TextEquiv>
                        <Unicode>zweifelfroh</Unicode>
                    </TextEquiv>
                </Word>
                <Word id="tr_1_tl_44_w4" custom="readingOrder {index:3;}">
                    <Coords points="682,3377 682,3437 747,3437 747,3377"/>
                    <TextEquiv>
                        <Unicode>zum</Unicode>
                    </TextEquiv>
                </Word>
                <Word id="tr_1_tl_44_w5" custom="readingOrder {index:4;}">
                    <Coords points="802,3380 802,3440 915,3440 915,3380"/>
                    <TextEquiv>
                        <Unicode>Opti-</Unicode>
                    </TextEquiv>
                </Word>
                <TextEquiv>
                    <Unicode>ismus, der zweifelfroh zum Opti-</Unicode>
                </TextEquiv>
            </TextLine>
            <TextLine id="tr_1_tl_45" custom="readingOrder {index:44;}">
                <Coords points="196,3473 914,3480 914,3443 832,3425 784,3447 510,3418 196,3431"/>
                <Baseline points="205,3459 240,3459 276,3459 311,3459 347,3459 382,3459 418,3461 453,3462 489,3462 524,3462 560,3465 596,3465 631,3465 667,3466 702,3468 738,3468 773,3468 809,3468 844,3469 880,3471 916,3471"/>
                <Word id="tr_1_tl_45_w1" custom="readingOrder {index:0;}">
                    <Coords points="196,3419 196,3479 306,3479 306,3419"/>
                    <TextEquiv>
                        <Unicode>ganze</Unicode>
                    </TextEquiv>
                </Word>
                <Word id="tr_1_tl_45_w2" custom="readingOrder {index:1;}">
                    <Coords points="337,3421 337,3481 543,3481 543,3421"/>
                    <TextEquiv>
                        <Unicode>Schnitzler</Unicode>
                    </TextEquiv>
                </Word>
                <Word id="tr_1_tl_45_w3" custom="readingOrder {index:2;}">
                    <Coords points="569,3426 569,3486 781,3486 781,3426"/>
                    <TextEquiv>
                        <Unicode>enthalten.</Unicode>
                    </TextEquiv>
                </Word>
                <Word id="tr_1_tl_45_w4" custom="readingOrder {index:3;}">
                    <Coords points="802,3429 802,3489 902,3489 902,3429"/>
                    <TextEquiv>
                        <Unicode>Seine</Unicode>
                    </TextEquiv>
                </Word>
                <TextEquiv>
                    <Unicode>ganze Schnitzler enthalten. Seine</Unicode>
                </TextEquiv>
            </TextLine>
            <TextLine id="tr_1_tl_46" custom="readingOrder {index:45;}">
                <Coords points="192,3527 368,3516 482,3548 594,3516 757,3553 917,3546 915,3480 192,3480"/>
                <Baseline points="202,3507 237,3507 273,3507 309,3507 345,3508 381,3510 417,3510 452,3510 488,3511 524,3513 560,3513 596,3515 632,3516 668,3517 703,3519 739,3519 775,3519 811,3519 847,3519 883,3520 919,3525"/>
                <Word id="tr_1_tl_46_w1" custom="readingOrder {index:0;}">
                    <Coords points="197,3467 197,3527 250,3527 250,3467"/>
                    <TextEquiv>
                        <Unicode>die</Unicode>
                    </TextEquiv>
                </Word>
                <Word id="tr_1_tl_46_w2" custom="readingOrder {index:1;}">
                    <Coords points="287,3467 287,3527 324,3527 324,3467"/>
                    <TextEquiv>
                        <Unicode>er</Unicode>
                    </TextEquiv>
                </Word>
                <Word id="tr_1_tl_46_w3" custom="readingOrder {index:2;}">
                    <Coords points="357,3470 357,3530 575,3530 575,3470"/>
                    <TextEquiv>
                        <Unicode>dichterisch</Unicode>
                    </TextEquiv>
                </Word>
                <Word id="tr_1_tl_46_w4" custom="readingOrder {index:3;}">
                    <Coords points="612,3478 612,3538 766,3538 766,3478"/>
                    <TextEquiv>
                        <Unicode>umfaßt</Unicode>
                    </TextEquiv>
                </Word>
                <Word id="tr_1_tl_46_w5" custom="readingOrder {index:4;}">
                    <Coords points="793,3479 793,3539 915,3539 915,3479"/>
                    <TextEquiv>
                        <Unicode>hatte,</Unicode>
                    </TextEquiv>
                </Word>
                <TextEquiv>
                    <Unicode>die er dichterisch umfaßt hatte,</Unicode>
                </TextEquiv>
            </TextLine>
            <TextEquiv>
                <Unicode></Unicode>
            </TextEquiv>
        </TextRegion>
        <TextRegion orientation="0.0" id="tr_2" custom="readingOrder {index:1;}">
            <Coords points="1283,402 1283,3689 2719,3689 2719,402"/>
            <TextLine id="tr_2_tl_1" custom="readingOrder {index:0;}">
                <Coords points="1470,459 1532,432 1593,453 1671,432 1945,457 1945,393 1778,363 1603,391 1468,375"/>
                <Baseline points="1480,429 1506,429 1532,429 1558,429 1584,429 1610,429 1636,428 1662,426 1688,430 1714,432 1740,432 1766,433 1792,435 1818,433 1844,432 1870,432 1896,432 1922,432 1949,432"/>
                <Word id="tr_2_tl_1_w1" custom="readingOrder {index:0;}">
                    <Coords points="1465,389 1465,449 1596,449 1596,389"/>
                    <TextEquiv>
                        <Unicode>box</Unicode>
                    </TextEquiv>
                </Word>
                <Word id="tr_2_tl_1_w2" custom="readingOrder {index:1;}">
                    <Coords points="1675,394 1675,454 1914,454 1914,394"/>
                    <TextEquiv>
                        <Unicode>43/16</Unicode>
                    </TextEquiv>
                </Word>
                <TextEquiv>
                    <Unicode>box 43/16</Unicode>
                </TextEquiv>
            </TextLine>
            <TextLine id="tr_2_tl_2" custom="readingOrder {index:1;}">
                <Coords points="1298,1250 2519,1280 2711,1266 2709,1205 1296,1194"/>
                <Baseline points="1307,1235 1377,1238 1447,1238 1518,1238 1588,1239 1659,1241 1729,1241 1800,1241 1870,1244 1941,1244 2011,1247 2081,1247 2152,1247 2222,1248 2293,1250 2363,1250 2434,1251 2504,1255 2575,1253 2645,1253 2716,1253"/>
                <Word id="tr_2_tl_2_w1" custom="readingOrder {index:0;}">
                    <Coords points="1296,1195 1296,1255 1350,1255 1350,1195"/>
                    <TextEquiv>
                        <Unicode>ihr</Unicode>
                    </TextEquiv>
                </Word>
                <Word id="tr_2_tl_2_w2" custom="readingOrder {index:1;}">
                    <Coords points="1381,1198 1381,1258 1548,1258 1548,1198"/>
                    <TextEquiv>
                        <Unicode>geistiges</Unicode>
                    </TextEquiv>
                </Word>
                <Word id="tr_2_tl_2_w3" custom="readingOrder {index:2;}">
                    <Coords points="1583,1199 1583,1259 1648,1259 1648,1199"/>
                    <TextEquiv>
                        <Unicode>und</Unicode>
                    </TextEquiv>
                </Word>
                <Word id="tr_2_tl_2_w4" custom="readingOrder {index:3;}">
                    <Coords points="1689,1201 1689,1261 1866,1261 1866,1201"/>
                    <TextEquiv>
                        <Unicode>sittliches</Unicode>
                    </TextEquiv>
                </Word>
                <Word id="tr_2_tl_2_w5" custom="readingOrder {index:4;}">
                    <Coords points="1902,1204 1902,1264 2017,1264 2017,1204"/>
                    <TextEquiv>
                        <Unicode>Klima</Unicode>
                    </TextEquiv>
                </Word>
                <Word id="tr_2_tl_2_w6" custom="readingOrder {index:5;}">
                    <Coords points="2053,1207 2053,1267 2149,1267 2149,1207"/>
                    <TextEquiv>
                        <Unicode>hatte</Unicode>
                    </TextEquiv>
                </Word>
                <Word id="tr_2_tl_2_w7" custom="readingOrder {index:6;}">
                    <Coords points="2184,1207 2184,1267 2250,1267 2250,1207"/>
                    <TextEquiv>
                        <Unicode>sich</Unicode>
                    </TextEquiv>
                </Word>
                <Word id="tr_2_tl_2_w8" custom="readingOrder {index:7;}">
                    <Coords points="2291,1210 2291,1270 2503,1270 2503,1210"/>
                    <TextEquiv>
                        <Unicode>verändert,</Unicode>
                    </TextEquiv>
                </Word>
                <Word id="tr_2_tl_2_w9" custom="readingOrder {index:8;}">
                    <Coords points="2533,1213 2533,1273 2598,1273 2598,1213"/>
                    <TextEquiv>
                        <Unicode>und</Unicode>
                    </TextEquiv>
                </Word>
                <Word id="tr_2_tl_2_w10" custom="readingOrder {index:9;}">
                    <Coords points="2634,1213 2634,1273 2704,1273 2704,1213"/>
                    <TextEquiv>
                        <Unicode>sein</Unicode>
                    </TextEquiv>
                </Word>
                <TextEquiv>
                    <Unicode>ihr geistiges und sittliches Klima hatte sich verändert, und sein</Unicode>
                </TextEquiv>
            </TextLine>
            <TextLine id="tr_2_tl_3" custom="readingOrder {index:2;}">
                <Coords points="1298,1299 2714,1321 2714,1271 2661,1260 1298,1250"/>
                <Baseline points="1307,1289 1377,1288 1448,1286 1518,1285 1589,1287 1660,1289 1730,1289 1801,1292 1871,1294 1942,1295 2013,1295 2083,1298 2154,1298 2224,1298 2295,1298 2366,1301 2436,1301 2507,1301 2577,1301 2648,1304 2719,1301"/>
                <Word id="tr_2_tl_3_w1" custom="readingOrder {index:0;}">
                    <Coords points="1298,1248 1298,1308 1357,1308 1357,1248"/>
                    <TextEquiv>
                        <Unicode>bei</Unicode>
                    </TextEquiv>
                </Word>
                <Word id="tr_2_tl_3_w2" custom="readingOrder {index:1;}">
                    <Coords points="1383,1246 1383,1306 1473,1306 1473,1246"/>
                    <TextEquiv>
                        <Unicode>aller</Unicode>
                    </TextEquiv>
                </Word>
                <Word id="tr_2_tl_3_w3" custom="readingOrder {index:2;}">
                    <Coords points="1504,1247 1504,1307 1710,1307 1710,1247"/>
                    <TextEquiv>
                        <Unicode>Weichheit</Unicode>
                    </TextEquiv>
                </Word>
                <Word id="tr_2_tl_3_w4" custom="readingOrder {index:3;}">
                    <Coords points="1736,1254 1736,1314 2017,1314 2017,1254"/>
                    <TextEquiv>
                        <Unicode>unerbittlicher</Unicode>
                    </TextEquiv>
                </Word>
                <Word id="tr_2_tl_3_w5" custom="readingOrder {index:4;}">
                    <Coords points="2048,1258 2048,1318 2168,1318 2168,1258"/>
                    <TextEquiv>
                        <Unicode>Spott,</Unicode>
                    </TextEquiv>
                </Word>
                <Word id="tr_2_tl_3_w6" custom="readingOrder {index:5;}">
                    <Coords points="2194,1258 2194,1318 2259,1318 2259,1258"/>
                    <TextEquiv>
                        <Unicode>sein</Unicode>
                    </TextEquiv>
                </Word>
                <Word id="tr_2_tl_3_w7" custom="readingOrder {index:6;}">
                    <Coords points="2295,1260 2295,1320 2400,1320 2400,1260"/>
                    <TextEquiv>
                        <Unicode>Spiel</Unicode>
                    </TextEquiv>
                </Word>
                <Word id="tr_2_tl_3_w8" custom="readingOrder {index:7;}">
                    <Coords points="2426,1261 2426,1321 2601,1321 2601,1261"/>
                    <TextEquiv>
                        <Unicode>zwischen</Unicode>
                    </TextEquiv>
                </Word>
                <Word id="tr_2_tl_3_w9" custom="readingOrder {index:8;}">
                    <Coords points="2642,1262 2642,1322 2702,1322 2702,1262"/>
                    <TextEquiv>
                        <Unicode>den</Unicode>
                    </TextEquiv>
                </Word>
                <TextEquiv>
                    <Unicode>bei aller Weichheit unerbittlicher Spott, sein Spiel zwischen den</Unicode>
                </TextEquiv>
            </TextLine>
            <TextLine id="tr_2_tl_4" custom="readingOrder {index:3;}">
                <Coords points="1298,1344 2711,1360 2711,1319 2656,1312 1298,1299"/>
                <Baseline points="1307,1337 1377,1337 1447,1337 1518,1337 1588,1338 1659,1340 1729,1340 1800,1343 1870,1343 1941,1343 2011,1344 2081,1346 2152,1349 2222,1349 2293,1349 2363,1349 2434,1349 2504,1351 2575,1352 2645,1355 2716,1352"/>
                <Word id="tr_2_tl_4_w1" custom="readingOrder {index:0;}">
                    <Coords points="1298,1297 1298,1357 1483,1357 1483,1297"/>
                    <TextEquiv>
                        <Unicode>Gefühlen</Unicode>
                    </TextEquiv>
                </Word>
                <Word id="tr_2_tl_4_w2" custom="readingOrder {index:1;}">
                    <Coords points="1518,1299 1518,1359 1744,1359 1744,1299"/>
                    <TextEquiv>
                        <Unicode>geborgener</Unicode>
                    </TextEquiv>
                </Word>
                <Word id="tr_2_tl_4_w3" custom="readingOrder {index:2;}">
                    <Coords points="1780,1303 1780,1363 1845,1363 1845,1303"/>
                    <TextEquiv>
                        <Unicode>und</Unicode>
                    </TextEquiv>
                </Word>
                <Word id="tr_2_tl_4_w4" custom="readingOrder {index:3;}">
                    <Coords points="1885,1303 1885,1363 1995,1363 1995,1303"/>
                    <TextEquiv>
                        <Unicode>durch</Unicode>
                    </TextEquiv>
                </Word>
                <Word id="tr_2_tl_4_w5" custom="readingOrder {index:4;}">
                    <Coords points="2037,1307 2037,1367 2212,1367 2212,1307"/>
                    <TextEquiv>
                        <Unicode>Reichtum</Unicode>
                    </TextEquiv>
                </Word>
                <Word id="tr_2_tl_4_w6" custom="readingOrder {index:5;}">
                    <Coords points="2268,1309 2268,1369 2332,1369 2332,1309"/>
                    <TextEquiv>
                        <Unicode>und</Unicode>
                    </TextEquiv>
                </Word>
                <Word id="tr_2_tl_4_w7" custom="readingOrder {index:6;}">
                    <Coords points="2374,1309 2374,1369 2443,1369 2443,1309"/>
                    <TextEquiv>
                        <Unicode>alte</Unicode>
                    </TextEquiv>
                </Word>
                <Word id="tr_2_tl_4_w8" custom="readingOrder {index:7;}">
                    <Coords points="2479,1311 2479,1371 2614,1371 2614,1311"/>
                    <TextEquiv>
                        <Unicode>Kultur</Unicode>
                    </TextEquiv>
                </Word>
                <Word id="tr_2_tl_4_w9" custom="readingOrder {index:8;}">
                    <Coords points="2650,1313 2650,1373 2709,1373 2709,1313"/>
                    <TextEquiv>
                        <Unicode>be¬</Unicode>
                    </TextEquiv>
                </Word>
                <TextEquiv>
                    <Unicode>Gefühlen geborgener und durch Reichtum und alte Kultur be¬</Unicode>
                </TextEquiv>
            </TextLine>
            <TextLine id="tr_2_tl_5" custom="readingOrder {index:4;}">
                <Coords points="1299,1397 2711,1426 2711,1374 1298,1344"/>
                <Baseline points="1310,1387 1380,1384 1450,1384 1520,1384 1591,1385 1661,1387 1731,1390 1802,1390 1872,1391 1942,1393 2013,1395 2083,1396 2153,1396 2223,1396 2294,1396 2364,1398 2434,1399 2505,1401 2575,1402 2645,1402 2716,1402"/>
                <Word id="tr_2_tl_5_w1" custom="readingOrder {index:0;}">
                    <Coords points="1302,1344 1302,1404 1440,1404 1440,1344"/>
                    <TextEquiv>
                        <Unicode>hüteter</Unicode>
                    </TextEquiv>
                </Word>
                <Word id="tr_2_tl_5_w2" custom="readingOrder {index:1;}">
                    <Coords points="1469,1344 1469,1404 1655,1404 1655,1344"/>
                    <TextEquiv>
                        <Unicode>Menschen</Unicode>
                    </TextEquiv>
                </Word>
                <Word id="tr_2_tl_5_w3" custom="readingOrder {index:2;}">
                    <Coords points="1684,1350 1684,1410 1798,1410 1798,1350"/>
                    <TextEquiv>
                        <Unicode>schien</Unicode>
                    </TextEquiv>
                </Word>
                <Word id="tr_2_tl_5_w4" custom="readingOrder {index:3;}">
                    <Coords points="1832,1350 1832,1410 1879,1410 1879,1350"/>
                    <TextEquiv>
                        <Unicode>ins</Unicode>
                    </TextEquiv>
                </Word>
                <Word id="tr_2_tl_5_w5" custom="readingOrder {index:4;}">
                    <Coords points="1908,1353 1908,1413 2013,1413 2013,1353"/>
                    <TextEquiv>
                        <Unicode>Leere</Unicode>
                    </TextEquiv>
                </Word>
                <Word id="tr_2_tl_5_w6" custom="readingOrder {index:5;}">
                    <Coords points="2037,1355 2037,1415 2070,1415 2070,1355"/>
                    <TextEquiv>
                        <Unicode>zu</Unicode>
                    </TextEquiv>
                </Word>
                <Word id="tr_2_tl_5_w7" custom="readingOrder {index:6;}">
                    <Coords points="2104,1356 2104,1416 2233,1416 2233,1356"/>
                    <TextEquiv>
                        <Unicode>fallen;</Unicode>
                    </TextEquiv>
                </Word>
                <Word id="tr_2_tl_5_w8" custom="readingOrder {index:7;}">
                    <Coords points="2252,1356 2252,1416 2300,1416 2300,1356"/>
                    <TextEquiv>
                        <Unicode>sie</Unicode>
                    </TextEquiv>
                </Word>
                <Word id="tr_2_tl_5_w9" custom="readingOrder {index:8;}">
                    <Coords points="2329,1358 2329,1418 2438,1418 2438,1358"/>
                    <TextEquiv>
                        <Unicode>waren</Unicode>
                    </TextEquiv>
                </Word>
                <Word id="tr_2_tl_5_w10" custom="readingOrder {index:9;}">
                    <Coords points="2472,1361 2472,1421 2572,1421 2572,1361"/>
                    <TextEquiv>
                        <Unicode>nicht</Unicode>
                    </TextEquiv>
                </Word>
                <Word id="tr_2_tl_5_w11" custom="readingOrder {index:10;}">
                    <Coords points="2596,1362 2596,1422 2715,1422 2715,1362"/>
                    <TextEquiv>
                        <Unicode>mehr.</Unicode>
                    </TextEquiv>
                </Word>
                <TextEquiv>
                    <Unicode>hüteter Menschen schien ins Leere zu fallen; sie waren nicht mehr.</Unicode>
                </TextEquiv>
            </TextLine>
            <TextLine id="tr_2_tl_6" custom="readingOrder {index:5;}">
                <Coords points="1303,1443 2657,1474 2714,1424 1301,1392"/>
                <Baseline points="1313,1435 1383,1435 1453,1435 1523,1435 1594,1435 1664,1438 1734,1438 1805,1438 1875,1441 1945,1441 2016,1444 2086,1444 2156,1444 2226,1445 2297,1447 2367,1447 2437,1447 2508,1450 2578,1450 2648,1450 2719,1450"/>
                <Word id="tr_2_tl_6_w1" custom="readingOrder {index:0;}">
                    <Coords points="1300,1395 1300,1455 1376,1455 1376,1395"/>
                    <TextEquiv>
                        <Unicode>Und</Unicode>
                    </TextEquiv>
                </Word>
                <Word id="tr_2_tl_6_w2" custom="readingOrder {index:1;}">
                    <Coords points="1415,1395 1415,1455 1577,1455 1577,1395"/>
                    <TextEquiv>
                        <Unicode>dennoch</Unicode>
                    </TextEquiv>
                </Word>
                <Word id="tr_2_tl_6_w3" custom="readingOrder {index:2;}">
                    <Coords points="1616,1398 1616,1458 1803,1458 1803,1398"/>
                    <TextEquiv>
                        <Unicode>erneuerte</Unicode>
                    </TextEquiv>
                </Word>
                <Word id="tr_2_tl_6_w4" custom="readingOrder {index:3;}">
                    <Coords points="1841,1401 1841,1461 1913,1461 1913,1401"/>
                    <TextEquiv>
                        <Unicode>sich</Unicode>
                    </TextEquiv>
                </Word>
                <Word id="tr_2_tl_6_w5" custom="readingOrder {index:4;}">
                    <Coords points="1951,1402 1951,1462 2023,1462 2023,1402"/>
                    <TextEquiv>
                        <Unicode>sein</Unicode>
                    </TextEquiv>
                </Word>
                <Word id="tr_2_tl_6_w6" custom="readingOrder {index:5;}">
                    <Coords points="2062,1404 2062,1464 2162,1464 2162,1404"/>
                    <TextEquiv>
                        <Unicode>Ruhm</Unicode>
                    </TextEquiv>
                </Word>
                <Word id="tr_2_tl_6_w7" custom="readingOrder {index:6;}">
                    <Coords points="2210,1406 2210,1466 2339,1466 2339,1406"/>
                    <TextEquiv>
                        <Unicode>immer</Unicode>
                    </TextEquiv>
                </Word>
                <Word id="tr_2_tl_6_w8" custom="readingOrder {index:7;}">
                    <Coords points="2373,1407 2373,1467 2483,1467 2483,1407"/>
                    <TextEquiv>
                        <Unicode>noch,</Unicode>
                    </TextEquiv>
                </Word>
                <Word id="tr_2_tl_6_w9" custom="readingOrder {index:8;}">
                    <Coords points="2513,1410 2513,1470 2588,1470 2588,1410"/>
                    <TextEquiv>
                        <Unicode>sind</Unicode>
                    </TextEquiv>
                </Word>
                <Word id="tr_2_tl_6_w10" custom="readingOrder {index:9;}">
                    <Coords points="2627,1410 2627,1470 2689,1470 2689,1410"/>
                    <TextEquiv>
                        <Unicode>dem</Unicode>
                    </TextEquiv>
                </Word>
                <TextEquiv>
                    <Unicode>Und dennoch erneuerte sich sein Ruhm immer noch, sind dem</Unicode>
                </TextEquiv>
            </TextLine>
            <TextLine id="tr_2_tl_7" custom="readingOrder {index:6;}">
                <Coords points="1290,1497 2714,1511 2714,1461 2618,1452 1290,1463"/>
                <Baseline points="1301,1483 1371,1486 1442,1486 1513,1486 1584,1484 1655,1486 1726,1489 1797,1492 1868,1491 1939,1492 2010,1495 2080,1495 2151,1495 2222,1495 2293,1495 2364,1497 2435,1496 2506,1498 2577,1501 2648,1501 2719,1501"/>
                <Word id="tr_2_tl_7_w1" custom="readingOrder {index:0;}">
                    <Coords points="1290,1444 1290,1504 1390,1504 1390,1444"/>
                    <TextEquiv>
                        <Unicode>mehr</Unicode>
                    </TextEquiv>
                </Word>
                <Word id="tr_2_tl_7_w2" custom="readingOrder {index:1;}">
                    <Coords points="1421,1446 1421,1506 1476,1506 1476,1446"/>
                    <TextEquiv>
                        <Unicode>als</Unicode>
                    </TextEquiv>
                </Word>
                <Word id="tr_2_tl_7_w3" custom="readingOrder {index:2;}">
                    <Coords points="1502,1446 1502,1506 1826,1506 1826,1446"/>
                    <TextEquiv>
                        <Unicode>Sechzigjährigen</Unicode>
                    </TextEquiv>
                </Word>
                <Word id="tr_2_tl_7_w4" custom="readingOrder {index:3;}">
                    <Coords points="1862,1451 1862,1511 1998,1511 1998,1451"/>
                    <TextEquiv>
                        <Unicode>gerade</Unicode>
                    </TextEquiv>
                </Word>
                <Word id="tr_2_tl_7_w5" custom="readingOrder {index:4;}">
                    <Coords points="2029,1455 2029,1515 2059,1515 2059,1455"/>
                    <TextEquiv>
                        <Unicode>in</Unicode>
                    </TextEquiv>
                </Word>
                <Word id="tr_2_tl_7_w6" custom="readingOrder {index:5;}">
                    <Coords points="2095,1455 2095,1515 2211,1515 2211,1455"/>
                    <TextEquiv>
                        <Unicode>seinen</Unicode>
                    </TextEquiv>
                </Word>
                <Word id="tr_2_tl_7_w7" custom="readingOrder {index:6;}">
                    <Coords points="2252,1455 2252,1515 2378,1515 2378,1455"/>
                    <TextEquiv>
                        <Unicode>letzten</Unicode>
                    </TextEquiv>
                </Word>
                <Word id="tr_2_tl_7_w8" custom="readingOrder {index:7;}">
                    <Coords points="2414,1460 2414,1520 2702,1520 2702,1460"/>
                    <TextEquiv>
                        <Unicode>Greisenjahren</Unicode>
                    </TextEquiv>
                </Word>
                <TextEquiv>
                    <Unicode>mehr als Sechzigjährigen gerade in seinen letzten Greisenjahren</Unicode>
                </TextEquiv>
            </TextLine>
            <TextLine id="tr_2_tl_8" custom="readingOrder {index:7;}">
                <Coords points="1299,1541 2691,1568 2711,1525 1298,1504"/>
                <Baseline points="1310,1534 1380,1534 1450,1534 1520,1534 1591,1534 1661,1537 1731,1537 1802,1540 1872,1540 1942,1540 2013,1543 2083,1544 2153,1546 2223,1546 2294,1546 2364,1546 2434,1546 2505,1546 2575,1550 2645,1552 2716,1549"/>
                <Word id="tr_2_tl_8_w1" custom="readingOrder {index:0;}">
                    <Coords points="1298,1494 1298,1554 1563,1554 1563,1494"/>
                    <TextEquiv>
                        <Unicode>nachhallende</Unicode>
                    </TextEquiv>
                </Word>
                <Word id="tr_2_tl_8_w2" custom="readingOrder {index:1;}">
                    <Coords points="1609,1497 1609,1557 1754,1557 1754,1497"/>
                    <TextEquiv>
                        <Unicode>Erfolge</Unicode>
                    </TextEquiv>
                </Word>
                <Word id="tr_2_tl_8_w3" custom="readingOrder {index:2;}">
                    <Coords points="1800,1500 1800,1560 2016,1560 2016,1500"/>
                    <TextEquiv>
                        <Unicode>geworden:</Unicode>
                    </TextEquiv>
                </Word>
                <Word id="tr_2_tl_8_w4" custom="readingOrder {index:3;}">
                    <Coords points="2057,1504 2057,1564 2126,1564 2126,1504"/>
                    <TextEquiv>
                        <Unicode>sein</Unicode>
                    </TextEquiv>
                </Word>
                <Word id="tr_2_tl_8_w5" custom="readingOrder {index:4;}">
                    <Coords points="2172,1506 2172,1566 2307,1566 2307,1506"/>
                    <TextEquiv>
                        <Unicode>Roman</Unicode>
                    </TextEquiv>
                </Word>
                <Word id="tr_2_tl_8_w6" custom="readingOrder {index:5;}">
                    <Coords points="2353,1506 2353,1566 2529,1566 2529,1506"/>
                    <TextEquiv>
                        <Unicode>„Therese</Unicode>
                    </TextEquiv>
                </Word>
                <Word id="tr_2_tl_8_w7" custom="readingOrder {index:6;}">
                    <Coords points="2554,1509 2554,1569 2574,1569 2574,1509"/>
                    <TextEquiv>
                        <Unicode>,</Unicode>
                    </TextEquiv>
                </Word>
                <Word id="tr_2_tl_8_w8" custom="readingOrder {index:7;}">
                    <Coords points="2609,1511 2609,1571 2704,1571 2704,1511"/>
                    <TextEquiv>
                        <Unicode>seine</Unicode>
                    </TextEquiv>
                </Word>
                <TextEquiv>
                    <Unicode>nachhallende Erfolge geworden: sein Roman „Therese , seine</Unicode>
                </TextEquiv>
            </TextLine>
            <TextLine id="tr_2_tl_9" custom="readingOrder {index:8;}">
                <Coords points="1299,1594 2648,1619 2711,1607 2711,1562 1298,1543"/>
                <Baseline points="1310,1584 1380,1582 1450,1582 1520,1582 1591,1584 1661,1587 1731,1587 1802,1587 1872,1590 1942,1590 2013,1593 2083,1593 2153,1593 2223,1595 2294,1593 2364,1595 2434,1596 2505,1596 2575,1597 2645,1599 2716,1599"/>
                <Word id="tr_2_tl_9_w1" custom="readingOrder {index:0;}">
                    <Coords points="1298,1542 1298,1602 1609,1602 1609,1542"/>
                    <TextEquiv>
                        <Unicode>Meisternovellen</Unicode>
                    </TextEquiv>
                </Word>
                <Word id="tr_2_tl_9_w2" custom="readingOrder {index:1;}">
                    <Coords points="1641,1547 1641,1607 1768,1607 1768,1547"/>
                    <TextEquiv>
                        <Unicode>„Spiel</Unicode>
                    </TextEquiv>
                </Word>
                <Word id="tr_2_tl_9_w3" custom="readingOrder {index:2;}">
                    <Coords points="1784,1547 1784,1607 1815,1607 1815,1547"/>
                    <TextEquiv>
                        <Unicode>im</Unicode>
                    </TextEquiv>
                </Word>
                <Word id="tr_2_tl_9_w4" custom="readingOrder {index:3;}">
                    <Coords points="1858,1553 1858,1613 2191,1613 2191,1553"/>
                    <TextEquiv>
                        <Unicode>Morgengrauen",</Unicode>
                    </TextEquiv>
                </Word>
                <Word id="tr_2_tl_9_w5" custom="readingOrder {index:4;}">
                    <Coords points="2207,1553 2207,1613 2392,1613 2392,1553"/>
                    <TextEquiv>
                        <Unicode>„Fräulein</Unicode>
                    </TextEquiv>
                </Word>
                <Word id="tr_2_tl_9_w6" custom="readingOrder {index:5;}">
                    <Coords points="2424,1556 2424,1616 2545,1616 2545,1556"/>
                    <TextEquiv>
                        <Unicode>Else“,</Unicode>
                    </TextEquiv>
                </Word>
                <Word id="tr_2_tl_9_w7" custom="readingOrder {index:6;}">
                    <Coords points="2562,1558 2562,1618 2714,1618 2714,1558"/>
                    <TextEquiv>
                        <Unicode>andere.</Unicode>
                    </TextEquiv>
                </Word>
                <TextEquiv>
                    <Unicode>Meisternovellen „Spiel im Morgengrauen", „Fräulein Else“, andere.</Unicode>
                </TextEquiv>
            </TextLine>
            <TextLine id="tr_2_tl_10" custom="readingOrder {index:9;}">
                <Coords points="1299,1641 2711,1667 2711,1618 2666,1610 1299,1591"/>
                <Baseline points="1310,1632 1380,1632 1450,1632 1520,1632 1591,1635 1661,1635 1731,1638 1802,1638 1872,1640 1942,1641 2013,1641 2083,1641 2153,1641 2223,1643 2294,1644 2364,1644 2434,1644 2505,1647 2575,1647 2645,1649 2716,1644"/>
                <Word id="tr_2_tl_10_w1" custom="readingOrder {index:0;}">
                    <Coords points="1298,1592 1298,1652 1342,1652 1342,1592"/>
                    <TextEquiv>
                        <Unicode>Er</Unicode>
                    </TextEquiv>
                </Word>
                <Word id="tr_2_tl_10_w2" custom="readingOrder {index:1;}">
                    <Coords points="1372,1592 1372,1652 1459,1652 1459,1592"/>
                    <TextEquiv>
                        <Unicode>nahm</Unicode>
                    </TextEquiv>
                </Word>
                <Word id="tr_2_tl_10_w3" custom="readingOrder {index:2;}">
                    <Coords points="1509,1592 1509,1652 1552,1652 1552,1592"/>
                    <TextEquiv>
                        <Unicode>sie</Unicode>
                    </TextEquiv>
                </Word>
                <Word id="tr_2_tl_10_w4" custom="readingOrder {index:3;}">
                    <Coords points="1582,1595 1582,1655 1635,1655 1635,1595"/>
                    <TextEquiv>
                        <Unicode>hin</Unicode>
                    </TextEquiv>
                </Word>
                <Word id="tr_2_tl_10_w5" custom="readingOrder {index:4;}">
                    <Coords points="1666,1597 1666,1657 1758,1657 1758,1597"/>
                    <TextEquiv>
                        <Unicode>ohne</Unicode>
                    </TextEquiv>
                </Word>
                <Word id="tr_2_tl_10_w6" custom="readingOrder {index:5;}">
                    <Coords points="1784,1600 1784,1660 2004,1660 2004,1600"/>
                    <TextEquiv>
                        <Unicode>Illusionen,</Unicode>
                    </TextEquiv>
                </Word>
                <Word id="tr_2_tl_10_w7" custom="readingOrder {index:6;}">
                    <Coords points="2024,1601 2024,1661 2146,1661 2146,1601"/>
                    <TextEquiv>
                        <Unicode>erwies</Unicode>
                    </TextEquiv>
                </Word>
                <Word id="tr_2_tl_10_w8" custom="readingOrder {index:7;}">
                    <Coords points="2176,1602 2176,1662 2268,1662 2268,1602"/>
                    <TextEquiv>
                        <Unicode>einer</Unicode>
                    </TextEquiv>
                </Word>
                <Word id="tr_2_tl_10_w9" custom="readingOrder {index:8;}">
                    <Coords points="2293,1604 2293,1664 2411,1664 2411,1604"/>
                    <TextEquiv>
                        <Unicode>seiner</Unicode>
                    </TextEquiv>
                </Word>
                <Word id="tr_2_tl_10_w10" custom="readingOrder {index:9;}">
                    <Coords points="2436,1607 2436,1667 2607,1667 2607,1607"/>
                    <TextEquiv>
                        <Unicode>Feinheit</Unicode>
                    </TextEquiv>
                </Word>
                <Word id="tr_2_tl_10_w11" custom="readingOrder {index:10;}">
                    <Coords points="2632,1607 2632,1667 2709,1667 2709,1607"/>
                    <TextEquiv>
                        <Unicode>ent¬</Unicode>
                    </TextEquiv>
                </Word>
                <TextEquiv>
                    <Unicode>Er nahm sie hin ohne Illusionen, erwies einer seiner Feinheit ent¬</Unicode>
                </TextEquiv>
            </TextLine>
            <TextLine id="tr_2_tl_11" custom="readingOrder {index:10;}">
                <Coords points="1299,1696 2716,1708 2714,1660 2616,1655 1299,1644"/>
                <Baseline points="1310,1683 1380,1681 1450,1680 1521,1681 1591,1683 1662,1683 1732,1686 1803,1686 1873,1689 1944,1689 2014,1692 2084,1692 2155,1692 2225,1692 2296,1695 2366,1692 2437,1695 2507,1695 2578,1698 2648,1698 2719,1698"/>
                <Word id="tr_2_tl_11_w1" custom="readingOrder {index:0;}">
                    <Coords points="1299,1640 1299,1700 1499,1700 1499,1640"/>
                    <TextEquiv>
                        <Unicode>fremdeten</Unicode>
                    </TextEquiv>
                </Word>
                <Word id="tr_2_tl_11_w2" custom="readingOrder {index:1;}">
                    <Coords points="1541,1642 1541,1702 1638,1702 1638,1642"/>
                    <TextEquiv>
                        <Unicode>Welt</Unicode>
                    </TextEquiv>
                </Word>
                <Word id="tr_2_tl_11_w3" custom="readingOrder {index:2;}">
                    <Coords points="1664,1645 1664,1705 1767,1705 1767,1645"/>
                    <TextEquiv>
                        <Unicode>nicht</Unicode>
                    </TextEquiv>
                </Word>
                <Word id="tr_2_tl_11_w4" custom="readingOrder {index:3;}">
                    <Coords points="1798,1648 1798,1708 1937,1708 1937,1648"/>
                    <TextEquiv>
                        <Unicode>einmal</Unicode>
                    </TextEquiv>
                </Word>
                <Word id="tr_2_tl_11_w5" custom="readingOrder {index:4;}">
                    <Coords points="1968,1651 1968,1711 2024,1711 2024,1651"/>
                    <TextEquiv>
                        <Unicode>die</Unicode>
                    </TextEquiv>
                </Word>
                <Word id="tr_2_tl_11_w6" custom="readingOrder {index:5;}">
                    <Coords points="2061,1652 2061,1712 2168,1712 2168,1652"/>
                    <TextEquiv>
                        <Unicode>Ehre,</Unicode>
                    </TextEquiv>
                </Word>
                <Word id="tr_2_tl_11_w7" custom="readingOrder {index:6;}">
                    <Coords points="2200,1654 2200,1714 2390,1714 2390,1654"/>
                    <TextEquiv>
                        <Unicode>verbittert</Unicode>
                    </TextEquiv>
                </Word>
                <Word id="tr_2_tl_11_w8" custom="readingOrder {index:7;}">
                    <Coords points="2421,1655 2421,1715 2457,1715 2457,1655"/>
                    <TextEquiv>
                        <Unicode>zu</Unicode>
                    </TextEquiv>
                </Word>
                <Word id="tr_2_tl_11_w9" custom="readingOrder {index:8;}">
                    <Coords points="2498,1656 2498,1716 2590,1716 2590,1656"/>
                    <TextEquiv>
                        <Unicode>sein.</Unicode>
                    </TextEquiv>
                </Word>
                <Word id="tr_2_tl_11_w10" custom="readingOrder {index:9;}">
                    <Coords points="2627,1658 2627,1718 2704,1718 2704,1658"/>
                    <TextEquiv>
                        <Unicode>Nur</Unicode>
                    </TextEquiv>
                </Word>
                <TextEquiv>
                    <Unicode>fremdeten Welt nicht einmal die Ehre, verbittert zu sein. Nur</Unicode>
                </TextEquiv>
            </TextLine>
            <TextLine id="tr_2_tl_12" custom="readingOrder {index:11;}">
                <Coords points="1299,1746 2714,1767 2673,1705 1298,1696"/>
                <Baseline points="1310,1734 1380,1731 1450,1731 1521,1731 1591,1731 1662,1734 1732,1737 1803,1737 1873,1737 1944,1740 2014,1742 2084,1743 2155,1743 2225,1743 2296,1743 2366,1741 2437,1744 2507,1746 2578,1746 2648,1746 2719,1749"/>
                <Word id="tr_2_tl_12_w1" custom="readingOrder {index:0;}">
                    <Coords points="1298,1691 1298,1751 1498,1751 1498,1691"/>
                    <TextEquiv>
                        <Unicode>polarkalt,</Unicode>
                    </TextEquiv>
                </Word>
                <Word id="tr_2_tl_12_w2" custom="readingOrder {index:1;}">
                    <Coords points="1519,1694 1519,1754 1820,1754 1820,1694"/>
                    <TextEquiv>
                        <Unicode>tausendjährig,</Unicode>
                    </TextEquiv>
                </Word>
                <Word id="tr_2_tl_12_w3" custom="readingOrder {index:2;}">
                    <Coords points="1841,1697 1841,1757 1906,1757 1906,1697"/>
                    <TextEquiv>
                        <Unicode>wie</Unicode>
                    </TextEquiv>
                </Word>
                <Word id="tr_2_tl_12_w4" custom="readingOrder {index:3;}">
                    <Coords points="1937,1700 1937,1760 1997,1760 1997,1700"/>
                    <TextEquiv>
                        <Unicode>aus</Unicode>
                    </TextEquiv>
                </Word>
                <Word id="tr_2_tl_12_w5" custom="readingOrder {index:4;}">
                    <Coords points="2028,1703 2028,1763 2400,1763 2400,1703"/>
                    <TextEquiv>
                        <Unicode>unüberbrückbarer</Unicode>
                    </TextEquiv>
                </Word>
                <Word id="tr_2_tl_12_w6" custom="readingOrder {index:5;}">
                    <Coords points="2426,1705 2426,1765 2561,1765 2561,1705"/>
                    <TextEquiv>
                        <Unicode>Ferne,</Unicode>
                    </TextEquiv>
                </Word>
                <Word id="tr_2_tl_12_w7" custom="readingOrder {index:6;}">
                    <Coords points="2582,1706 2582,1766 2697,1766 2697,1706"/>
                    <TextEquiv>
                        <Unicode>seinen</Unicode>
                    </TextEquiv>
                </Word>
                <TextEquiv>
                    <Unicode>polarkalt, tausendjährig, wie aus unüberbrückbarer Ferne, seinen</Unicode>
                </TextEquiv>
            </TextLine>
            <TextLine id="tr_2_tl_13" custom="readingOrder {index:12;}">
                <Coords points="1299,1786 2714,1808 2714,1767 2648,1756 1299,1746"/>
                <Baseline points="1310,1779 1380,1779 1450,1779 1521,1780 1591,1781 1662,1784 1732,1784 1803,1784 1873,1787 1944,1787 2014,1790 2084,1790 2155,1790 2225,1791 2296,1790 2366,1792 2437,1793 2507,1791 2578,1794 2648,1796 2719,1799"/>
                <Word id="tr_2_tl_13_w1" custom="readingOrder {index:0;}">
                    <Coords points="1299,1739 1299,1799 1399,1799 1399,1739"/>
                    <TextEquiv>
                        <Unicode>Ruhm</Unicode>
                    </TextEquiv>
                </Word>
                <Word id="tr_2_tl_13_w2" custom="readingOrder {index:1;}">
                    <Coords points="1450,1740 1450,1800 1691,1800 1691,1740"/>
                    <TextEquiv>
                        <Unicode>verachtend,</Unicode>
                    </TextEquiv>
                </Word>
                <Word id="tr_2_tl_13_w3" custom="readingOrder {index:2;}">
                    <Coords points="1716,1744 1716,1804 1816,1804 1816,1744"/>
                    <TextEquiv>
                        <Unicode>stand</Unicode>
                    </TextEquiv>
                </Word>
                <Word id="tr_2_tl_13_w4" custom="readingOrder {index:3;}">
                    <Coords points="1857,1747 1857,1807 1892,1807 1892,1747"/>
                    <TextEquiv>
                        <Unicode>er</Unicode>
                    </TextEquiv>
                </Word>
                <Word id="tr_2_tl_13_w5" custom="readingOrder {index:4;}">
                    <Coords points="1918,1747 1918,1807 1977,1807 1977,1747"/>
                    <TextEquiv>
                        <Unicode>ihr</Unicode>
                    </TextEquiv>
                </Word>
                <Word id="tr_2_tl_13_w6" custom="readingOrder {index:5;}">
                    <Coords points="2008,1750 2008,1810 2038,1810 2038,1750"/>
                    <TextEquiv>
                        <Unicode>in</Unicode>
                    </TextEquiv>
                </Word>
                <Word id="tr_2_tl_13_w7" custom="readingOrder {index:6;}">
                    <Coords points="2074,1750 2074,1810 2189,1810 2189,1750"/>
                    <TextEquiv>
                        <Unicode>seiner</Unicode>
                    </TextEquiv>
                </Word>
                <Word id="tr_2_tl_13_w8" custom="readingOrder {index:7;}">
                    <Coords points="2220,1750 2220,1810 2345,1810 2345,1750"/>
                    <TextEquiv>
                        <Unicode>letzten</Unicode>
                    </TextEquiv>
                </Word>
                <Word id="tr_2_tl_13_w9" custom="readingOrder {index:8;}">
                    <Coords points="2381,1752 2381,1812 2461,1812 2461,1752"/>
                    <TextEquiv>
                        <Unicode>Zeit</Unicode>
                    </TextEquiv>
                </Word>
                <Word id="tr_2_tl_13_w10" custom="readingOrder {index:9;}">
                    <Coords points="2486,1754 2486,1814 2712,1814 2712,1754"/>
                    <TextEquiv>
                        <Unicode>gegenüber.</Unicode>
                    </TextEquiv>
                </Word>
                <TextEquiv>
                    <Unicode>Ruhm verachtend, stand er ihr in seiner letzten Zeit gegenüber.</Unicode>
                </TextEquiv>
            </TextLine>
            <TextLine id="tr_2_tl_14" custom="readingOrder {index:13;}">
                <Coords points="1298,1836 2709,1852 2691,1804 1296,1785"/>
                <Baseline points="1307,1826 1377,1826 1447,1826 1517,1829 1588,1832 1658,1832 1728,1835 1799,1835 1869,1838 1939,1838 2010,1841 2080,1841 2150,1841 2220,1841 2291,1841 2361,1841 2431,1844 2502,1843 2572,1844 2642,1844 2713,1844"/>
                <Word id="tr_2_tl_14_w1" custom="readingOrder {index:0;}">
                    <Coords points="1296,1786 1296,1846 1436,1846 1436,1786"/>
                    <TextEquiv>
                        <Unicode>Rettete</Unicode>
                    </TextEquiv>
                </Word>
                <Word id="tr_2_tl_14_w2" custom="readingOrder {index:1;}">
                    <Coords points="1471,1788 1471,1848 1541,1848 1541,1788"/>
                    <TextEquiv>
                        <Unicode>sich</Unicode>
                    </TextEquiv>
                </Word>
                <Word id="tr_2_tl_14_w3" custom="readingOrder {index:2;}">
                    <Coords points="1582,1792 1582,1852 1647,1852 1647,1792"/>
                    <TextEquiv>
                        <Unicode>aus</Unicode>
                    </TextEquiv>
                </Word>
                <Word id="tr_2_tl_14_w4" custom="readingOrder {index:3;}">
                    <Coords points="1683,1795 1683,1855 1863,1855 1863,1795"/>
                    <TextEquiv>
                        <Unicode>schwerem</Unicode>
                    </TextEquiv>
                </Word>
                <Word id="tr_2_tl_14_w5" custom="readingOrder {index:4;}">
                    <Coords points="1919,1799 1919,1859 2024,1859 2024,1799"/>
                    <TextEquiv>
                        <Unicode>Leid,</Unicode>
                    </TextEquiv>
                </Word>
                <Word id="tr_2_tl_14_w6" custom="readingOrder {index:5;}">
                    <Coords points="2049,1801 2049,1861 2114,1861 2114,1801"/>
                    <TextEquiv>
                        <Unicode>das</Unicode>
                    </TextEquiv>
                </Word>
                <Word id="tr_2_tl_14_w7" custom="readingOrder {index:6;}">
                    <Coords points="2150,1801 2150,1861 2205,1861 2205,1801"/>
                    <TextEquiv>
                        <Unicode>ihn</Unicode>
                    </TextEquiv>
                </Word>
                <Word id="tr_2_tl_14_w8" custom="readingOrder {index:7;}">
                    <Coords points="2245,1801 2245,1861 2300,1861 2300,1801"/>
                    <TextEquiv>
                        <Unicode>als</Unicode>
                    </TextEquiv>
                </Word>
                <Word id="tr_2_tl_14_w9" custom="readingOrder {index:8;}">
                    <Coords points="2331,1802 2331,1862 2441,1862 2441,1802"/>
                    <TextEquiv>
                        <Unicode>Mann</Unicode>
                    </TextEquiv>
                </Word>
                <Word id="tr_2_tl_14_w10" custom="readingOrder {index:9;}">
                    <Coords points="2482,1803 2482,1863 2551,1863 2551,1803"/>
                    <TextEquiv>
                        <Unicode>und</Unicode>
                    </TextEquiv>
                </Word>
                <Word id="tr_2_tl_14_w11" custom="readingOrder {index:10;}">
                    <Coords points="2597,1804 2597,1864 2702,1864 2702,1804"/>
                    <TextEquiv>
                        <Unicode>Vater</Unicode>
                    </TextEquiv>
                </Word>
                <TextEquiv>
                    <Unicode>Rettete sich aus schwerem Leid, das ihn als Mann und Vater</Unicode>
                </TextEquiv>
            </TextLine>
            <TextLine id="tr_2_tl_15" custom="readingOrder {index:14;}">
                <Coords points="1292,1900 2709,1907 2707,1854 2581,1843 1290,1847"/>
                <Baseline points="1301,1883 1371,1878 1442,1877 1512,1879 1583,1881 1654,1883 1724,1883 1795,1886 1865,1888 1936,1887 2007,1889 2077,1889 2148,1889 2218,1889 2289,1889 2360,1891 2430,1892 2501,1894 2571,1895 2642,1895 2713,1892"/>
                <Word id="tr_2_tl_15_w1" custom="readingOrder {index:0;}">
                    <Coords points="1295,1837 1295,1897 1465,1897 1465,1837"/>
                    <TextEquiv>
                        <Unicode>getroffen</Unicode>
                    </TextEquiv>
                </Word>
                <Word id="tr_2_tl_15_w2" custom="readingOrder {index:1;}">
                    <Coords points="1501,1840 1501,1900 1619,1900 1619,1840"/>
                    <TextEquiv>
                        <Unicode>hatte,</Unicode>
                    </TextEquiv>
                </Word>
                <Word id="tr_2_tl_15_w3" custom="readingOrder {index:2;}">
                    <Coords points="1646,1843 1646,1903 1671,1903 1671,1843"/>
                    <TextEquiv>
                        <Unicode>in</Unicode>
                    </TextEquiv>
                </Word>
                <Word id="tr_2_tl_15_w4" custom="readingOrder {index:3;}">
                    <Coords points="1708,1847 1708,1907 1965,1907 1965,1847"/>
                    <TextEquiv>
                        <Unicode>epikuräische</Unicode>
                    </TextEquiv>
                </Word>
                <Word id="tr_2_tl_15_w5" custom="readingOrder {index:4;}">
                    <Coords points="1996,1849 1996,1909 2161,1909 2161,1849"/>
                    <TextEquiv>
                        <Unicode>Genüsse</Unicode>
                    </TextEquiv>
                </Word>
                <Word id="tr_2_tl_15_w6" custom="readingOrder {index:5;}">
                    <Coords points="2192,1849 2192,1909 2249,1909 2249,1849"/>
                    <TextEquiv>
                        <Unicode>des</Unicode>
                    </TextEquiv>
                </Word>
                <Word id="tr_2_tl_15_w7" custom="readingOrder {index:6;}">
                    <Coords points="2280,1850 2280,1910 2439,1910 2439,1850"/>
                    <TextEquiv>
                        <Unicode>Körpers</Unicode>
                    </TextEquiv>
                </Word>
                <Word id="tr_2_tl_15_w8" custom="readingOrder {index:7;}">
                    <Coords points="2476,1854 2476,1914 2542,1914 2542,1854"/>
                    <TextEquiv>
                        <Unicode>und</Unicode>
                    </TextEquiv>
                </Word>
                <Word id="tr_2_tl_15_w9" custom="readingOrder {index:8;}">
                    <Coords points="2579,1855 2579,1915 2610,1915 2610,1855"/>
                    <TextEquiv>
                        <Unicode>in</Unicode>
                    </TextEquiv>
                </Word>
                <Word id="tr_2_tl_15_w10" custom="readingOrder {index:9;}">
                    <Coords points="2646,1853 2646,1913 2702,1913 2702,1853"/>
                    <TextEquiv>
                        <Unicode>die</Unicode>
                    </TextEquiv>
                </Word>
                <TextEquiv>
                    <Unicode>getroffen hatte, in epikuräische Genüsse des Körpers und in die</Unicode>
                </TextEquiv>
            </TextLine>
            <TextLine id="tr_2_tl_16" custom="readingOrder {index:15;}">
                <Coords points="1290,1939 2552,1964 2714,1950 2714,1907 1289,1898"/>
                <Baseline points="1301,1931 1371,1928 1442,1928 1513,1930 1584,1931 1655,1934 1726,1934 1797,1934 1868,1936 1939,1937 2010,1937 2080,1938 2151,1940 2222,1940 2293,1940 2364,1940 2435,1941 2506,1943 2577,1943 2648,1946 2719,1946"/>
                <Word id="tr_2_tl_16_w1" custom="readingOrder {index:0;}">
                    <Coords points="1294,1888 1294,1948 1479,1948 1479,1888"/>
                    <TextEquiv>
                        <Unicode>gefrorene</Unicode>
                    </TextEquiv>
                </Word>
                <Word id="tr_2_tl_16_w2" custom="readingOrder {index:1;}">
                    <Coords points="1516,1890 1516,1950 1603,1950 1603,1890"/>
                    <TextEquiv>
                        <Unicode>Lust</Unicode>
                    </TextEquiv>
                </Word>
                <Word id="tr_2_tl_16_w3" custom="readingOrder {index:2;}">
                    <Coords points="1634,1894 1634,1954 1799,1954 1799,1894"/>
                    <TextEquiv>
                        <Unicode>geistiger</Unicode>
                    </TextEquiv>
                </Word>
                <Word id="tr_2_tl_16_w4" custom="readingOrder {index:3;}">
                    <Coords points="1836,1896 1836,1956 1902,1956 1902,1896"/>
                    <TextEquiv>
                        <Unicode>und</Unicode>
                    </TextEquiv>
                </Word>
                <Word id="tr_2_tl_16_w5" custom="readingOrder {index:4;}">
                    <Coords points="1944,1898 1944,1958 2227,1958 2227,1898"/>
                    <TextEquiv>
                        <Unicode>künstlerischer</Unicode>
                    </TextEquiv>
                </Word>
                <Word id="tr_2_tl_16_w6" custom="readingOrder {index:5;}">
                    <Coords points="2259,1900 2259,1960 2526,1960 2526,1900"/>
                    <TextEquiv>
                        <Unicode>Betrachtung.</Unicode>
                    </TextEquiv>
                </Word>
                <Word id="tr_2_tl_16_w7" custom="readingOrder {index:6;}">
                    <Coords points="2553,1905 2553,1965 2696,1965 2696,1905"/>
                    <TextEquiv>
                        <Unicode>Schrieb</Unicode>
                    </TextEquiv>
                </Word>
                <TextEquiv>
                    <Unicode>gefrorene Lust geistiger und künstlerischer Betrachtung. Schrieb</Unicode>
                </TextEquiv>
            </TextLine>
            <TextLine id="tr_2_tl_17" custom="readingOrder {index:16;}">
                <Coords points="1299,1985 2688,2017 2711,1953 1298,1941"/>
                <Baseline points="1310,1976 1380,1976 1450,1976 1520,1978 1591,1981 1661,1981 1731,1984 1802,1981 1872,1986 1942,1984 2013,1987 2083,1987 2153,1987 2223,1987 2294,1987 2364,1987 2434,1990 2505,1992 2575,1993 2645,1993 2716,1990"/>
                <Word id="tr_2_tl_17_w1" custom="readingOrder {index:0;}">
                    <Coords points="1297,1936 1297,1996 1419,1996 1419,1936"/>
                    <TextEquiv>
                        <Unicode>immer</Unicode>
                    </TextEquiv>
                </Word>
                <Word id="tr_2_tl_17_w2" custom="readingOrder {index:1;}">
                    <Coords points="1449,1939 1449,1999 1655,1999 1655,1939"/>
                    <TextEquiv>
                        <Unicode>seltsamer,</Unicode>
                    </TextEquiv>
                </Word>
                <Word id="tr_2_tl_17_w3" custom="readingOrder {index:2;}">
                    <Coords points="1675,1943 1675,2003 1802,2003 1802,1943"/>
                    <TextEquiv>
                        <Unicode>immer</Unicode>
                    </TextEquiv>
                </Word>
                <Word id="tr_2_tl_17_w4" custom="readingOrder {index:3;}">
                    <Coords points="1832,1945 1832,2005 2140,2005 2140,1945"/>
                    <TextEquiv>
                        <Unicode>vollkommener;</Unicode>
                    </TextEquiv>
                </Word>
                <Word id="tr_2_tl_17_w5" custom="readingOrder {index:4;}">
                    <Coords points="2161,1947 2161,2007 2189,2007 2189,1947"/>
                    <TextEquiv>
                        <Unicode>in</Unicode>
                    </TextEquiv>
                </Word>
                <Word id="tr_2_tl_17_w6" custom="readingOrder {index:5;}">
                    <Coords points="2224,1947 2224,2007 2381,2007 2381,1947"/>
                    <TextEquiv>
                        <Unicode>dunklem</Unicode>
                    </TextEquiv>
                </Word>
                <Word id="tr_2_tl_17_w7" custom="readingOrder {index:6;}">
                    <Coords points="2426,1951 2426,2011 2548,2011 2548,1951"/>
                    <TextEquiv>
                        <Unicode>Glanz</Unicode>
                    </TextEquiv>
                </Word>
                <Word id="tr_2_tl_17_w8" custom="readingOrder {index:7;}">
                    <Coords points="2573,1953 2573,2013 2705,2013 2705,1953"/>
                    <TextEquiv>
                        <Unicode>schim¬</Unicode>
                    </TextEquiv>
                </Word>
                <TextEquiv>
                    <Unicode>immer seltsamer, immer vollkommener; in dunklem Glanz schim¬</Unicode>
                </TextEquiv>
            </TextLine>
            <TextLine id="tr_2_tl_18" custom="readingOrder {index:17;}">
                <Coords points="1290,2037 2711,2062 2711,2012 1289,1987"/>
                <Baseline points="1301,2023 1371,2026 1442,2026 1513,2027 1584,2029 1654,2029 1725,2030 1796,2032 1867,2035 1937,2035 2008,2035 2079,2036 2150,2038 2220,2037 2291,2038 2362,2038 2433,2039 2503,2041 2574,2041 2645,2044 2716,2044"/>
                <Word id="tr_2_tl_18_w1" custom="readingOrder {index:0;}">
                    <Coords points="1293,1984 1293,2044 1401,2044 1401,1984"/>
                    <TextEquiv>
                        <Unicode>merte</Unicode>
                    </TextEquiv>
                </Word>
                <Word id="tr_2_tl_18_w2" custom="readingOrder {index:1;}">
                    <Coords points="1431,1986 1431,2046 1533,2046 1533,1986"/>
                    <TextEquiv>
                        <Unicode>unter</Unicode>
                    </TextEquiv>
                </Word>
                <Word id="tr_2_tl_18_w3" custom="readingOrder {index:2;}">
                    <Coords points="1564,1989 1564,2049 1676,2049 1676,1989"/>
                    <TextEquiv>
                        <Unicode>seinen</Unicode>
                    </TextEquiv>
                </Word>
                <Word id="tr_2_tl_18_w4" custom="readingOrder {index:3;}">
                    <Coords points="1716,1994 1716,2054 2006,2054 2006,1994"/>
                    <TextEquiv>
                        <Unicode>Meisterhänden</Unicode>
                    </TextEquiv>
                </Word>
                <Word id="tr_2_tl_18_w5" custom="readingOrder {index:4;}">
                    <Coords points="2041,1995 2041,2055 2104,2055 2104,1995"/>
                    <TextEquiv>
                        <Unicode>das</Unicode>
                    </TextEquiv>
                </Word>
                <Word id="tr_2_tl_18_w6" custom="readingOrder {index:5;}">
                    <Coords points="2134,1997 2134,2057 2321,2057 2321,1997"/>
                    <TextEquiv>
                        <Unicode>kostbare,</Unicode>
                    </TextEquiv>
                </Word>
                <Word id="tr_2_tl_18_w7" custom="readingOrder {index:6;}">
                    <Coords points="2341,1998 2341,2058 2498,2058 2498,1998"/>
                    <TextEquiv>
                        <Unicode>geliebte</Unicode>
                    </TextEquiv>
                </Word>
                <Word id="tr_2_tl_18_w8" custom="readingOrder {index:7;}">
                    <Coords points="2528,2001 2528,2061 2596,2061 2596,2001"/>
                    <TextEquiv>
                        <Unicode>und</Unicode>
                    </TextEquiv>
                </Word>
                <Word id="tr_2_tl_18_w9" custom="readingOrder {index:8;}">
                    <Coords points="2631,2004 2631,2064 2695,2064 2695,2004"/>
                    <TextEquiv>
                        <Unicode>nun</Unicode>
                    </TextEquiv>
                </Word>
                <TextEquiv>
                    <Unicode>merte unter seinen Meisterhänden das kostbare, geliebte und nun</Unicode>
                </TextEquiv>
            </TextLine>
            <TextLine id="tr_2_tl_19" custom="readingOrder {index:18;}">
                <Coords points="1289,2083 2609,2113 2709,2101 2707,2057 1287,2041"/>
                <Baseline points="1298,2074 1368,2076 1439,2077 1510,2077 1581,2080 1651,2080 1722,2080 1793,2083 1864,2083 1934,2084 2005,2084 2076,2086 2147,2086 2217,2086 2288,2089 2359,2088 2430,2089 2500,2089 2571,2090 2642,2092 2713,2089"/>
                <Word id="tr_2_tl_19_w1" custom="readingOrder {index:0;}">
                    <Coords points="1292,2034 1292,2094 1321,2094 1321,2034"/>
                    <TextEquiv>
                        <Unicode>so</Unicode>
                    </TextEquiv>
                </Word>
                <Word id="tr_2_tl_19_w2" custom="readingOrder {index:1;}">
                    <Coords points="1347,2036 1347,2096 1507,2096 1507,2036"/>
                    <TextEquiv>
                        <Unicode>zuchtlos</Unicode>
                    </TextEquiv>
                </Word>
                <Word id="tr_2_tl_19_w3" custom="readingOrder {index:2;}">
                    <Coords points="1534,2040 1534,2100 1749,2100 1749,2040"/>
                    <TextEquiv>
                        <Unicode>verdorbene</Unicode>
                    </TextEquiv>
                </Word>
                <Word id="tr_2_tl_19_w4" custom="readingOrder {index:3;}">
                    <Coords points="1776,2043 1776,2103 2012,2103 2012,2043"/>
                    <TextEquiv>
                        <Unicode>Geschmeide</Unicode>
                    </TextEquiv>
                </Word>
                <Word id="tr_2_tl_19_w5" custom="readingOrder {index:4;}">
                    <Coords points="2038,2045 2038,2105 2097,2105 2097,2045"/>
                    <TextEquiv>
                        <Unicode>der</Unicode>
                    </TextEquiv>
                </Word>
                <Word id="tr_2_tl_19_w6" custom="readingOrder {index:5;}">
                    <Coords points="2118,2046 2118,2106 2309,2106 2309,2046"/>
                    <TextEquiv>
                        <Unicode>deutschen</Unicode>
                    </TextEquiv>
                </Word>
                <Word id="tr_2_tl_19_w7" custom="readingOrder {index:6;}">
                    <Coords points="2335,2048 2335,2108 2516,2108 2516,2048"/>
                    <TextEquiv>
                        <Unicode>Sprache.</Unicode>
                    </TextEquiv>
                </Word>
                <Word id="tr_2_tl_19_w8" custom="readingOrder {index:7;}">
                    <Coords points="2532,2049 2532,2109 2576,2109 2576,2049"/>
                    <TextEquiv>
                        <Unicode>Er</Unicode>
                    </TextEquiv>
                </Word>
                <Word id="tr_2_tl_19_w9" custom="readingOrder {index:8;}">
                    <Coords points="2597,2051 2597,2111 2697,2111 2697,2051"/>
                    <TextEquiv>
                        <Unicode>liebte</Unicode>
                    </TextEquiv>
                </Word>
                <TextEquiv>
                    <Unicode>so zuchtlos verdorbene Geschmeide der deutschen Sprache. Er liebte</Unicode>
                </TextEquiv>
            </TextLine>
            <TextLine id="tr_2_tl_20" custom="readingOrder {index:19;}">
                <Coords points="1298,2135 2711,2156 2711,2108 2581,2097 1298,2085"/>
                <Baseline points="1307,2125 1377,2125 1447,2125 1518,2127 1588,2128 1659,2131 1729,2131 1800,2131 1870,2133 1941,2134 2011,2134 2081,2135 2152,2137 2222,2137 2293,2137 2363,2137 2434,2137 2504,2139 2575,2140 2645,2140 2716,2140"/>
                <Word id="tr_2_tl_20_w1" custom="readingOrder {index:0;}">
                    <Coords points="1297,2085 1297,2145 1360,2145 1360,2085"/>
                    <TextEquiv>
                        <Unicode>das</Unicode>
                    </TextEquiv>
                </Word>
                <Word id="tr_2_tl_20_w2" custom="readingOrder {index:1;}">
                    <Coords points="1390,2085 1390,2145 1497,2145 1497,2085"/>
                    <TextEquiv>
                        <Unicode>Leben</Unicode>
                    </TextEquiv>
                </Word>
                <Word id="tr_2_tl_20_w3" custom="readingOrder {index:2;}">
                    <Coords points="1532,2087 1532,2147 1634,2147 1634,2087"/>
                    <TextEquiv>
                        <Unicode>nicht</Unicode>
                    </TextEquiv>
                </Word>
                <Word id="tr_2_tl_20_w4" custom="readingOrder {index:3;}">
                    <Coords points="1664,2091 1664,2151 1781,2151 1781,2091"/>
                    <TextEquiv>
                        <Unicode>mehr,</Unicode>
                    </TextEquiv>
                </Word>
                <Word id="tr_2_tl_20_w5" custom="readingOrder {index:4;}">
                    <Coords points="1801,2092 1801,2152 1903,2152 1903,2092"/>
                    <TextEquiv>
                        <Unicode>aber,</Unicode>
                    </TextEquiv>
                </Word>
                <Word id="tr_2_tl_20_w6" custom="readingOrder {index:5;}">
                    <Coords points="1923,2094 1923,2154 1986,2154 1986,2094"/>
                    <TextEquiv>
                        <Unicode>wie</Unicode>
                    </TextEquiv>
                </Word>
                <Word id="tr_2_tl_20_w7" custom="readingOrder {index:6;}">
                    <Coords points="2016,2094 2016,2154 2055,2154 2055,2094"/>
                    <TextEquiv>
                        <Unicode>er</Unicode>
                    </TextEquiv>
                </Word>
                <Word id="tr_2_tl_20_w8" custom="readingOrder {index:7;}">
                    <Coords points="2080,2095 2080,2155 2113,2155 2113,2095"/>
                    <TextEquiv>
                        <Unicode>es</Unicode>
                    </TextEquiv>
                </Word>
                <Word id="tr_2_tl_20_w9" custom="readingOrder {index:8;}">
                    <Coords points="2143,2097 2143,2157 2382,2157 2382,2097"/>
                    <TextEquiv>
                        <Unicode>ausdrückte,</Unicode>
                    </TextEquiv>
                </Word>
                <Word id="tr_2_tl_20_w10" custom="readingOrder {index:9;}">
                    <Coords points="2403,2097 2403,2157 2456,2157 2456,2097"/>
                    <TextEquiv>
                        <Unicode>„er</Unicode>
                    </TextEquiv>
                </Word>
                <Word id="tr_2_tl_20_w11" custom="readingOrder {index:10;}">
                    <Coords points="2486,2099 2486,2159 2583,2159 2583,2099"/>
                    <TextEquiv>
                        <Unicode>stand</Unicode>
                    </TextEquiv>
                </Word>
                <Word id="tr_2_tl_20_w12" custom="readingOrder {index:11;}">
                    <Coords points="2623,2100 2623,2160 2681,2160 2681,2100"/>
                    <TextEquiv>
                        <Unicode>dem</Unicode>
                    </TextEquiv>
                </Word>
                <TextEquiv>
                    <Unicode>das Leben nicht mehr, aber, wie er es ausdrückte, „er stand dem</Unicode>
                </TextEquiv>
            </TextLine>
            <TextLine id="tr_2_tl_21" custom="readingOrder {index:20;}">
                <Coords points="1299,2190 2711,2206 2711,2161 2659,2151 1299,2135"/>
                <Baseline points="1310,2176 1380,2176 1450,2176 1520,2176 1590,2176 1660,2178 1730,2178 1801,2181 1871,2181 1941,2181 2011,2183 2081,2184 2151,2184 2221,2187 2292,2184 2362,2184 2432,2187 2502,2187 2572,2190 2642,2190 2713,2193"/>
                <Word id="tr_2_tl_21_w1" custom="readingOrder {index:0;}">
                    <Coords points="1299,2136 1299,2196 1363,2196 1363,2136"/>
                    <TextEquiv>
                        <Unicode>Tod</Unicode>
                    </TextEquiv>
                </Word>
                <Word id="tr_2_tl_21_w2" custom="readingOrder {index:1;}">
                    <Coords points="1402,2136 1402,2196 1487,2196 1487,2136"/>
                    <TextEquiv>
                        <Unicode>ohne</Unicode>
                    </TextEquiv>
                </Word>
                <Word id="tr_2_tl_21_w3" custom="readingOrder {index:2;}">
                    <Coords points="1520,2137 1520,2197 1736,2197 1736,2137"/>
                    <TextEquiv>
                        <Unicode>Sympathie</Unicode>
                    </TextEquiv>
                </Word>
                <Word id="tr_2_tl_21_w4" custom="readingOrder {index:3;}">
                    <Coords points="1769,2141 1769,2201 2017,2201 2017,2141"/>
                    <TextEquiv>
                        <Unicode>gegenüber“.</Unicode>
                    </TextEquiv>
                </Word>
                <Word id="tr_2_tl_21_w5" custom="readingOrder {index:4;}">
                    <Coords points="2039,2143 2039,2203 2109,2203 2109,2143"/>
                    <TextEquiv>
                        <Unicode>Für</Unicode>
                    </TextEquiv>
                </Word>
                <Word id="tr_2_tl_21_w6" custom="readingOrder {index:5;}">
                    <Coords points="2136,2145 2136,2205 2217,2205 2217,2145"/>
                    <TextEquiv>
                        <Unicode>ihn,</Unicode>
                    </TextEquiv>
                </Word>
                <Word id="tr_2_tl_21_w7" custom="readingOrder {index:6;}">
                    <Coords points="2239,2144 2239,2204 2303,2204 2303,2144"/>
                    <TextEquiv>
                        <Unicode>den</Unicode>
                    </TextEquiv>
                </Word>
                <Word id="tr_2_tl_21_w8" custom="readingOrder {index:7;}">
                    <Coords points="2342,2147 2342,2207 2611,2207 2611,2147"/>
                    <TextEquiv>
                        <Unicode>Voltaireaner,</Unicode>
                    </TextEquiv>
                </Word>
                <Word id="tr_2_tl_21_w9" custom="readingOrder {index:8;}">
                    <Coords points="2634,2150 2634,2210 2692,2210 2692,2150"/>
                    <TextEquiv>
                        <Unicode>den</Unicode>
                    </TextEquiv>
                </Word>
                <TextEquiv>
                    <Unicode>Tod ohne Sympathie gegenüber“. Für ihn, den Voltaireaner, den</Unicode>
                </TextEquiv>
            </TextLine>
            <TextLine id="tr_2_tl_22" custom="readingOrder {index:21;}">
                <Coords points="1285,2234 2709,2261 2691,2201 1285,2195"/>
                <Baseline points="1295,2223 1365,2223 1436,2226 1507,2226 1578,2226 1649,2226 1720,2229 1791,2229 1862,2231 1933,2232 2004,2232 2074,2232 2145,2232 2216,2235 2287,2232 2358,2234 2429,2237 2500,2238 2571,2238 2642,2238 2713,2241"/>
                <Word id="tr_2_tl_22_w1" custom="readingOrder {index:0;}">
                    <Coords points="1289,2183 1289,2243 1382,2243 1382,2183"/>
                    <TextEquiv>
                        <Unicode>alten</Unicode>
                    </TextEquiv>
                </Word>
                <Word id="tr_2_tl_22_w2" custom="readingOrder {index:1;}">
                    <Coords points="1417,2186 1417,2246 1524,2246 1524,2186"/>
                    <TextEquiv>
                        <Unicode>Arzt,</Unicode>
                    </TextEquiv>
                </Word>
                <Word id="tr_2_tl_22_w3" custom="readingOrder {index:2;}">
                    <Coords points="1544,2186 1544,2246 1608,2246 1608,2186"/>
                    <TextEquiv>
                        <Unicode>den</Unicode>
                    </TextEquiv>
                </Word>
                <Word id="tr_2_tl_22_w4" custom="readingOrder {index:3;}">
                    <Coords points="1643,2189 1643,2249 1907,2249 1907,2189"/>
                    <TextEquiv>
                        <Unicode>dichterischen</Unicode>
                    </TextEquiv>
                </Word>
                <Word id="tr_2_tl_22_w5" custom="readingOrder {index:4;}">
                    <Coords points="1942,2192 1942,2252 2103,2252 2103,2192"/>
                    <TextEquiv>
                        <Unicode>Anreger</Unicode>
                    </TextEquiv>
                </Word>
                <Word id="tr_2_tl_22_w6" custom="readingOrder {index:5;}">
                    <Coords points="2133,2192 2133,2252 2192,2252 2192,2192"/>
                    <TextEquiv>
                        <Unicode>der</Unicode>
                    </TextEquiv>
                </Word>
                <Word id="tr_2_tl_22_w7" custom="readingOrder {index:6;}">
                    <Coords points="2222,2194 2222,2254 2516,2254 2516,2194"/>
                    <TextEquiv>
                        <Unicode>Psychoanalyse</Unicode>
                    </TextEquiv>
                </Word>
                <Word id="tr_2_tl_22_w8" custom="readingOrder {index:7;}">
                    <Coords points="2551,2198 2551,2258 2698,2258 2698,2198"/>
                    <TextEquiv>
                        <Unicode>wartete</Unicode>
                    </TextEquiv>
                </Word>
                <TextEquiv>
                    <Unicode>alten Arzt, den dichterischen Anreger der Psychoanalyse wartete</Unicode>
                </TextEquiv>
            </TextLine>
            <TextLine id="tr_2_tl_23" custom="readingOrder {index:22;}">
                <Coords points="1285,2282 2688,2313 2702,2259 1283,2233"/>
                <Baseline points="1295,2271 1365,2274 1436,2274 1506,2275 1577,2275 1648,2277 1718,2278 1789,2280 1859,2280 1930,2281 2001,2283 2071,2283 2142,2283 2212,2283 2283,2286 2354,2286 2424,2287 2495,2289 2565,2289 2636,2289 2707,2289"/>
                <Word id="tr_2_tl_23_w1" custom="readingOrder {index:0;}">
                    <Coords points="1283,2232 1283,2292 1365,2292 1365,2232"/>
                    <TextEquiv>
                        <Unicode>kein</Unicode>
                    </TextEquiv>
                </Word>
                <Word id="tr_2_tl_23_w2" custom="readingOrder {index:1;}">
                    <Coords points="1407,2234 1407,2294 1577,2294 1577,2234"/>
                    <TextEquiv>
                        <Unicode>Jenseits,</Unicode>
                    </TextEquiv>
                </Word>
                <Word id="tr_2_tl_23_w3" custom="readingOrder {index:2;}">
                    <Coords points="1603,2236 1603,2296 1670,2296 1670,2236"/>
                    <TextEquiv>
                        <Unicode>und</Unicode>
                    </TextEquiv>
                </Word>
                <Word id="tr_2_tl_23_w4" custom="readingOrder {index:3;}">
                    <Coords points="1707,2238 1707,2298 1773,2298 1773,2238"/>
                    <TextEquiv>
                        <Unicode>alle</Unicode>
                    </TextEquiv>
                </Word>
                <Word id="tr_2_tl_23_w5" custom="readingOrder {index:4;}">
                    <Coords points="1810,2240 1810,2300 2022,2300 2022,2240"/>
                    <TextEquiv>
                        <Unicode>Eitelkeiten</Unicode>
                    </TextEquiv>
                </Word>
                <Word id="tr_2_tl_23_w6" custom="readingOrder {index:5;}">
                    <Coords points="2070,2243 2070,2303 2126,2303 2126,2243"/>
                    <TextEquiv>
                        <Unicode>von</Unicode>
                    </TextEquiv>
                </Word>
                <Word id="tr_2_tl_23_w7" custom="readingOrder {index:6;}">
                    <Coords points="2168,2243 2168,2303 2234,2303 2234,2243"/>
                    <TextEquiv>
                        <Unicode>sich</Unicode>
                    </TextEquiv>
                </Word>
                <Word id="tr_2_tl_23_w8" custom="readingOrder {index:7;}">
                    <Coords points="2271,2246 2271,2306 2452,2306 2452,2246"/>
                    <TextEquiv>
                        <Unicode>abtuend,</Unicode>
                    </TextEquiv>
                </Word>
                <Word id="tr_2_tl_23_w9" custom="readingOrder {index:8;}">
                    <Coords points="2478,2249 2478,2309 2627,2309 2627,2249"/>
                    <TextEquiv>
                        <Unicode>glaubte</Unicode>
                    </TextEquiv>
                </Word>
                <Word id="tr_2_tl_23_w10" custom="readingOrder {index:9;}">
                    <Coords points="2659,2249 2659,2309 2695,2309 2695,2249"/>
                    <TextEquiv>
                        <Unicode>er</Unicode>
                    </TextEquiv>
                </Word>
                <TextEquiv>
                    <Unicode>kein Jenseits, und alle Eitelkeiten von sich abtuend, glaubte er</Unicode>
                </TextEquiv>
            </TextLine>
            <TextLine id="tr_2_tl_24" custom="readingOrder {index:23;}">
                <Coords points="1285,2327 2704,2353 2702,2311 2599,2298 1285,2291"/>
                <Baseline points="1295,2322 1365,2322 1436,2325 1506,2325 1577,2325 1648,2325 1718,2328 1789,2328 1859,2330 1930,2331 2001,2331 2071,2334 2142,2334 2212,2334 2283,2334 2354,2334 2424,2334 2495,2336 2565,2337 2636,2337 2707,2334"/>
                <Word id="tr_2_tl_24_w1" custom="readingOrder {index:0;}">
                    <Coords points="1285,2282 1285,2342 1388,2342 1388,2282"/>
                    <TextEquiv>
                        <Unicode>nicht</Unicode>
                    </TextEquiv>
                </Word>
                <Word id="tr_2_tl_24_w2" custom="readingOrder {index:1;}">
                    <Coords points="1409,2284 1409,2344 1444,2344 1444,2284"/>
                    <TextEquiv>
                        <Unicode>an</Unicode>
                    </TextEquiv>
                </Word>
                <Word id="tr_2_tl_24_w3" custom="readingOrder {index:2;}">
                    <Coords points="1476,2285 1476,2345 1698,2345 1698,2285"/>
                    <TextEquiv>
                        <Unicode>literarische</Unicode>
                    </TextEquiv>
                </Word>
                <Word id="tr_2_tl_24_w4" custom="readingOrder {index:3;}">
                    <Coords points="1724,2290 1724,2350 2055,2350 2055,2290"/>
                    <TextEquiv>
                        <Unicode>Unsterblichkeit.</Unicode>
                    </TextEquiv>
                </Word>
                <Word id="tr_2_tl_24_w5" custom="readingOrder {index:4;}">
                    <Coords points="2071,2294 2071,2354 2200,2354 2200,2294"/>
                    <TextEquiv>
                        <Unicode>Prüfte</Unicode>
                    </TextEquiv>
                </Word>
                <Word id="tr_2_tl_24_w6" custom="readingOrder {index:5;}">
                    <Coords points="2221,2294 2221,2354 2304,2354 2304,2294"/>
                    <TextEquiv>
                        <Unicode>eher</Unicode>
                    </TextEquiv>
                </Word>
                <Word id="tr_2_tl_24_w7" custom="readingOrder {index:6;}">
                    <Coords points="2330,2294 2330,2354 2402,2354 2402,2294"/>
                    <TextEquiv>
                        <Unicode>eine</Unicode>
                    </TextEquiv>
                </Word>
                <Word id="tr_2_tl_24_w8" custom="readingOrder {index:7;}">
                    <Coords points="2429,2296 2429,2356 2697,2356 2697,2296"/>
                    <TextEquiv>
                        <Unicode>wohlgeratene</Unicode>
                    </TextEquiv>
                </Word>
                <TextEquiv>
                    <Unicode>nicht an literarische Unsterblichkeit. Prüfte eher eine wohlgeratene</Unicode>
                </TextEquiv>
            </TextLine>
            <TextLine id="tr_2_tl_25" custom="readingOrder {index:24;}">
                <Coords points="1285,2385 2291,2393 2291,2355 2144,2337 1438,2361 1285,2332"/>
                <Baseline points="1295,2373 1345,2373 1395,2373 1445,2373 1495,2374 1545,2375 1595,2375 1645,2375 1695,2375 1745,2375 1795,2376 1845,2378 1895,2378 1945,2378 1995,2380 2045,2381 2095,2381 2145,2381 2195,2381 2245,2384 2295,2384"/>
                <Word id="tr_2_tl_25_w1" custom="readingOrder {index:0;}">
                    <Coords points="1285,2333 1285,2393 1430,2393 1430,2333"/>
                    <TextEquiv>
                        <Unicode>Speise,</Unicode>
                    </TextEquiv>
                </Word>
                <Word id="tr_2_tl_25_w2" custom="readingOrder {index:1;}">
                    <Coords points="1451,2333 1451,2393 1506,2393 1506,2333"/>
                    <TextEquiv>
                        <Unicode>sah</Unicode>
                    </TextEquiv>
                </Word>
                <Word id="tr_2_tl_25_w3" custom="readingOrder {index:2;}">
                    <Coords points="1537,2335 1537,2395 1743,2395 1743,2335"/>
                    <TextEquiv>
                        <Unicode>kennerisch</Unicode>
                    </TextEquiv>
                </Word>
                <Word id="tr_2_tl_25_w4" custom="readingOrder {index:3;}">
                    <Coords points="1779,2336 1779,2396 1840,2396 1840,2336"/>
                    <TextEquiv>
                        <Unicode>auf</Unicode>
                    </TextEquiv>
                </Word>
                <Word id="tr_2_tl_25_w5" custom="readingOrder {index:4;}">
                    <Coords points="1866,2338 1866,2398 1940,2398 1940,2338"/>
                    <TextEquiv>
                        <Unicode>eine</Unicode>
                    </TextEquiv>
                </Word>
                <Word id="tr_2_tl_25_w6" custom="readingOrder {index:5;}">
                    <Coords points="1967,2340 1967,2400 2097,2400 2097,2340"/>
                    <TextEquiv>
                        <Unicode>schöne</Unicode>
                    </TextEquiv>
                </Word>
                <Word id="tr_2_tl_25_w7" custom="readingOrder {index:6;}">
                    <Coords points="2123,2341 2123,2401 2209,2401 2209,2341"/>
                    <TextEquiv>
                        <Unicode>Frau</Unicode>
                    </TextEquiv>
                </Word>
                <Word id="tr_2_tl_25_w8" custom="readingOrder {index:7;}">
                    <Coords points="2234,2344 2234,2404 2289,2404 2289,2344"/>
                    <TextEquiv>
                        <Unicode>...</Unicode>
                    </TextEquiv>
                </Word>
                <TextEquiv>
                    <Unicode>Speise, sah kennerisch auf eine schöne Frau ...</Unicode>
                </TextEquiv>
            </TextLine>
            <TextLine id="tr_2_tl_26" custom="readingOrder {index:25;}">
                <Coords points="1358,2437 2702,2446 2702,2412 2602,2394 1358,2384"/>
                <Baseline points="1367,2423 1434,2420 1501,2423 1568,2424 1635,2426 1702,2424 1769,2426 1836,2427 1903,2429 1970,2429 2037,2432 2104,2432 2171,2432 2238,2433 2305,2435 2372,2435 2439,2435 2506,2438 2573,2438 2640,2441 2707,2438"/>
                <Word id="tr_2_tl_26_w1" custom="readingOrder {index:0;}">
                    <Coords points="1358,2381 1358,2441 1426,2441 1426,2381"/>
                    <TextEquiv>
                        <Unicode>Mit</Unicode>
                    </TextEquiv>
                </Word>
                <Word id="tr_2_tl_26_w2" custom="readingOrder {index:1;}">
                    <Coords points="1453,2384 1453,2444 1748,2444 1748,2384"/>
                    <TextEquiv>
                        <Unicode>Hofmannsthal</Unicode>
                    </TextEquiv>
                </Word>
                <Word id="tr_2_tl_26_w3" custom="readingOrder {index:2;}">
                    <Coords points="1770,2386 1770,2446 1817,2446 1817,2386"/>
                    <TextEquiv>
                        <Unicode>ist</Unicode>
                    </TextEquiv>
                </Word>
                <Word id="tr_2_tl_26_w4" custom="readingOrder {index:3;}">
                    <Coords points="1850,2387 1850,2447 1881,2447 1881,2387"/>
                    <TextEquiv>
                        <Unicode>er</Unicode>
                    </TextEquiv>
                </Word>
                <Word id="tr_2_tl_26_w5" custom="readingOrder {index:4;}">
                    <Coords points="1913,2389 1913,2449 1944,2449 1944,2389"/>
                    <TextEquiv>
                        <Unicode>so</Unicode>
                    </TextEquiv>
                </Word>
                <Word id="tr_2_tl_26_w6" custom="readingOrder {index:5;}">
                    <Coords points="1981,2391 1981,2451 2082,2451 2082,2391"/>
                    <TextEquiv>
                        <Unicode>recht</Unicode>
                    </TextEquiv>
                </Word>
                <Word id="tr_2_tl_26_w7" custom="readingOrder {index:6;}">
                    <Coords points="2114,2392 2114,2452 2171,2452 2171,2392"/>
                    <TextEquiv>
                        <Unicode>der</Unicode>
                    </TextEquiv>
                </Word>
                <Word id="tr_2_tl_26_w8" custom="readingOrder {index:7;}">
                    <Coords points="2203,2394 2203,2454 2356,2454 2356,2394"/>
                    <TextEquiv>
                        <Unicode>Dichter</Unicode>
                    </TextEquiv>
                </Word>
                <Word id="tr_2_tl_26_w9" custom="readingOrder {index:8;}">
                    <Coords points="2383,2397 2383,2457 2615,2457 2615,2397"/>
                    <TextEquiv>
                        <Unicode>Österreichs</Unicode>
                    </TextEquiv>
                </Word>
                <Word id="tr_2_tl_26_w10" custom="readingOrder {index:9;}">
                    <Coords points="2642,2399 2642,2459 2700,2459 2700,2399"/>
                    <TextEquiv>
                        <Unicode>ge-</Unicode>
                    </TextEquiv>
                </Word>
                <TextEquiv>
                    <Unicode>Mit Hofmannsthal ist er so recht der Dichter Österreichs ge-</Unicode>
                </TextEquiv>
            </TextLine>
            <TextLine id="tr_2_tl_27" custom="readingOrder {index:26;}">
                <Coords points="1289,2478 2702,2499 2702,2455 2568,2446 1289,2442"/>
                <Baseline points="1298,2465 1368,2471 1438,2471 1509,2471 1579,2472 1650,2474 1720,2475 1791,2477 1861,2479 1932,2480 2002,2480 2072,2481 2143,2483 2213,2483 2284,2483 2354,2486 2425,2484 2495,2488 2566,2488 2636,2489 2707,2486"/>
                <Word id="tr_2_tl_27_w1" custom="readingOrder {index:0;}">
                    <Coords points="1289,2430 1289,2490 1424,2490 1424,2430"/>
                    <TextEquiv>
                        <Unicode>wesen,</Unicode>
                    </TextEquiv>
                </Word>
                <Word id="tr_2_tl_27_w2" custom="readingOrder {index:1;}">
                    <Coords points="1444,2431 1444,2491 1494,2491 1494,2431"/>
                    <TextEquiv>
                        <Unicode>er,</Unicode>
                    </TextEquiv>
                </Word>
                <Word id="tr_2_tl_27_w3" custom="readingOrder {index:2;}">
                    <Coords points="1515,2431 1515,2491 1569,2491 1569,2431"/>
                    <TextEquiv>
                        <Unicode>der</Unicode>
                    </TextEquiv>
                </Word>
                <Word id="tr_2_tl_27_w4" custom="readingOrder {index:3;}">
                    <Coords points="1595,2434 1595,2494 1815,2494 1815,2434"/>
                    <TextEquiv>
                        <Unicode>Kulturjude</Unicode>
                    </TextEquiv>
                </Word>
                <Word id="tr_2_tl_27_w5" custom="readingOrder {index:4;}">
                    <Coords points="1846,2439 1846,2499 1906,2499 1906,2439"/>
                    <TextEquiv>
                        <Unicode>aus</Unicode>
                    </TextEquiv>
                </Word>
                <Word id="tr_2_tl_27_w6" custom="readingOrder {index:5;}">
                    <Coords points="1932,2440 1932,2500 2082,2500 2082,2440"/>
                    <TextEquiv>
                        <Unicode>feinstem</Unicode>
                    </TextEquiv>
                </Word>
                <Word id="tr_2_tl_27_w7" custom="readingOrder {index:6;}">
                    <Coords points="2123,2443 2123,2503 2454,2503 2454,2443"/>
                    <TextEquiv>
                        <Unicode>Gelehrtenhause.</Unicode>
                    </TextEquiv>
                </Word>
                <Word id="tr_2_tl_27_w8" custom="readingOrder {index:7;}">
                    <Coords points="2475,2448 2475,2508 2600,2508 2600,2448"/>
                    <TextEquiv>
                        <Unicode>Beides</Unicode>
                    </TextEquiv>
                </Word>
                <Word id="tr_2_tl_27_w9" custom="readingOrder {index:8;}">
                    <Coords points="2625,2447 2625,2507 2695,2507 2695,2447"/>
                    <TextEquiv>
                        <Unicode>war</Unicode>
                    </TextEquiv>
                </Word>
                <TextEquiv>
                    <Unicode>wesen, er, der Kulturjude aus feinstem Gelehrtenhause. Beides war</Unicode>
                </TextEquiv>
            </TextLine>
            <TextLine id="tr_2_tl_28" custom="readingOrder {index:27;}">
                <Coords points="1289,2528 2702,2542 2689,2497 1287,2478"/>
                <Baseline points="1298,2519 1368,2520 1438,2522 1509,2522 1579,2522 1650,2525 1720,2526 1791,2528 1861,2528 1932,2528 2002,2531 2072,2531 2143,2531 2213,2532 2284,2534 2354,2534 2425,2534 2495,2536 2566,2538 2636,2540 2707,2534"/>
                <Word id="tr_2_tl_28_w1" custom="readingOrder {index:0;}">
                    <Coords points="1287,2480 1287,2540 1518,2540 1518,2480"/>
                    <TextEquiv>
                        <Unicode>untrennbar</Unicode>
                    </TextEquiv>
                </Word>
                <Word id="tr_2_tl_28_w2" custom="readingOrder {index:1;}">
                    <Coords points="1550,2482 1550,2542 1580,2542 1580,2482"/>
                    <TextEquiv>
                        <Unicode>in</Unicode>
                    </TextEquiv>
                </Word>
                <Word id="tr_2_tl_28_w3" custom="readingOrder {index:2;}">
                    <Coords points="1617,2484 1617,2544 1673,2544 1673,2484"/>
                    <TextEquiv>
                        <Unicode>ihm</Unicode>
                    </TextEquiv>
                </Word>
                <Word id="tr_2_tl_28_w4" custom="readingOrder {index:3;}">
                    <Coords points="1730,2488 1730,2548 1926,2548 1926,2488"/>
                    <TextEquiv>
                        <Unicode>gemischt.</Unicode>
                    </TextEquiv>
                </Word>
                <Word id="tr_2_tl_28_w5" custom="readingOrder {index:4;}">
                    <Coords points="1952,2489 1952,2549 1999,2549 1999,2489"/>
                    <TextEquiv>
                        <Unicode>Er</Unicode>
                    </TextEquiv>
                </Word>
                <Word id="tr_2_tl_28_w6" custom="readingOrder {index:5;}">
                    <Coords points="2030,2491 2030,2551 2127,2551 2127,2491"/>
                    <TextEquiv>
                        <Unicode>hatte</Unicode>
                    </TextEquiv>
                </Word>
                <Word id="tr_2_tl_28_w7" custom="readingOrder {index:6;}">
                    <Coords points="2164,2491 2164,2551 2220,2551 2220,2491"/>
                    <TextEquiv>
                        <Unicode>die</Unicode>
                    </TextEquiv>
                </Word>
                <Word id="tr_2_tl_28_w8" custom="readingOrder {index:7;}">
                    <Coords points="2257,2494 2257,2554 2421,2554 2421,2494"/>
                    <TextEquiv>
                        <Unicode>jüdische</Unicode>
                    </TextEquiv>
                </Word>
                <Word id="tr_2_tl_28_w9" custom="readingOrder {index:8;}">
                    <Coords points="2463,2498 2463,2558 2700,2558 2700,2498"/>
                    <TextEquiv>
                        <Unicode>Verstandes¬</Unicode>
                    </TextEquiv>
                </Word>
                <TextEquiv>
                    <Unicode>untrennbar in ihm gemischt. Er hatte die jüdische Verstandes¬</Unicode>
                </TextEquiv>
            </TextLine>
            <TextLine id="tr_2_tl_29" custom="readingOrder {index:28;}">
                <Coords points="1282,2583 2460,2616 2705,2600 2704,2552 1280,2536"/>
                <Baseline points="1289,2567 1360,2570 1431,2570 1502,2572 1573,2572 1644,2572 1715,2574 1786,2575 1857,2578 1928,2578 1999,2581 2070,2579 2141,2581 2212,2581 2283,2581 2354,2583 2425,2584 2496,2584 2567,2587 2638,2587 2710,2584"/>
                <Word id="tr_2_tl_29_w1" custom="readingOrder {index:0;}">
                    <Coords points="1286,2530 1286,2590 1447,2590 1447,2530"/>
                    <TextEquiv>
                        <Unicode>schärfe,</Unicode>
                    </TextEquiv>
                </Word>
                <Word id="tr_2_tl_29_w2" custom="readingOrder {index:1;}">
                    <Coords points="1464,2531 1464,2591 1518,2591 1518,2531"/>
                    <TextEquiv>
                        <Unicode>die</Unicode>
                    </TextEquiv>
                </Word>
                <Word id="tr_2_tl_29_w3" custom="readingOrder {index:2;}">
                    <Coords points="1540,2532 1540,2592 1674,2592 1674,2532"/>
                    <TextEquiv>
                        <Unicode>Freude</Unicode>
                    </TextEquiv>
                </Word>
                <Word id="tr_2_tl_29_w4" custom="readingOrder {index:3;}">
                    <Coords points="1702,2534 1702,2594 1734,2594 1734,2534"/>
                    <TextEquiv>
                        <Unicode>an</Unicode>
                    </TextEquiv>
                </Word>
                <Word id="tr_2_tl_29_w5" custom="readingOrder {index:4;}">
                    <Coords points="1762,2537 1762,2597 1945,2597 1945,2537"/>
                    <TextEquiv>
                        <Unicode>Dialektik</Unicode>
                    </TextEquiv>
                </Word>
                <Word id="tr_2_tl_29_w6" custom="readingOrder {index:5;}">
                    <Coords points="1978,2540 1978,2600 2043,2600 2043,2540"/>
                    <TextEquiv>
                        <Unicode>und</Unicode>
                    </TextEquiv>
                </Word>
                <Word id="tr_2_tl_29_w7" custom="readingOrder {index:6;}">
                    <Coords points="2070,2541 2070,2601 2367,2601 2367,2541"/>
                    <TextEquiv>
                        <Unicode>schonungslosem</Unicode>
                    </TextEquiv>
                </Word>
                <Word id="tr_2_tl_29_w8" custom="readingOrder {index:7;}">
                    <Coords points="2411,2544 2411,2604 2524,2604 2524,2544"/>
                    <TextEquiv>
                        <Unicode>Witz.</Unicode>
                    </TextEquiv>
                </Word>
                <Word id="tr_2_tl_29_w9" custom="readingOrder {index:8;}">
                    <Coords points="2541,2547 2541,2607 2610,2607 2610,2547"/>
                    <TextEquiv>
                        <Unicode>Und</Unicode>
                    </TextEquiv>
                </Word>
                <Word id="tr_2_tl_29_w10" custom="readingOrder {index:9;}">
                    <Coords points="2638,2545 2638,2605 2692,2605 2692,2545"/>
                    <TextEquiv>
                        <Unicode>die</Unicode>
                    </TextEquiv>
                </Word>
                <TextEquiv>
                    <Unicode>schärfe, die Freude an Dialektik und schonungslosem Witz. Und die</Unicode>
                </TextEquiv>
            </TextLine>
            <TextLine id="tr_2_tl_30" custom="readingOrder {index:29;}">
                <Coords points="1294,2627 2700,2652 2698,2609 2632,2593 1294,2592"/>
                <Baseline points="1304,2617 1374,2619 1444,2620 1514,2620 1584,2620 1654,2622 1724,2624 1794,2626 1864,2626 1934,2626 2004,2629 2074,2629 2144,2629 2214,2632 2284,2632 2354,2632 2424,2635 2494,2635 2564,2635 2634,2638 2704,2638"/>
                <Word id="tr_2_tl_30_w1" custom="readingOrder {index:0;}">
                    <Coords points="1294,2580 1294,2640 1636,2640 1636,2580"/>
                    <TextEquiv>
                        <Unicode>verschwimmende</Unicode>
                    </TextEquiv>
                </Word>
                <Word id="tr_2_tl_30_w2" custom="readingOrder {index:1;}">
                    <Coords points="1674,2585 1674,2645 1879,2645 1879,2585"/>
                    <TextEquiv>
                        <Unicode>Weichheit</Unicode>
                    </TextEquiv>
                </Word>
                <Word id="tr_2_tl_30_w3" custom="readingOrder {index:2;}">
                    <Coords points="1911,2586 1911,2646 1969,2646 1969,2586"/>
                    <TextEquiv>
                        <Unicode>des</Unicode>
                    </TextEquiv>
                </Word>
                <Word id="tr_2_tl_30_w4" custom="readingOrder {index:3;}">
                    <Coords points="2002,2589 2002,2649 2180,2649 2180,2589"/>
                    <TextEquiv>
                        <Unicode>Gefühls,</Unicode>
                    </TextEquiv>
                </Word>
                <Word id="tr_2_tl_30_w5" custom="readingOrder {index:4;}">
                    <Coords points="2207,2592 2207,2652 2270,2652 2270,2592"/>
                    <TextEquiv>
                        <Unicode>den</Unicode>
                    </TextEquiv>
                </Word>
                <Word id="tr_2_tl_30_w6" custom="readingOrder {index:5;}">
                    <Coords points="2302,2593 2302,2653 2455,2653 2455,2593"/>
                    <TextEquiv>
                        <Unicode>Scherz,</Unicode>
                    </TextEquiv>
                </Word>
                <Word id="tr_2_tl_30_w7" custom="readingOrder {index:6;}">
                    <Coords points="2482,2595 2482,2655 2545,2655 2545,2595"/>
                    <TextEquiv>
                        <Unicode>der</Unicode>
                    </TextEquiv>
                </Word>
                <Word id="tr_2_tl_30_w8" custom="readingOrder {index:7;}">
                    <Coords points="2577,2597 2577,2657 2687,2657 2687,2597"/>
                    <TextEquiv>
                        <Unicode>Leben</Unicode>
                    </TextEquiv>
                </Word>
                <TextEquiv>
                    <Unicode>verschwimmende Weichheit des Gefühls, den Scherz, der Leben</Unicode>
                </TextEquiv>
            </TextLine>
            <TextLine id="tr_2_tl_31" custom="readingOrder {index:30;}">
                <Coords points="1290,2675 2677,2711 2702,2654 1289,2643"/>
                <Baseline points="1301,2668 1371,2668 1441,2668 1511,2670 1582,2671 1652,2674 1722,2672 1793,2674 1863,2677 1933,2677 2004,2679 2074,2680 2144,2680 2214,2680 2285,2683 2355,2683 2425,2683 2496,2685 2566,2686 2636,2686 2707,2683"/>
                <Word id="tr_2_tl_31_w1" custom="readingOrder {index:0;}">
                    <Coords points="1294,2628 1294,2688 1355,2688 1355,2628"/>
                    <TextEquiv>
                        <Unicode>und</Unicode>
                    </TextEquiv>
                </Word>
                <Word id="tr_2_tl_31_w2" custom="readingOrder {index:1;}">
                    <Coords points="1387,2628 1387,2688 1525,2688 1525,2628"/>
                    <TextEquiv>
                        <Unicode>Gefühl</Unicode>
                    </TextEquiv>
                </Word>
                <Word id="tr_2_tl_31_w3" custom="readingOrder {index:2;}">
                    <Coords points="1546,2632 1546,2692 1695,2692 1695,2632"/>
                    <TextEquiv>
                        <Unicode>niemals</Unicode>
                    </TextEquiv>
                </Word>
                <Word id="tr_2_tl_31_w4" custom="readingOrder {index:3;}">
                    <Coords points="1716,2634 1716,2694 1901,2694 1901,2634"/>
                    <TextEquiv>
                        <Unicode>ernsthaft</Unicode>
                    </TextEquiv>
                </Word>
                <Word id="tr_2_tl_31_w5" custom="readingOrder {index:4;}">
                    <Coords points="1923,2638 1923,2698 2045,2698 2045,2638"/>
                    <TextEquiv>
                        <Unicode>nahm.</Unicode>
                    </TextEquiv>
                </Word>
                <Word id="tr_2_tl_31_w6" custom="readingOrder {index:5;}">
                    <Coords points="2067,2640 2067,2700 2190,2700 2190,2640"/>
                    <TextEquiv>
                        <Unicode>Nichts</Unicode>
                    </TextEquiv>
                </Word>
                <Word id="tr_2_tl_31_w7" custom="readingOrder {index:6;}">
                    <Coords points="2211,2642 2211,2702 2339,2702 2339,2642"/>
                    <TextEquiv>
                        <Unicode>konnte</Unicode>
                    </TextEquiv>
                </Word>
                <Word id="tr_2_tl_31_w8" custom="readingOrder {index:7;}">
                    <Coords points="2366,2643 2366,2703 2396,2703 2396,2643"/>
                    <TextEquiv>
                        <Unicode>ja</Unicode>
                    </TextEquiv>
                </Word>
                <Word id="tr_2_tl_31_w9" custom="readingOrder {index:8;}">
                    <Coords points="2422,2645 2422,2705 2587,2705 2587,2645"/>
                    <TextEquiv>
                        <Unicode>bleiben,</Unicode>
                    </TextEquiv>
                </Word>
                <Word id="tr_2_tl_31_w10" custom="readingOrder {index:9;}">
                    <Coords points="2603,2645 2603,2705 2695,2705 2695,2645"/>
                    <TextEquiv>
                        <Unicode>diese</Unicode>
                    </TextEquiv>
                </Word>
                <TextEquiv>
                    <Unicode>und Gefühl niemals ernsthaft nahm. Nichts konnte ja bleiben, diese</Unicode>
                </TextEquiv>
            </TextLine>
            <TextLine id="tr_2_tl_32" custom="readingOrder {index:31;}">
                <Coords points="1290,2741 2702,2746 2702,2704 2467,2689 1290,2673"/>
                <Baseline points="1301,2716 1371,2719 1441,2719 1511,2717 1582,2720 1652,2722 1722,2723 1793,2725 1863,2725 1933,2725 2004,2728 2074,2728 2144,2728 2214,2729 2285,2731 2355,2731 2425,2731 2496,2734 2566,2735 2636,2735 2707,2734"/>
                <Word id="tr_2_tl_32_w1" custom="readingOrder {index:0;}">
                    <Coords points="1290,2678 1290,2738 1409,2738 1409,2678"/>
                    <TextEquiv>
                        <Unicode>Stadt,</Unicode>
                    </TextEquiv>
                </Word>
                <Word id="tr_2_tl_32_w2" custom="readingOrder {index:1;}">
                    <Coords points="1435,2677 1435,2737 1545,2737 1545,2677"/>
                    <TextEquiv>
                        <Unicode>dieses</Unicode>
                    </TextEquiv>
                </Word>
                <Word id="tr_2_tl_32_w3" custom="readingOrder {index:2;}">
                    <Coords points="1576,2681 1576,2741 1680,2741 1680,2681"/>
                    <TextEquiv>
                        <Unicode>Reich</Unicode>
                    </TextEquiv>
                </Word>
                <Word id="tr_2_tl_32_w4" custom="readingOrder {index:3;}">
                    <Coords points="1716,2683 1716,2743 1791,2743 1791,2683"/>
                    <TextEquiv>
                        <Unicode>war</Unicode>
                    </TextEquiv>
                </Word>
                <Word id="tr_2_tl_32_w5" custom="readingOrder {index:4;}">
                    <Coords points="1822,2685 1822,2745 2028,2745 2028,2685"/>
                    <TextEquiv>
                        <Unicode>ersichtlich</Unicode>
                    </TextEquiv>
                </Word>
                <Word id="tr_2_tl_32_w6" custom="readingOrder {index:5;}">
                    <Coords points="2058,2688 2058,2748 2163,2748 2163,2688"/>
                    <TextEquiv>
                        <Unicode>nicht</Unicode>
                    </TextEquiv>
                </Word>
                <Word id="tr_2_tl_32_w7" custom="readingOrder {index:6;}">
                    <Coords points="2189,2691 2189,2751 2404,2751 2404,2691"/>
                    <TextEquiv>
                        <Unicode>dauerhaft.</Unicode>
                    </TextEquiv>
                </Word>
                <Word id="tr_2_tl_32_w8" custom="readingOrder {index:7;}">
                    <Coords points="2430,2693 2430,2753 2524,2753 2524,2693"/>
                    <TextEquiv>
                        <Unicode>Aber</Unicode>
                    </TextEquiv>
                </Word>
                <Word id="tr_2_tl_32_w9" custom="readingOrder {index:8;}">
                    <Coords points="2555,2695 2555,2755 2630,2755 2630,2695"/>
                    <TextEquiv>
                        <Unicode>was</Unicode>
                    </TextEquiv>
                </Word>
                <Word id="tr_2_tl_32_w10" custom="readingOrder {index:9;}">
                    <Coords points="2661,2694 2661,2754 2690,2754 2690,2694"/>
                    <TextEquiv>
                        <Unicode>es</Unicode>
                    </TextEquiv>
                </Word>
                <TextEquiv>
                    <Unicode>Stadt, dieses Reich war ersichtlich nicht dauerhaft. Aber was es</Unicode>
                </TextEquiv>
            </TextLine>
            <TextLine id="tr_2_tl_33" custom="readingOrder {index:32;}">
                <Coords points="1280,2769 2702,2805 2684,2744 1280,2739"/>
                <Baseline points="1289,2767 1359,2767 1430,2767 1501,2767 1572,2769 1643,2769 1714,2771 1785,2772 1856,2774 1927,2775 1998,2778 2068,2778 2139,2778 2210,2778 2281,2778 2352,2780 2423,2781 2494,2784 2565,2782 2636,2784 2707,2787"/>
                <Word id="tr_2_tl_33_w1" custom="readingOrder {index:0;}">
                    <Coords points="1280,2727 1280,2787 1326,2787 1326,2727"/>
                    <TextEquiv>
                        <Unicode>an</Unicode>
                    </TextEquiv>
                </Word>
                <Word id="tr_2_tl_33_w2" custom="readingOrder {index:1;}">
                    <Coords points="1373,2727 1373,2787 1614,2787 1614,2727"/>
                    <TextEquiv>
                        <Unicode>Bewegtheit,</Unicode>
                    </TextEquiv>
                </Word>
                <Word id="tr_2_tl_33_w3" custom="readingOrder {index:2;}">
                    <Coords points="1651,2729 1651,2789 1691,2789 1691,2729"/>
                    <TextEquiv>
                        <Unicode>an</Unicode>
                    </TextEquiv>
                </Word>
                <Word id="tr_2_tl_33_w4" custom="readingOrder {index:3;}">
                    <Coords points="1738,2734 1738,2794 2005,2794 2005,2734"/>
                    <TextEquiv>
                        <Unicode>Verfeinerung</Unicode>
                    </TextEquiv>
                </Word>
                <Word id="tr_2_tl_33_w5" custom="readingOrder {index:4;}">
                    <Coords points="2052,2738 2052,2798 2180,2798 2180,2738"/>
                    <TextEquiv>
                        <Unicode>besaß,</Unicode>
                    </TextEquiv>
                </Word>
                <Word id="tr_2_tl_33_w6" custom="readingOrder {index:5;}">
                    <Coords points="2217,2738 2217,2798 2273,2798 2273,2738"/>
                    <TextEquiv>
                        <Unicode>die</Unicode>
                    </TextEquiv>
                </Word>
                <Word id="tr_2_tl_33_w7" custom="readingOrder {index:6;}">
                    <Coords points="2315,2741 2315,2801 2536,2801 2536,2741"/>
                    <TextEquiv>
                        <Unicode>herbstliche</Unicode>
                    </TextEquiv>
                </Word>
                <Word id="tr_2_tl_33_w8" custom="readingOrder {index:7;}">
                    <Coords points="2578,2743 2578,2803 2690,2803 2690,2743"/>
                    <TextEquiv>
                        <Unicode>bunte</Unicode>
                    </TextEquiv>
                </Word>
                <TextEquiv>
                    <Unicode>an Bewegtheit, an Verfeinerung besaß, die herbstliche bunte</Unicode>
                </TextEquiv>
            </TextLine>
            <TextLine id="tr_2_tl_34" custom="readingOrder {index:33;}">
                <Coords points="1280,2839 2696,2844 2645,2792 1280,2771"/>
                <Baseline points="1289,2814 1359,2817 1430,2817 1500,2817 1571,2818 1642,2820 1712,2818 1783,2823 1853,2825 1924,2826 1995,2826 2065,2826 2136,2826 2206,2829 2277,2829 2348,2829 2418,2830 2489,2832 2559,2835 2630,2835 2701,2832"/>
                <Word id="tr_2_tl_34_w1" custom="readingOrder {index:0;}">
                    <Coords points="1280,2777 1280,2837 1523,2837 1523,2777"/>
                    <TextEquiv>
                        <Unicode>Melancholie</Unicode>
                    </TextEquiv>
                </Word>
                <Word id="tr_2_tl_34_w2" custom="readingOrder {index:1;}">
                    <Coords points="1550,2779 1550,2839 1666,2839 1666,2779"/>
                    <TextEquiv>
                        <Unicode>seines</Unicode>
                    </TextEquiv>
                </Word>
                <Word id="tr_2_tl_34_w3" custom="readingOrder {index:2;}">
                    <Coords points="1698,2783 1698,2843 1883,2843 1883,2783"/>
                    <TextEquiv>
                        <Unicode>Welkens,</Unicode>
                    </TextEquiv>
                </Word>
                <Word id="tr_2_tl_34_w4" custom="readingOrder {index:3;}">
                    <Coords points="1905,2786 1905,2846 1979,2846 1979,2786"/>
                    <TextEquiv>
                        <Unicode>dies</Unicode>
                    </TextEquiv>
                </Word>
                <Word id="tr_2_tl_34_w5" custom="readingOrder {index:4;}">
                    <Coords points="2011,2786 2011,2846 2079,2846 2079,2786"/>
                    <TextEquiv>
                        <Unicode>war</Unicode>
                    </TextEquiv>
                </Word>
                <Word id="tr_2_tl_34_w6" custom="readingOrder {index:5;}">
                    <Coords points="2111,2786 2111,2846 2138,2846 2138,2786"/>
                    <TextEquiv>
                        <Unicode>in</Unicode>
                    </TextEquiv>
                </Word>
                <Word id="tr_2_tl_34_w7" custom="readingOrder {index:6;}">
                    <Coords points="2170,2789 2170,2849 2259,2849 2259,2789"/>
                    <TextEquiv>
                        <Unicode>ihm.</Unicode>
                    </TextEquiv>
                </Word>
                <Word id="tr_2_tl_34_w8" custom="readingOrder {index:7;}">
                    <Coords points="2281,2789 2281,2849 2386,2849 2386,2789"/>
                    <TextEquiv>
                        <Unicode>Diese</Unicode>
                    </TextEquiv>
                </Word>
                <Word id="tr_2_tl_34_w9" custom="readingOrder {index:8;}">
                    <Coords points="2419,2791 2419,2851 2551,2851 2551,2791"/>
                    <TextEquiv>
                        <Unicode>jungen</Unicode>
                    </TextEquiv>
                </Word>
                <Word id="tr_2_tl_34_w10" custom="readingOrder {index:9;}">
                    <Coords points="2583,2794 2583,2854 2699,2854 2699,2794"/>
                    <TextEquiv>
                        <Unicode>Lebe-</Unicode>
                    </TextEquiv>
                </Word>
                <TextEquiv>
                    <Unicode>Melancholie seines Welkens, dies war in ihm. Diese jungen Lebe-</Unicode>
                </TextEquiv>
            </TextLine>
            <TextLine id="tr_2_tl_35" custom="readingOrder {index:34;}">
                <Coords points="1280,2878 2700,2901 2700,2853 2602,2840 1280,2839"/>
                <Baseline points="1289,2862 1359,2865 1430,2865 1501,2868 1572,2868 1642,2868 1713,2869 1784,2874 1855,2874 1925,2874 1996,2874 2067,2875 2138,2877 2208,2879 2279,2877 2350,2877 2421,2880 2491,2883 2562,2883 2633,2883 2704,2886"/>
                <Word id="tr_2_tl_35_w1" custom="readingOrder {index:0;}">
                    <Coords points="1285,2825 1285,2885 1454,2885 1454,2825"/>
                    <TextEquiv>
                        <Unicode>männer,</Unicode>
                    </TextEquiv>
                </Word>
                <Word id="tr_2_tl_35_w2" custom="readingOrder {index:1;}">
                    <Coords points="1476,2828 1476,2888 1527,2888 1527,2828"/>
                    <TextEquiv>
                        <Unicode>die</Unicode>
                    </TextEquiv>
                </Word>
                <Word id="tr_2_tl_35_w3" custom="readingOrder {index:2;}">
                    <Coords points="1553,2828 1553,2888 1692,2888 1692,2828"/>
                    <TextEquiv>
                        <Unicode>kleinen</Unicode>
                    </TextEquiv>
                </Word>
                <Word id="tr_2_tl_35_w4" custom="readingOrder {index:3;}">
                    <Coords points="1723,2834 1723,2894 1919,2894 1919,2834"/>
                    <TextEquiv>
                        <Unicode>Öffiziere,</Unicode>
                    </TextEquiv>
                </Word>
                <Word id="tr_2_tl_35_w5" custom="readingOrder {index:4;}">
                    <Coords points="1940,2834 1940,2894 1991,2894 1991,2834"/>
                    <TextEquiv>
                        <Unicode>die</Unicode>
                    </TextEquiv>
                </Word>
                <Word id="tr_2_tl_35_w6" custom="readingOrder {index:5;}">
                    <Coords points="2023,2835 2023,2895 2177,2895 2177,2835"/>
                    <TextEquiv>
                        <Unicode>Haltung</Unicode>
                    </TextEquiv>
                </Word>
                <Word id="tr_2_tl_35_w7" custom="readingOrder {index:6;}">
                    <Coords points="2208,2837 2208,2897 2306,2897 2306,2837"/>
                    <TextEquiv>
                        <Unicode>einer</Unicode>
                    </TextEquiv>
                </Word>
                <Word id="tr_2_tl_35_w8" custom="readingOrder {index:7;}">
                    <Coords points="2333,2840 2333,2900 2523,2900 2523,2840"/>
                    <TextEquiv>
                        <Unicode>erzogenen</Unicode>
                    </TextEquiv>
                </Word>
                <Word id="tr_2_tl_35_w9" custom="readingOrder {index:8;}">
                    <Coords points="2559,2843 2559,2903 2698,2903 2698,2843"/>
                    <TextEquiv>
                        <Unicode>Klasse,</Unicode>
                    </TextEquiv>
                </Word>
                <TextEquiv>
                    <Unicode>männer, die kleinen Öffiziere, die Haltung einer erzogenen Klasse,</Unicode>
                </TextEquiv>
            </TextLine>
            <TextLine id="tr_2_tl_36" custom="readingOrder {index:35;}">
                <Coords points="1285,2928 2670,2954 2693,2906 1283,2880"/>
                <Baseline points="1295,2913 1365,2916 1435,2916 1505,2917 1575,2917 1645,2919 1715,2922 1786,2922 1856,2925 1926,2925 1996,2925 2066,2925 2136,2927 2206,2928 2277,2928 2347,2928 2417,2931 2487,2931 2557,2931 2627,2933 2698,2928"/>
                <Word id="tr_2_tl_36_w1" custom="readingOrder {index:0;}">
                    <Coords points="1283,2874 1283,2934 1358,2934 1358,2874"/>
                    <TextEquiv>
                        <Unicode>ihre</Unicode>
                    </TextEquiv>
                </Word>
                <Word id="tr_2_tl_36_w2" custom="readingOrder {index:1;}">
                    <Coords points="1386,2876 1386,2936 1531,2936 1531,2876"/>
                    <TextEquiv>
                        <Unicode>lautlose</Unicode>
                    </TextEquiv>
                </Word>
                <Word id="tr_2_tl_36_w3" custom="readingOrder {index:2;}">
                    <Coords points="1558,2881 1558,2941 1833,2941 1833,2881"/>
                    <TextEquiv>
                        <Unicode>Vornehmheit,</Unicode>
                    </TextEquiv>
                </Word>
                <Word id="tr_2_tl_36_w4" custom="readingOrder {index:3;}">
                    <Coords points="1849,2885 1849,2945 1903,2945 1903,2885"/>
                    <TextEquiv>
                        <Unicode>die</Unicode>
                    </TextEquiv>
                </Word>
                <Word id="tr_2_tl_36_w5" custom="readingOrder {index:4;}">
                    <Coords points="1925,2885 1925,2945 2130,2945 2130,2885"/>
                    <TextEquiv>
                        <Unicode>Diskretion</Unicode>
                    </TextEquiv>
                </Word>
                <Word id="tr_2_tl_36_w6" custom="readingOrder {index:5;}">
                    <Coords points="2163,2887 2163,2947 2227,2947 2227,2887"/>
                    <TextEquiv>
                        <Unicode>und</Unicode>
                    </TextEquiv>
                </Word>
                <Word id="tr_2_tl_36_w7" custom="readingOrder {index:6;}">
                    <Coords points="2254,2890 2254,2950 2577,2950 2577,2890"/>
                    <TextEquiv>
                        <Unicode>Kompliziertheit</Unicode>
                    </TextEquiv>
                </Word>
                <Word id="tr_2_tl_36_w8" custom="readingOrder {index:7;}">
                    <Coords points="2599,2891 2599,2951 2690,2951 2690,2891"/>
                    <TextEquiv>
                        <Unicode>ihrer</Unicode>
                    </TextEquiv>
                </Word>
                <TextEquiv>
                    <Unicode>ihre lautlose Vornehmheit, die Diskretion und Kompliziertheit ihrer</Unicode>
                </TextEquiv>
            </TextLine>
            <TextLine id="tr_2_tl_37" custom="readingOrder {index:36;}">
                <Coords points="1282,2976 2666,3000 2693,2949 1280,2926"/>
                <Baseline points="1292,2961 1362,2964 1432,2967 1502,2967 1573,2967 1643,2969 1713,2969 1784,2969 1854,2972 1924,2972 1995,2974 2065,2975 2135,2975 2205,2973 2276,2975 2346,2977 2416,2978 2487,2980 2557,2981 2627,2981 2698,2978"/>
                <Word id="tr_2_tl_37_w1" custom="readingOrder {index:0;}">
                    <Coords points="1279,2925 1279,2985 1500,2985 1500,2925"/>
                    <TextEquiv>
                        <Unicode>Passionen:</Unicode>
                    </TextEquiv>
                </Word>
                <Word id="tr_2_tl_37_w2" custom="readingOrder {index:1;}">
                    <Coords points="1521,2927 1521,2987 1564,2987 1564,2927"/>
                    <TextEquiv>
                        <Unicode>sie</Unicode>
                    </TextEquiv>
                </Word>
                <Word id="tr_2_tl_37_w3" custom="readingOrder {index:2;}">
                    <Coords points="1594,2928 1594,2988 1667,2988 1667,2928"/>
                    <TextEquiv>
                        <Unicode>sind</Unicode>
                    </TextEquiv>
                </Word>
                <Word id="tr_2_tl_37_w4" custom="readingOrder {index:3;}">
                    <Coords points="1698,2929 1698,2989 1761,2989 1761,2929"/>
                    <TextEquiv>
                        <Unicode>das</Unicode>
                    </TextEquiv>
                </Word>
                <Word id="tr_2_tl_37_w5" custom="readingOrder {index:4;}">
                    <Coords points="1786,2932 1786,2992 2042,2992 2042,2932"/>
                    <TextEquiv>
                        <Unicode>Kennzeichen</Unicode>
                    </TextEquiv>
                </Word>
                <Word id="tr_2_tl_37_w6" custom="readingOrder {index:5;}">
                    <Coords points="2072,2935 2072,2995 2189,2995 2189,2935"/>
                    <TextEquiv>
                        <Unicode>seiner</Unicode>
                    </TextEquiv>
                </Word>
                <Word id="tr_2_tl_37_w7" custom="readingOrder {index:6;}">
                    <Coords points="2215,2935 2215,2995 2396,2995 2396,2935"/>
                    <TextEquiv>
                        <Unicode>Gestalten</Unicode>
                    </TextEquiv>
                </Word>
                <Word id="tr_2_tl_37_w8" custom="readingOrder {index:7;}">
                    <Coords points="2431,2939 2431,2999 2490,2999 2490,2939"/>
                    <TextEquiv>
                        <Unicode>von</Unicode>
                    </TextEquiv>
                </Word>
                <Word id="tr_2_tl_37_w9" custom="readingOrder {index:8;}">
                    <Coords points="2525,2940 2525,3000 2588,3000 2588,2940"/>
                    <TextEquiv>
                        <Unicode>den</Unicode>
                    </TextEquiv>
                </Word>
                <Word id="tr_2_tl_37_w10" custom="readingOrder {index:9;}">
                    <Coords points="2623,2939 2623,2999 2696,2999 2696,2939"/>
                    <TextEquiv>
                        <Unicode>An-</Unicode>
                    </TextEquiv>
                </Word>
                <TextEquiv>
                    <Unicode>Passionen: sie sind das Kennzeichen seiner Gestalten von den An-</Unicode>
                </TextEquiv>
            </TextLine>
            <TextLine id="tr_2_tl_38" custom="readingOrder {index:37;}">
                <Coords points="1280,3020 2705,3047 2704,2990 1280,2976"/>
                <Baseline points="1289,3011 1360,3014 1431,3015 1502,3017 1573,3017 1644,3020 1715,3020 1786,3020 1857,3020 1928,3023 1999,3023 2070,3024 2141,3026 2212,3024 2283,3026 2354,3026 2425,3029 2496,3029 2567,3032 2638,3032 2710,3035"/>
                <Word id="tr_2_tl_38_w1" custom="readingOrder {index:0;}">
                    <Coords points="1280,2973 1280,3033 1408,3033 1408,2973"/>
                    <TextEquiv>
                        <Unicode>fängen</Unicode>
                    </TextEquiv>
                </Word>
                <Word id="tr_2_tl_38_w2" custom="readingOrder {index:1;}">
                    <Coords points="1450,2975 1450,3035 1475,3035 1475,2975"/>
                    <TextEquiv>
                        <Unicode>in</Unicode>
                    </TextEquiv>
                </Word>
                <Word id="tr_2_tl_38_w3" custom="readingOrder {index:2;}">
                    <Coords points="1512,2977 1512,3037 1630,3037 1630,2977"/>
                    <TextEquiv>
                        <Unicode>seinem</Unicode>
                    </TextEquiv>
                </Word>
                <Word id="tr_2_tl_38_w4" custom="readingOrder {index:3;}">
                    <Coords points="1677,2980 1677,3040 1878,3040 1878,2980"/>
                    <TextEquiv>
                        <Unicode>„Anatol“,</Unicode>
                    </TextEquiv>
                </Word>
                <Word id="tr_2_tl_38_w5" custom="readingOrder {index:4;}">
                    <Coords points="1899,2982 1899,3042 1950,3042 1950,2982"/>
                    <TextEquiv>
                        <Unicode>wo</Unicode>
                    </TextEquiv>
                </Word>
                <Word id="tr_2_tl_38_w6" custom="readingOrder {index:5;}">
                    <Coords points="1981,2983 1981,3043 2068,3043 2068,2983"/>
                    <TextEquiv>
                        <Unicode>noch</Unicode>
                    </TextEquiv>
                </Word>
                <Word id="tr_2_tl_38_w7" custom="readingOrder {index:6;}">
                    <Coords points="2105,2984 2105,3044 2352,3044 2352,2984"/>
                    <TextEquiv>
                        <Unicode>französische</Unicode>
                    </TextEquiv>
                </Word>
                <Word id="tr_2_tl_38_w8" custom="readingOrder {index:7;}">
                    <Coords points="2389,2989 2389,3049 2579,3049 2579,2989"/>
                    <TextEquiv>
                        <Unicode>Vorbilder</Unicode>
                    </TextEquiv>
                </Word>
                <Word id="tr_2_tl_38_w9" custom="readingOrder {index:8;}">
                    <Coords points="2611,2992 2611,3052 2672,3052 2672,2992"/>
                    <TextEquiv>
                        <Unicode>dem</Unicode>
                    </TextEquiv>
                </Word>
                <TextEquiv>
                    <Unicode>fängen in seinem „Anatol“, wo noch französische Vorbilder dem</Unicode>
                </TextEquiv>
            </TextLine>
            <TextLine id="tr_2_tl_39" custom="readingOrder {index:38;}">
                <Coords points="1285,3086 2696,3098 2696,3052 1283,3032"/>
                <Baseline points="1295,3068 1365,3065 1435,3062 1505,3065 1576,3068 1646,3068 1716,3068 1787,3068 1857,3070 1927,3071 1998,3074 2068,3074 2138,3074 2208,3074 2279,3074 2349,3077 2419,3077 2490,3080 2560,3080 2630,3080 2701,3083"/>
                <Word id="tr_2_tl_39_w1" custom="readingOrder {index:0;}">
                    <Coords points="1283,3025 1283,3085 1414,3085 1414,3025"/>
                    <TextEquiv>
                        <Unicode>jungen</Unicode>
                    </TextEquiv>
                </Word>
                <Word id="tr_2_tl_39_w2" custom="readingOrder {index:1;}">
                    <Coords points="1452,3024 1452,3084 1541,3084 1541,3024"/>
                    <TextEquiv>
                        <Unicode>Arzt</Unicode>
                    </TextEquiv>
                </Word>
                <Word id="tr_2_tl_39_w3" custom="readingOrder {index:2;}">
                    <Coords points="1568,3028 1568,3088 1594,3088 1594,3028"/>
                    <TextEquiv>
                        <Unicode>in</Unicode>
                    </TextEquiv>
                </Word>
                <Word id="tr_2_tl_39_w4" custom="readingOrder {index:3;}">
                    <Coords points="1632,3028 1632,3088 1684,3088 1684,3028"/>
                    <TextEquiv>
                        <Unicode>die</Unicode>
                    </TextEquiv>
                </Word>
                <Word id="tr_2_tl_39_w5" custom="readingOrder {index:4;}">
                    <Coords points="1717,3028 1717,3088 1832,3088 1832,3028"/>
                    <TextEquiv>
                        <Unicode>Feder</Unicode>
                    </TextEquiv>
                </Word>
                <Word id="tr_2_tl_39_w6" custom="readingOrder {index:5;}">
                    <Coords points="1859,3030 1859,3090 1991,3090 1991,3030"/>
                    <TextEquiv>
                        <Unicode>liefen,</Unicode>
                    </TextEquiv>
                </Word>
                <Word id="tr_2_tl_39_w7" custom="readingOrder {index:6;}">
                    <Coords points="2018,3034 2018,3094 2102,3094 2102,3034"/>
                    <TextEquiv>
                        <Unicode>aber</Unicode>
                    </TextEquiv>
                </Word>
                <Word id="tr_2_tl_39_w8" custom="readingOrder {index:7;}">
                    <Coords points="2129,3034 2129,3094 2165,3094 2165,3034"/>
                    <TextEquiv>
                        <Unicode>er</Unicode>
                    </TextEquiv>
                </Word>
                <Word id="tr_2_tl_39_w9" custom="readingOrder {index:8;}">
                    <Coords points="2192,3034 2192,3094 2276,3094 2276,3034"/>
                    <TextEquiv>
                        <Unicode>doch</Unicode>
                    </TextEquiv>
                </Word>
                <Word id="tr_2_tl_39_w10" custom="readingOrder {index:9;}">
                    <Coords points="2314,3037 2314,3097 2414,3097 2414,3037"/>
                    <TextEquiv>
                        <Unicode>schon</Unicode>
                    </TextEquiv>
                </Word>
                <Word id="tr_2_tl_39_w11" custom="readingOrder {index:10;}">
                    <Coords points="2451,3040 2451,3100 2546,3100 2546,3040"/>
                    <TextEquiv>
                        <Unicode>ganz</Unicode>
                    </TextEquiv>
                </Word>
                <Word id="tr_2_tl_39_w12" custom="readingOrder {index:11;}">
                    <Coords points="2578,3040 2578,3100 2699,3100 2699,3040"/>
                    <TextEquiv>
                        <Unicode>Wien.</Unicode>
                    </TextEquiv>
                </Word>
                <TextEquiv>
                    <Unicode>jungen Arzt in die Feder liefen, aber er doch schon ganz Wien.</Unicode>
                </TextEquiv>
            </TextLine>
            <TextLine id="tr_2_tl_40" custom="readingOrder {index:39;}">
                <Coords points="1282,3130 2696,3148 2695,3098 2631,3088 1282,3088"/>
                <Baseline points="1292,3116 1362,3113 1432,3113 1503,3113 1573,3114 1644,3116 1714,3119 1785,3119 1855,3121 1926,3122 1996,3122 2066,3122 2137,3122 2207,3125 2278,3125 2348,3127 2419,3128 2489,3128 2560,3129 2630,3131 2701,3131"/>
                <Word id="tr_2_tl_40_w1" custom="readingOrder {index:0;}">
                    <Coords points="1282,3074 1282,3134 1371,3134 1371,3074"/>
                    <TextEquiv>
                        <Unicode>ganz</Unicode>
                    </TextEquiv>
                </Word>
                <Word id="tr_2_tl_40_w2" custom="readingOrder {index:1;}">
                    <Coords points="1402,3073 1402,3133 1603,3133 1603,3073"/>
                    <TextEquiv>
                        <Unicode>Österreich</Unicode>
                    </TextEquiv>
                </Word>
                <Word id="tr_2_tl_40_w3" custom="readingOrder {index:2;}">
                    <Coords points="1638,3077 1638,3137 1703,3137 1703,3077"/>
                    <TextEquiv>
                        <Unicode>und</Unicode>
                    </TextEquiv>
                </Word>
                <Word id="tr_2_tl_40_w4" custom="readingOrder {index:3;}">
                    <Coords points="1739,3079 1739,3139 1824,3139 1824,3079"/>
                    <TextEquiv>
                        <Unicode>ganz</Unicode>
                    </TextEquiv>
                </Word>
                <Word id="tr_2_tl_40_w5" custom="readingOrder {index:4;}">
                    <Coords points="1855,3082 1855,3142 2061,3142 2061,3082"/>
                    <TextEquiv>
                        <Unicode>Schnitzler</Unicode>
                    </TextEquiv>
                </Word>
                <Word id="tr_2_tl_40_w6" custom="readingOrder {index:5;}">
                    <Coords points="2091,3082 2091,3142 2181,3142 2181,3082"/>
                    <TextEquiv>
                        <Unicode>war,</Unicode>
                    </TextEquiv>
                </Word>
                <Word id="tr_2_tl_40_w7" custom="readingOrder {index:6;}">
                    <Coords points="2202,3085 2202,3145 2252,3145 2252,3085"/>
                    <TextEquiv>
                        <Unicode>bis</Unicode>
                    </TextEquiv>
                </Word>
                <Word id="tr_2_tl_40_w8" custom="readingOrder {index:7;}">
                    <Coords points="2283,3085 2283,3145 2317,3145 2317,3085"/>
                    <TextEquiv>
                        <Unicode>zu</Unicode>
                    </TextEquiv>
                </Word>
                <Word id="tr_2_tl_40_w9" custom="readingOrder {index:8;}">
                    <Coords points="2348,3087 2348,3147 2463,3147 2463,3087"/>
                    <TextEquiv>
                        <Unicode>seinen</Unicode>
                    </TextEquiv>
                </Word>
                <Word id="tr_2_tl_40_w10" custom="readingOrder {index:9;}">
                    <Coords points="2499,3089 2499,3149 2684,3149 2684,3089"/>
                    <TextEquiv>
                        <Unicode>Gestalten</Unicode>
                    </TextEquiv>
                </Word>
                <TextEquiv>
                    <Unicode>ganz Österreich und ganz Schnitzler war, bis zu seinen Gestalten</Unicode>
                </TextEquiv>
            </TextLine>
            <TextLine id="tr_2_tl_41" custom="readingOrder {index:40;}">
                <Coords points="1280,3178 2696,3192 2695,3148 2616,3137 1280,3127"/>
                <Baseline points="1289,3161 1359,3164 1430,3164 1500,3164 1571,3164 1642,3164 1712,3167 1783,3169 1853,3169 1924,3169 1995,3171 2065,3172 2136,3172 2206,3173 2277,3175 2348,3175 2418,3175 2489,3177 2559,3178 2630,3178 2701,3175"/>
                <Word id="tr_2_tl_41_w1" custom="readingOrder {index:0;}">
                    <Coords points="1281,3121 1281,3181 1314,3181 1314,3121"/>
                    <TextEquiv>
                        <Unicode>im</Unicode>
                    </TextEquiv>
                </Word>
                <Word id="tr_2_tl_41_w2" custom="readingOrder {index:1;}">
                    <Coords points="1360,3124 1360,3184 1563,3184 1563,3124"/>
                    <TextEquiv>
                        <Unicode>„Einsamen</Unicode>
                    </TextEquiv>
                </Word>
                <Word id="tr_2_tl_41_w3" custom="readingOrder {index:2;}">
                    <Coords points="1603,3124 1603,3184 1726,3184 1726,3124"/>
                    <TextEquiv>
                        <Unicode>Weg“,</Unicode>
                    </TextEquiv>
                </Word>
                <Word id="tr_2_tl_41_w4" custom="readingOrder {index:3;}">
                    <Coords points="1744,3128 1744,3188 1771,3188 1771,3128"/>
                    <TextEquiv>
                        <Unicode>im</Unicode>
                    </TextEquiv>
                </Word>
                <Word id="tr_2_tl_41_w5" custom="readingOrder {index:4;}">
                    <Coords points="1817,3129 1817,3189 1913,3189 1913,3129"/>
                    <TextEquiv>
                        <Unicode>„Ruf</Unicode>
                    </TextEquiv>
                </Word>
                <Word id="tr_2_tl_41_w6" custom="readingOrder {index:5;}">
                    <Coords points="1936,3130 1936,3190 1998,3190 1998,3130"/>
                    <TextEquiv>
                        <Unicode>des</Unicode>
                    </TextEquiv>
                </Word>
                <Word id="tr_2_tl_41_w7" custom="readingOrder {index:6;}">
                    <Coords points="2021,3132 2021,3192 2162,3192 2162,3132"/>
                    <TextEquiv>
                        <Unicode>Lebens</Unicode>
                    </TextEquiv>
                </Word>
                <Word id="tr_2_tl_41_w8" custom="readingOrder {index:7;}">
                    <Coords points="2180,3132 2180,3192 2201,3192 2201,3132"/>
                    <TextEquiv>
                        <Unicode>,</Unicode>
                    </TextEquiv>
                </Word>
                <Word id="tr_2_tl_41_w9" custom="readingOrder {index:8;}">
                    <Coords points="2219,3133 2219,3193 2247,3193 2247,3133"/>
                    <TextEquiv>
                        <Unicode>im</Unicode>
                    </TextEquiv>
                </Word>
                <Word id="tr_2_tl_41_w10" custom="readingOrder {index:9;}">
                    <Coords points="2292,3136 2292,3196 2636,3196 2636,3136"/>
                    <TextEquiv>
                        <Unicode>„Zwischenspiel“,</Unicode>
                    </TextEquiv>
                </Word>
                <Word id="tr_2_tl_41_w11" custom="readingOrder {index:10;}">
                    <Coords points="2660,3136 2660,3196 2682,3196 2682,3136"/>
                    <TextEquiv>
                        <Unicode>in</Unicode>
                    </TextEquiv>
                </Word>
                <TextEquiv>
                    <Unicode>im „Einsamen Weg“, im „Ruf des Lebens , im „Zwischenspiel“, in</Unicode>
                </TextEquiv>
            </TextLine>
            <TextLine id="tr_2_tl_42" custom="readingOrder {index:41;}">
                <Coords points="1282,3224 2611,3249 2696,3239 2696,3198 1280,3184"/>
                <Baseline points="1289,3208 1359,3211 1430,3211 1500,3213 1571,3213 1642,3214 1712,3217 1783,3217 1853,3219 1924,3220 1995,3220 2065,3220 2136,3223 2206,3223 2277,3223 2348,3223 2418,3226 2489,3226 2559,3229 2630,3229 2701,3232"/>
                <Word id="tr_2_tl_42_w1" custom="readingOrder {index:0;}">
                    <Coords points="1280,3170 1280,3230 1399,3230 1399,3170"/>
                    <TextEquiv>
                        <Unicode>seinen</Unicode>
                    </TextEquiv>
                </Word>
                <Word id="tr_2_tl_42_w2" custom="readingOrder {index:1;}">
                    <Coords points="1430,3173 1430,3233 1826,3233 1826,3173"/>
                    <TextEquiv>
                        <Unicode>Meistergeschichten,</Unicode>
                    </TextEquiv>
                </Word>
                <Word id="tr_2_tl_42_w3" custom="readingOrder {index:2;}">
                    <Coords points="1847,3179 1847,3239 1911,3239 1911,3179"/>
                    <TextEquiv>
                        <Unicode>und</Unicode>
                    </TextEquiv>
                </Word>
                <Word id="tr_2_tl_42_w4" custom="readingOrder {index:3;}">
                    <Coords points="1942,3180 1942,3240 2067,3240 2067,3180"/>
                    <TextEquiv>
                        <Unicode>immer</Unicode>
                    </TextEquiv>
                </Word>
                <Word id="tr_2_tl_42_w5" custom="readingOrder {index:4;}">
                    <Coords points="2093,3183 2093,3243 2222,3243 2222,3183"/>
                    <TextEquiv>
                        <Unicode>wieder</Unicode>
                    </TextEquiv>
                </Word>
                <Word id="tr_2_tl_42_w6" custom="readingOrder {index:5;}">
                    <Coords points="2248,3183 2248,3243 2293,3243 2293,3183"/>
                    <TextEquiv>
                        <Unicode>ist</Unicode>
                    </TextEquiv>
                </Word>
                <Word id="tr_2_tl_42_w7" custom="readingOrder {index:6;}">
                    <Coords points="2313,3183 2313,3243 2373,3243 2373,3183"/>
                    <TextEquiv>
                        <Unicode>der</Unicode>
                    </TextEquiv>
                </Word>
                <Word id="tr_2_tl_42_w8" custom="readingOrder {index:7;}">
                    <Coords points="2394,3188 2394,3248 2694,3248 2694,3188"/>
                    <TextEquiv>
                        <Unicode>liebesuchende.</Unicode>
                    </TextEquiv>
                </Word>
                <TextEquiv>
                    <Unicode>seinen Meistergeschichten, und immer wieder ist der liebesuchende.</Unicode>
                </TextEquiv>
            </TextLine>
            <TextLine id="tr_2_tl_43" custom="readingOrder {index:42;}">
                <Coords points="1273,3283 2595,3304 2693,3295 2693,3240 1271,3239"/>
                <Baseline points="1283,3259 1353,3262 1424,3262 1495,3262 1566,3263 1636,3265 1707,3266 1778,3268 1849,3268 1919,3271 1990,3271 2061,3271 2132,3271 2202,3271 2273,3271 2344,3274 2415,3275 2485,3277 2556,3277 2627,3277 2698,3277"/>
                <Word id="tr_2_tl_43_w1" custom="readingOrder {index:0;}">
                    <Coords points="1277,3222 1277,3282 1493,3282 1493,3222"/>
                    <TextEquiv>
                        <Unicode>zweifelnde</Unicode>
                    </TextEquiv>
                </Word>
                <Word id="tr_2_tl_43_w2" custom="readingOrder {index:1;}">
                    <Coords points="1520,3224 1520,3284 1736,3284 1736,3224"/>
                    <TextEquiv>
                        <Unicode>Selbstling,</Unicode>
                    </TextEquiv>
                </Word>
                <Word id="tr_2_tl_43_w3" custom="readingOrder {index:2;}">
                    <Coords points="1754,3228 1754,3288 1813,3288 1813,3228"/>
                    <TextEquiv>
                        <Unicode>dem</Unicode>
                    </TextEquiv>
                </Word>
                <Word id="tr_2_tl_43_w4" custom="readingOrder {index:3;}">
                    <Coords points="1857,3229 1857,3289 1894,3289 1894,3229"/>
                    <TextEquiv>
                        <Unicode>am</Unicode>
                    </TextEquiv>
                </Word>
                <Word id="tr_2_tl_43_w5" custom="readingOrder {index:4;}">
                    <Coords points="1938,3231 1938,3291 2035,3291 2035,3231"/>
                    <TextEquiv>
                        <Unicode>Ende</Unicode>
                    </TextEquiv>
                </Word>
                <Word id="tr_2_tl_43_w6" custom="readingOrder {index:5;}">
                    <Coords points="2062,3231 2062,3291 2127,3291 2127,3231"/>
                    <TextEquiv>
                        <Unicode>das</Unicode>
                    </TextEquiv>
                </Word>
                <Word id="tr_2_tl_43_w7" custom="readingOrder {index:6;}">
                    <Coords points="2149,3231 2149,3291 2263,3291 2263,3231"/>
                    <TextEquiv>
                        <Unicode>Glück</Unicode>
                    </TextEquiv>
                </Word>
                <Word id="tr_2_tl_43_w8" custom="readingOrder {index:7;}">
                    <Coords points="2296,3233 2296,3293 2376,3293 2376,3233"/>
                    <TextEquiv>
                        <Unicode>doch</Unicode>
                    </TextEquiv>
                </Word>
                <Word id="tr_2_tl_43_w9" custom="readingOrder {index:8;}">
                    <Coords points="2409,3237 2409,3297 2615,3297 2615,3237"/>
                    <TextEquiv>
                        <Unicode>entgleitet,</Unicode>
                    </TextEquiv>
                </Word>
                <Word id="tr_2_tl_43_w10" custom="readingOrder {index:9;}">
                    <Coords points="2637,3237 2637,3297 2685,3297 2685,3237"/>
                    <TextEquiv>
                        <Unicode>die</Unicode>
                    </TextEquiv>
                </Word>
                <TextEquiv>
                    <Unicode>zweifelnde Selbstling, dem am Ende das Glück doch entgleitet, die</Unicode>
                </TextEquiv>
            </TextLine>
            <TextLine id="tr_2_tl_44" custom="readingOrder {index:43;}">
                <Coords points="1280,3317 2547,3345 2696,3336 2696,3301 1278,3283"/>
                <Baseline points="1289,3310 1359,3313 1430,3313 1500,3313 1571,3313 1642,3313 1712,3316 1783,3316 1853,3317 1924,3317 1995,3319 2065,3319 2136,3322 2206,3320 2277,3322 2348,3325 2418,3325 2489,3327 2559,3328 2630,3328 2701,3325"/>
                <Word id="tr_2_tl_44_w1" custom="readingOrder {index:0;}">
                    <Coords points="1278,3273 1278,3333 1555,3333 1555,3273"/>
                    <TextEquiv>
                        <Unicode>dominierende</Unicode>
                    </TextEquiv>
                </Word>
                <Word id="tr_2_tl_44_w2" custom="readingOrder {index:1;}">
                    <Coords points="1587,3273 1587,3333 1730,3333 1730,3273"/>
                    <TextEquiv>
                        <Unicode>Gestalt</Unicode>
                    </TextEquiv>
                </Word>
                <Word id="tr_2_tl_44_w3" custom="readingOrder {index:2;}">
                    <Coords points="1757,3276 1757,3336 1875,3336 1875,3276"/>
                    <TextEquiv>
                        <Unicode>seines</Unicode>
                    </TextEquiv>
                </Word>
                <Word id="tr_2_tl_44_w4" custom="readingOrder {index:3;}">
                    <Coords points="1906,3278 1906,3338 2070,3338 2070,3278"/>
                    <TextEquiv>
                        <Unicode>Werkes.</Unicode>
                    </TextEquiv>
                </Word>
                <Word id="tr_2_tl_44_w5" custom="readingOrder {index:4;}">
                    <Coords points="2092,3281 2092,3341 2189,3341 2189,3281"/>
                    <TextEquiv>
                        <Unicode>Stets</Unicode>
                    </TextEquiv>
                </Word>
                <Word id="tr_2_tl_44_w6" custom="readingOrder {index:5;}">
                    <Coords points="2216,3281 2216,3341 2313,3341 2313,3281"/>
                    <TextEquiv>
                        <Unicode>steht</Unicode>
                    </TextEquiv>
                </Word>
                <Word id="tr_2_tl_44_w7" custom="readingOrder {index:6;}">
                    <Coords points="2339,3285 2339,3345 2427,3345 2427,3285"/>
                    <TextEquiv>
                        <Unicode>auch</Unicode>
                    </TextEquiv>
                </Word>
                <Word id="tr_2_tl_44_w8" custom="readingOrder {index:7;}">
                    <Coords points="2463,3287 2463,3347 2571,3347 2571,3287"/>
                    <TextEquiv>
                        <Unicode>neben</Unicode>
                    </TextEquiv>
                </Word>
                <Word id="tr_2_tl_44_w9" custom="readingOrder {index:8;}">
                    <Coords points="2612,3287 2612,3347 2668,3347 2668,3287"/>
                    <TextEquiv>
                        <Unicode>dem</Unicode>
                    </TextEquiv>
                </Word>
                <TextEquiv>
                    <Unicode>dominierende Gestalt seines Werkes. Stets steht auch neben dem</Unicode>
                </TextEquiv>
            </TextLine>
            <TextLine id="tr_2_tl_45" custom="readingOrder {index:44;}">
                <Coords points="1282,3375 2592,3399 2696,3386 2695,3336 1280,3319"/>
                <Baseline points="1289,3361 1359,3362 1430,3363 1500,3363 1571,3363 1642,3363 1712,3364 1783,3366 1853,3366 1924,3366 1995,3368 2065,3367 2136,3369 2206,3369 2277,3369 2348,3372 2418,3372 2489,3374 2559,3377 2630,3375 2701,3375"/>
                <Word id="tr_2_tl_45_w1" custom="readingOrder {index:0;}">
                    <Coords points="1281,3322 1281,3382 1523,3382 1523,3322"/>
                    <TextEquiv>
                        <Unicode>Zweifelnden</Unicode>
                    </TextEquiv>
                </Word>
                <Word id="tr_2_tl_45_w2" custom="readingOrder {index:1;}">
                    <Coords points="1556,3323 1556,3383 1616,3383 1616,3323"/>
                    <TextEquiv>
                        <Unicode>der</Unicode>
                    </TextEquiv>
                </Word>
                <Word id="tr_2_tl_45_w3" custom="readingOrder {index:2;}">
                    <Coords points="1645,3323 1645,3383 1738,3383 1738,3323"/>
                    <TextEquiv>
                        <Unicode>Tod,</Unicode>
                    </TextEquiv>
                </Word>
                <Word id="tr_2_tl_45_w4" custom="readingOrder {index:3;}">
                    <Coords points="1756,3326 1756,3386 1821,3386 1821,3326"/>
                    <TextEquiv>
                        <Unicode>und</Unicode>
                    </TextEquiv>
                </Word>
                <Word id="tr_2_tl_45_w5" custom="readingOrder {index:4;}">
                    <Coords points="1855,3326 1855,3386 1948,3386 1948,3326"/>
                    <TextEquiv>
                        <Unicode>diese</Unicode>
                    </TextEquiv>
                </Word>
                <Word id="tr_2_tl_45_w6" custom="readingOrder {index:5;}">
                    <Coords points="1976,3327 1976,3387 2097,3387 2097,3327"/>
                    <TextEquiv>
                        <Unicode>beiden</Unicode>
                    </TextEquiv>
                </Word>
                <Word id="tr_2_tl_45_w7" custom="readingOrder {index:6;}">
                    <Coords points="2131,3329 2131,3389 2285,3389 2285,3329"/>
                    <TextEquiv>
                        <Unicode>Motive,</Unicode>
                    </TextEquiv>
                </Word>
                <Word id="tr_2_tl_45_w8" custom="readingOrder {index:7;}">
                    <Coords points="2302,3331 2302,3391 2368,3391 2368,3331"/>
                    <TextEquiv>
                        <Unicode>Tod</Unicode>
                    </TextEquiv>
                </Word>
                <Word id="tr_2_tl_45_w9" custom="readingOrder {index:8;}">
                    <Coords points="2401,3332 2401,3392 2467,3392 2467,3332"/>
                    <TextEquiv>
                        <Unicode>und</Unicode>
                    </TextEquiv>
                </Word>
                <Word id="tr_2_tl_45_w10" custom="readingOrder {index:9;}">
                    <Coords points="2501,3336 2501,3396 2605,3396 2605,3336"/>
                    <TextEquiv>
                        <Unicode>Spiel</Unicode>
                    </TextEquiv>
                </Word>
                <Word id="tr_2_tl_45_w11" custom="readingOrder {index:10;}">
                    <Coords points="2628,3335 2628,3395 2688,3395 2688,3335"/>
                    <TextEquiv>
                        <Unicode>mit</Unicode>
                    </TextEquiv>
                </Word>
                <TextEquiv>
                    <Unicode>Zweifelnden der Tod, und diese beiden Motive, Tod und Spiel mit</Unicode>
                </TextEquiv>
            </TextLine>
            <TextLine id="tr_2_tl_46" custom="readingOrder {index:45;}">
                <Coords points="1273,3416 2696,3436 2682,3384 1273,3383"/>
                <Baseline points="1283,3408 1353,3411 1424,3411 1495,3413 1566,3412 1637,3414 1708,3414 1779,3414 1850,3416 1921,3415 1992,3417 2062,3417 2133,3420 2204,3420 2275,3420 2346,3420 2417,3423 2488,3423 2559,3426 2630,3426 2701,3426"/>
                <Word id="tr_2_tl_46_w1" custom="readingOrder {index:0;}">
                    <Coords points="1278,3369 1278,3429 1342,3429 1342,3369"/>
                    <TextEquiv>
                        <Unicode>dem</Unicode>
                    </TextEquiv>
                </Word>
                <Word id="tr_2_tl_46_w2" custom="readingOrder {index:1;}">
                    <Coords points="1388,3372 1388,3432 1594,3432 1594,3372"/>
                    <TextEquiv>
                        <Unicode>Schicksal,</Unicode>
                    </TextEquiv>
                </Word>
                <Word id="tr_2_tl_46_w3" custom="readingOrder {index:2;}">
                    <Coords points="1620,3374 1620,3434 1731,3434 1731,3374"/>
                    <TextEquiv>
                        <Unicode>füllen</Unicode>
                    </TextEquiv>
                </Word>
                <Word id="tr_2_tl_46_w4" custom="readingOrder {index:3;}">
                    <Coords points="1767,3374 1767,3434 1791,3434 1791,3374"/>
                    <TextEquiv>
                        <Unicode>in</Unicode>
                    </TextEquiv>
                </Word>
                <Word id="tr_2_tl_46_w5" custom="readingOrder {index:4;}">
                    <Coords points="1827,3375 1827,3435 1913,3435 1913,3375"/>
                    <TextEquiv>
                        <Unicode>stets</Unicode>
                    </TextEquiv>
                </Word>
                <Word id="tr_2_tl_46_w6" custom="readingOrder {index:5;}">
                    <Coords points="1943,3377 1943,3437 2175,3437 2175,3377"/>
                    <TextEquiv>
                        <Unicode>erneuerten,</Unicode>
                    </TextEquiv>
                </Word>
                <Word id="tr_2_tl_46_w7" custom="readingOrder {index:6;}">
                    <Coords points="2196,3380 2196,3440 2321,3440 2321,3380"/>
                    <TextEquiv>
                        <Unicode>immer</Unicode>
                    </TextEquiv>
                </Word>
                <Word id="tr_2_tl_46_w8" custom="readingOrder {index:7;}">
                    <Coords points="2352,3383 2352,3443 2578,3443 2578,3383"/>
                    <TextEquiv>
                        <Unicode>kunstvollen</Unicode>
                    </TextEquiv>
                </Word>
                <Word id="tr_2_tl_46_w9" custom="readingOrder {index:8;}">
                    <Coords points="2619,3386 2619,3446 2684,3446 2684,3386"/>
                    <TextEquiv>
                        <Unicode>und</Unicode>
                    </TextEquiv>
                </Word>
                <TextEquiv>
                    <Unicode>dem Schicksal, füllen in stets erneuerten, immer kunstvollen und</Unicode>
                </TextEquiv>
            </TextLine>
            <TextLine id="tr_2_tl_47" custom="readingOrder {index:46;}">
                <Coords points="1273,3475 2648,3493 2693,3489 2691,3434 1271,3434"/>
                <Baseline points="1283,3459 1353,3462 1424,3462 1495,3462 1566,3462 1636,3465 1707,3463 1778,3465 1849,3465 1919,3465 1990,3467 2061,3468 2132,3468 2202,3468 2273,3468 2344,3470 2415,3472 2485,3474 2556,3474 2627,3474 2698,3477"/>
                <Word id="tr_2_tl_47_w1" custom="readingOrder {index:0;}">
                    <Coords points="1271,3422 1271,3482 1487,3482 1487,3422"/>
                    <TextEquiv>
                        <Unicode>manchmal</Unicode>
                    </TextEquiv>
                </Word>
                <Word id="tr_2_tl_47_w2" custom="readingOrder {index:1;}">
                    <Coords points="1519,3422 1519,3482 1606,3482 1606,3422"/>
                    <TextEquiv>
                        <Unicode>auch</Unicode>
                    </TextEquiv>
                </Word>
                <Word id="tr_2_tl_47_w3" custom="readingOrder {index:2;}">
                    <Coords points="1648,3424 1648,3484 1895,3484 1895,3424"/>
                    <TextEquiv>
                        <Unicode>gekünstelten</Unicode>
                    </TextEquiv>
                </Word>
                <Word id="tr_2_tl_47_w4" custom="readingOrder {index:3;}">
                    <Coords points="1942,3428 1942,3488 2257,3488 2257,3428"/>
                    <TextEquiv>
                        <Unicode>Verwandlungen</Unicode>
                    </TextEquiv>
                </Word>
                <Word id="tr_2_tl_47_w5" custom="readingOrder {index:4;}">
                    <Coords points="2304,3429 2304,3489 2376,3489 2376,3429"/>
                    <TextEquiv>
                        <Unicode>sein</Unicode>
                    </TextEquiv>
                </Word>
                <Word id="tr_2_tl_47_w6" custom="readingOrder {index:5;}">
                    <Coords points="2418,3434 2418,3494 2613,3494 2613,3434"/>
                    <TextEquiv>
                        <Unicode>„oeuvre“.</Unicode>
                    </TextEquiv>
                </Word>
                <Word id="tr_2_tl_47_w7" custom="readingOrder {index:6;}">
                    <Coords points="2640,3435 2640,3495 2686,3495 2686,3435"/>
                    <TextEquiv>
                        <Unicode>Er</Unicode>
                    </TextEquiv>
                </Word>
                <TextEquiv>
                    <Unicode>manchmal auch gekünstelten Verwandlungen sein „oeuvre“. Er</Unicode>
                </TextEquiv>
            </TextLine>
            <TextLine id="tr_2_tl_48" custom="readingOrder {index:47;}">
                <Coords points="1278,3534 2693,3537 2691,3495 2620,3486 1276,3480"/>
                <Baseline points="1286,3510 1356,3510 1427,3510 1497,3511 1568,3513 1639,3513 1709,3513 1780,3513 1850,3515 1921,3516 1992,3516 2062,3516 2133,3516 2203,3519 2274,3519 2345,3521 2415,3522 2486,3524 2556,3525 2627,3523 2698,3522"/>
                <Word id="tr_2_tl_48_w1" custom="readingOrder {index:0;}">
                    <Coords points="1280,3470 1280,3530 1353,3530 1353,3470"/>
                    <TextEquiv>
                        <Unicode>war</Unicode>
                    </TextEquiv>
                </Word>
                <Word id="tr_2_tl_48_w2" custom="readingOrder {index:1;}">
                    <Coords points="1388,3470 1388,3530 1485,3530 1485,3470"/>
                    <TextEquiv>
                        <Unicode>wohl</Unicode>
                    </TextEquiv>
                </Word>
                <Word id="tr_2_tl_48_w3" custom="readingOrder {index:2;}">
                    <Coords points="1515,3473 1515,3533 1716,3533 1716,3473"/>
                    <TextEquiv>
                        <Unicode>bestimmt,</Unicode>
                    </TextEquiv>
                </Word>
                <Word id="tr_2_tl_48_w4" custom="readingOrder {index:3;}">
                    <Coords points="1751,3473 1751,3533 1829,3533 1829,3473"/>
                    <TextEquiv>
                        <Unicode>eine</Unicode>
                    </TextEquiv>
                </Word>
                <Word id="tr_2_tl_48_w5" custom="readingOrder {index:4;}">
                    <Coords points="1869,3476 1869,3536 2083,3536 2083,3476"/>
                    <TextEquiv>
                        <Unicode>verfeinerte</Unicode>
                    </TextEquiv>
                </Word>
                <Word id="tr_2_tl_48_w6" custom="readingOrder {index:5;}">
                    <Coords points="2128,3477 2128,3537 2196,3537 2196,3477"/>
                    <TextEquiv>
                        <Unicode>und</Unicode>
                    </TextEquiv>
                </Word>
                <Word id="tr_2_tl_48_w7" custom="readingOrder {index:6;}">
                    <Coords points="2237,3479 2237,3539 2300,3539 2300,3479"/>
                    <TextEquiv>
                        <Unicode>zum</Unicode>
                    </TextEquiv>
                </Word>
                <Word id="tr_2_tl_48_w8" custom="readingOrder {index:7;}">
                    <Coords points="2354,3483 2354,3543 2559,3543 2559,3483"/>
                    <TextEquiv>
                        <Unicode>Untergang</Unicode>
                    </TextEquiv>
                </Word>
                <Word id="tr_2_tl_48_w9" custom="readingOrder {index:8;}">
                    <Coords points="2609,3482 2609,3542 2687,3542 2687,3482"/>
                    <TextEquiv>
                        <Unicode>vor¬</Unicode>
                    </TextEquiv>
                </Word>
                <TextEquiv>
                    <Unicode>war wohl bestimmt, eine verfeinerte und zum Untergang vor¬</Unicode>
                </TextEquiv>
            </TextLine>
            <TextLine id="tr_2_tl_49" custom="readingOrder {index:48;}">
                <Coords points="2599,3672 2613,3674 2622,3683 2625,3681 2643,3692 2647,3688 2652,3695 2661,3692 2670,3697 2684,3685 2700,3688 2700,3644 2680,3642 2666,3631 2647,3633 2641,3624 2632,3621 2622,3628 2600,3624"/>
                <Baseline points="2608,3677 2640,3675 2672,3674 2704,3674"/>
                <Word id="tr_2_tl_49_w1" custom="readingOrder {index:0;}">
                    <Coords points="2599,3635 2599,3695 2681,3695 2681,3635"/>
                    <TextEquiv>
                        <Unicode>1705</Unicode>
                    </TextEquiv>
                </Word>
                <TextEquiv>
                    <Unicode>1705</Unicode>
                </TextEquiv>
            </TextLine>
            <TextEquiv>
                <Unicode></Unicode>
            </TextEquiv>
        </TextRegion>
    </Page>
</PcGts>
