3392 4384
1401 364 1525 424 box
1604 360 1791 420 44/3

108 376 237 436 12.
288 377 888 437 Schnitzler's
951 369 1189 429 Deatl

1685 587 1911 647 Ausschnitt
1938 584 2004 644 aus
2020 584 2035 644 :

1699 808 1817 868 vom:

1926 870 2027 930 Keues
2058 867 2138 927 Wie.

1525 973 1594 1033 15.

1905 1034 2014 1094 15.

2138 1035 2316 1095 1934

1515 1054 1622 1114 gahlen

1515 1100 1636 1160 bedürf

1514 1155 1552 1215 zu
1591 1148 1648 1208 rül

1514 1196 1599 1256 wind

1520 1245 1587 1305 Der
1619 1247 1643 1307 si

2643 1269 2697 1329 ten

1520 1293 1637 1353 Steier

1525 1342 1677 1402 ebenfalls
1710 1339 1733 1399 in
1766 1337 1821 1397 den
1855 1333 2031 1393 dürftigsten
2064 1327 2312 1387 Verhältnissen.
2337 1323 2433 1383 Beide
2466 1321 2521 1381 sind
2554 1318 2626 1378 über
2659 1312 2706 1372 ihr

1524 1394 1634 1454 großes
1667 1387 1761 1447 Glück
1784 1384 1971 1444 hocherfreut
2000 1380 2055 1440 und
2089 1378 2198 1438 können
2233 1374 2260 1434 es
2293 1372 2359 1432 noch
2388 1371 2442 1431 gar
2470 1369 2547 1429 nicht
2576 1368 2597 1428 so
2631 1364 2708 1424 recht

1531 1442 1634 1502 fassen.
1658 1436 1836 1496 Jedenfalls
1860 1433 1917 1493 hat
1942 1431 1993 1491 das
2022 1427 2114 1487 Glück
2138 1423 2276 1483 diesmal
2300 1421 2386 1481 Leute
2416 1419 2583 1479 getroffen,
2607 1415 2646 1475 die
2676 1412 2704 1472 es

1536 1489 1707 1549 notwendig
1740 1486 1854 1546 haben,
1874 1482 1930 1542 daß
1963 1479 2083 1539 einmal
2110 1477 2153 1537 ein
2192 1472 2428 1532 Sonnenstrahl
2454 1469 2479 1529 in
2511 1468 2562 1528 ihr
2588 1464 2695 1524 Dasein

2570 1515 2615 1575 L.
2631 1515 2669 1575 L.

1532 1540 1619 1600 fällt.

1759 1676 2203 1736 Verhaftung
2275 1662 2461 1722 eines

1859 1767 2399 1827 Totschlagers.

2340 1827 2472 1887 Linz,
2491 1826 2543 1886 14.
2571 1823 2677 1883 April.

1637 1902 1707 1962 Der
1735 1900 1763 1960 in
1798 1898 1881 1958 Wien
1917 1895 2070 1955 geborne,
2113 1892 2190 1952 nach
2219 1886 2288 1946 Bad
2324 1884 2645 1944 Deutsch-Altenburg
2674 1880 2701 1940 in

1537 1948 1808 2008 Niederösterreich
1832 1943 2003 2003 zuständige
2028 1938 2163 1998 Kutscher
2187 1935 2299 1995 Viktor
2317 1933 2429 1993 Herbst
2447 1931 2494 1991 kam
2530 1931 2553 1991 im
2589 1927 2718 1987 Pferde¬

1535 1999 1608 2059 stall
1627 1996 1675 2056 des
1707 1992 1867 2052 Anwesens
1898 1990 1990 2050 seines
2022 1987 2237 2047 Dienstgebers
2262 1983 2286 2043 in
2317 1979 2483 2039 Piberach,
2502 1977 2613 2037 Bezirk
2638 1975 2724 2035 Unz,

1537 2045 1595 2105 mit
1626 2043 1678 2103 dem
1726 2041 1761 2101 37
1797 2040 1902 2100 Jahre
1933 2038 2033 2098 alten,
2063 2034 2169 2094 gerade
2205 2030 2263 2090 auf
2287 2028 2482 2088 Arbeitsuche
2518 2023 2712 2083 befindlichen

1537 2092 1761 2152 Sägearbeiter
1791 2086 1911 2146 Martin
1941 2083 2055 2143 Harrer
2079 2082 2136 2142 aus
2160 2077 2373 2137 Thaiskirchen
2408 2074 2430 2134 im
2472 2071 2638 2131 Innkreis,
2656 2067 2719 2127 Be¬

1537 2144 1601 2204 zirk
1626 2137 1719 2197 Ried,
1744 2135 1796 2195 aus
1827 2134 1974 2194 nichtiger
1998 2130 2121 2190 Ursache
2146 2128 2175 2188 in
2211 2125 2287 2185 einen
2323 2122 2447 2182 Streit,
2465 2122 2488 2182 in
2518 2121 2612 2181 dessen
2643 2116 2724 2176 Ver¬

1541 2187 1612 2247 lauf
1631 2183 1744 2243 Herbst
1763 2183 1817 2243 den
1841 2181 1962 2241 Harrer
1993 2178 2046 2238 mit
2071 2175 2154 2235 einem
2197 2172 2305 2232 Schlag
2337 2169 2384 2229 ins
2415 2169 2528 2229 Gesicht
2553 2168 2583 2228 zu
2613 2163 2715 2223 Boden

1537 2235 1623 2295 warf
1646 2232 1703 2292 und
1733 2230 1778 2290 den
1814 2229 1842 2289 am
1883 2226 1986 2286 Boden
2022 2224 2182 2284 Liegenden
2218 2220 2280 2280 noch
2310 2217 2448 2277 mehrere
2472 2214 2627 2274 Fußtritte
2656 2208 2725 2268 ver¬

1542 2280 1638 2340 setzte.
1661 2279 1739 2339 Eine
1762 2277 1891 2337 Stunde
1920 2272 2021 2332 später
2050 2271 2151 2331 wurde
2180 2268 2303 2328 Harrer
2332 2265 2376 2325 tot
2405 2262 2630 2322 aufgefunden.
2659 2259 2720 2319 Der

1548 2328 1770 2388 Gerichtsarzt
1790 2325 1838 2385 gab
1858 2324 1905 2384 als
1926 2319 2159 2379 Todesursache
2179 2313 2430 2373 Gehirnblatung
2460 2313 2517 2373 an.
2538 2313 2595 2373 Der
2616 2310 2731 2370 Täter,

1548 2378 1601 2438 der
1628 2375 1667 2435 ein
1701 2374 1833 2434 unsteter
1861 2370 2033 2430 Vagabund
2060 2368 2112 2428 ist,
2140 2364 2239 2424 ourde
2267 2364 2438 2424 verhaftek.

1559 2526 2014 2586 Selbstmord
2067 2519 2218 2579 nach
2253 2515 2354 2575 der
2407 2512 2726 2572 Hochzeit

2225 2584 2484 2644 Salzburg,
2503 2582 2554 2642 14.
2581 2577 2692 2637 Appil.

1650 2651 1718 2711 Der
1757 2650 1918 2710 46jährige
1957 2646 2186 2706 Forstarzeiter
2225 2638 2385 2698 Sebastian
2431 2637 2638 2697 Klaushofer,
2669 2632 2722 2692 der

1540 2701 1604 2761 vor
1634 2701 1764 2761 wenigen
1800 2698 1900 2758 Tagen
1936 2693 2077 2753 Hochzeit
2101 2690 2243 2750 gehalten
2273 2686 2373 2746 hatte,
2415 2686 2473 2746 hat
2498 2683 2604 2743 gestern
2640 2681 2727 2741 nach¬

1548 2749 1660 2809 mittag
1689 2747 1717 2807 in
1745 2746 1796 2806 der
1819 2745 1909 2805 Nähe
1932 2741 1982 2801 des
2011 2737 2339 2797 Mzart=Häuschens
2368 2733 2424 2793 auf
2447 2731 2497 2791 dem
2538 2729 2729 2789 Kapuziner¬

1554 2795 1621 2855 berg
1656 2797 1680 2857 in
1716 2792 1800 2852 einem
1835 2789 2005 2849 plötzlichen
2040 2787 2159 2847 Anfall
2177 2785 2236 2845 von
2263 2780 2586 2840 Geistesverwirrung
2613 2776 2739 2836 Selbst¬

1553 2844 1638 2904 mord
1668 2841 1760 2901 durch
1790 2839 1954 2899 Erhängen
1983 2836 2018 2896 ve
2041 2835 2112 2895 übt.

625 3071 801 3131 Vom
932 3060 1524 3120 Golscheber
1578 3056 1728 3116 zum
1863 3042 2503 3102 Spielkasino.

760 3189 882 3249 Mit
931 3185 1101 3245 einer
1149 3180 1554 3240 Erinnerung
1602 3177 1677 3237 an
1726 3174 1927 3234 Arlur
1975 3170 2347 3230 Schnitzler.

1501 3253 1568 3313 Von

1289 3339 1526 3399 Rudolph
1570 3334 1781 3394 Lothar.

1562 3406 1619 3466 Tag
1659 3405 1709 3465 ins
1742 3401 1838 3461 Lokal
1864 3400 1921 3460 und
1961 3400 2063 3460 spielte
2096 3397 2178 3457 jeden
2218 3395 2320 3455 Abend
2360 3393 2468 3453 weiter
2501 3391 2526 3451 im
2572 3387 2738 3447 Trattner¬

469 3424 519 3484 An
570 3424 650 3484 einem
708 3422 820 3482 schönen
852 3418 1090 3478 Sommerabend
1141 3414 1221 3474 saßen
1254 3411 1347 3471 Artur
1379 3408 1529 3468 Schnitzler

367 3470 426 3530 und
457 3468 492 3528 ich
523 3468 588 3528 beim
631 3467 780 3527 Eisvogel
805 3466 829 3526 im
871 3466 1003 3526 Prater.
1028 3462 1069 3522 Da
1106 3461 1153 3521 kam
1196 3460 1237 3520 ein
1268 3458 1460 3518 Gottscheber
1490 3455 1526 3515 an
1563 3453 1628 3513 hof.
1653 3450 1730 3510 Aber
1761 3450 1814 3510 das
1839 3448 1934 3508 Glück
1953 3448 2037 3508 hatte
2067 3447 2109 3507 sich
2139 3443 2313 3503 gewendet.
2332 3440 2379 3500 Er
2404 3438 2505 3498 verlor
2536 3436 2589 3496 und
2620 3437 2746 3497 verlor,

359 3516 414 3576 den
447 3516 530 3576 Tisch
563 3513 651 3573 heran
690 3513 745 3573 und
779 3512 828 3572 lud
857 3512 917 3572 uns
950 3512 999 3572 zum
1050 3507 1143 3567 Spiel
1171 3507 1231 3567 ein.
1254 3507 1353 3567 Jeder
1387 3504 1475 3564 kennt
1498 3501 1525 3561 ja
1564 3497 1668 3557 verlor
1702 3495 1779 3555 nicht
1808 3496 1868 3556 nur
1896 3494 1989 3554 alles,
2012 3492 2077 3552 was
2106 3492 2138 3552 er
2166 3489 2338 3549 gewonnen
2371 3486 2470 3546 hatte,
2493 3485 2619 3545 sondern
2653 3484 2746 3544 alles,

365 3564 419 3624 den
459 3563 579 3623 Betrieb
618 3561 667 3621 der
696 3561 866 3621 populären
905 3557 1103 3617 ambulanten
1142 3555 1373 3615 Spielkasinos,
1395 3552 1444 3612 die
1472 3549 1527 3609 von
1566 3545 1631 3605 was
1665 3543 1692 3603 er
1720 3544 1802 3604 besaß
1847 3542 1857 3602 —
1919 3540 1962 3600 bis
1990 3540 2050 3600 auf
2073 3538 2122 3598 den
2161 3537 2254 3597 letzten
2288 3534 2447 3594 Dukaten.
2475 3532 2540 3592 Das
2574 3532 2673 3592 heißt,
2695 3531 2739 3591 bis

365 3612 585 3672 Eingebornen
625 3609 675 3669 des
715 3609 884 3669 Ländchens
925 3605 1082 3665 Gottschee
1116 3603 1144 3663 im
1196 3602 1438 3662 Wurstelprater
1472 3597 1528 3657 von
1569 3593 1625 3653 auf
1648 3591 1698 3651 den
1733 3590 1907 3650 vorletzten,
1930 3588 1981 3648 den
2015 3588 2111 3648 letzten
2145 3587 2223 3647 besaß
2258 3584 2286 3644 er
2314 3582 2405 3642 noch.
2428 3580 2489 3640 Und
2518 3578 2551 3638 da
2580 3578 2659 3638 sagte
2687 3574 2743 3634 das

369 3662 449 3722 Tisch
484 3661 512 3721 zu
547 3660 627 3720 Tisch
662 3657 800 3717 getragen
841 3654 985 3714 wurden.
1009 3654 1071 3714 Der
1101 3651 1296 3711 Gottscheber
1326 3648 1417 3708 besitzt
1446 3646 1526 3706 einen
1568 3642 1700 3702 Mädel,
1741 3640 1792 3700 dem
1839 3637 1867 3697 er
1902 3636 2017 3696 erklärt
2046 3634 2143 3694 hatte,
2168 3632 2202 3692 er
2231 3630 2334 3690 werde
2364 3630 2432 3690 auch
2485 3626 2582 3686 diesen
2640 3625 2737 3685 letzten

1561 3686 1702 3746 Dukaten
1732 3684 1896 3744 riskieren,
1921 3684 1955 3744 sie
1980 3681 2067 3741 wolle
2091 3681 2120 3741 in
2150 3680 2203 3740 der
2234 3678 2492 3738 Stephanskirche
2522 3675 2545 3735 so
2575 3674 2663 3734 lange
2693 3672 2739 3732 für

368 3707 447 3767 Korb
476 3707 538 3767 mit
556 3704 787 3764 Zuckerwaren,
805 3701 957 3761 Bonbons
986 3700 1043 3760 und
1072 3698 1275 3758 Südfrüchten
1304 3698 1360 3758 und
1389 3695 1445 3755 alle
1468 3695 1530 3755 dies

368 3752 599 3812 Herrlichkeiten
638 3751 687 3811 sind
726 3749 913 3809 numeriert.
936 3749 979 3809 In
1013 3747 1095 3807 einem
1140 3743 1277 3803 Säckchen
1311 3738 1448 3798 befinden
1487 3732 1531 3792 sich
1565 3729 1614 3789 ihn
1653 3730 1757 3790 beten,
1780 3728 1829 3788 als
1857 3727 1889 3787 er
1918 3726 2027 3786 spielen
2061 3724 2182 3784 würde.
2210 3722 2275 3782 Das
2304 3722 2413 3782 rührte
2441 3720 2496 3780 den
2530 3718 2689 3778 Leutnant
2717 3718 2739 3778 so

365 3794 414 3854 die
437 3800 629 3860 Nummern,
646 3798 690 3858 die
712 3796 828 3856 Treffer
850 3794 910 3854 und
933 3793 1037 3853 Nieten
1065 3792 1230 3852 bedeuten.
1247 3791 1296 3851 Ich
1319 3788 1445 3848 glaube,
1462 3784 1528 3844 man
1568 3779 1650 3839 sehr,
1678 3776 1733 3836 daß
1772 3776 1799 3836 er
1832 3774 1876 3834 ihr
1910 3772 2085 3832 versprach,
2114 3773 2146 3833 sie
2180 3771 2317 3831 heiraten
2356 3767 2383 3827 zu
2422 3767 2549 3827 wollen,
2577 3766 2659 3826 wenn
2698 3766 2742 3826 ihr

364 3852 470 3912 zahlte
496 3848 620 3908 damals
646 3846 714 3906 zehn
740 3845 872 3905 Kreuzer
898 3843 947 3903 für
979 3842 1029 3902 das
1061 3841 1168 3901 Recht,
1187 3838 1299 3898 einmal
1325 3835 1349 3895 in
1381 3834 1431 3894 den
1463 3829 1544 3889 Sack
1570 3824 1670 3884 Gebet
1690 3824 1802 3884 Erfolg
1828 3822 1927 3882 hätte.
1947 3819 2003 3879 Und
2035 3818 2066 3878 es
2092 3818 2172 3878 hatte
2198 3817 2329 3877 Erfolg!
2349 3815 2411 3875 Der
2437 3815 2593 3875 Leutnant
2619 3812 2744 3872 gewann

1567 3872 1612 3932 ein
1642 3869 1751 3929 kleines
1787 3869 1954 3929 Vermögen
1989 3866 2046 3926 und
2082 3866 2156 3926 hielt
2180 3866 2214 3926 am
2261 3863 2388 3923 nächsten
2423 3863 2486 3923 Tag
2521 3861 2614 3921 seinem
2661 3860 2746 3920 Wort

367 3904 396 3964 zu
427 3896 542 3956 greifen
573 3893 632 3953 und
688 3893 754 3953 eine
779 3891 929 3951 Nummer
960 3888 1177 3948 herausziehen
1209 3888 1238 3948 zu
1269 3884 1396 3944 dürfen.
1439 3881 1541 3941 Artur

371 3943 487 4003 machte
508 3942 553 4002 sich
573 3942 624 4002 gar
651 3940 742 4000 nichts
763 3938 820 3998 aus
841 3937 886 3997 den
912 3937 1134 3997 Süßigleiten,
1148 3935 1192 3995 die
1213 3933 1264 3993 zur
1284 3931 1381 3991 Schau
1403 3930 1545 3990 standen,
1572 3924 1675 3984 gemäß
1722 3917 1787 3977 beim
1833 3915 1930 3975 Vater
1963 3914 2008 3974 des
2042 3913 2152 3973 jungen
2192 3910 2361 3970 Mädchens
2394 3910 2433 3970 um
2480 3910 2544 3970 ihre
2571 3907 2661 3967 Hand
2695 3908 2752 3968 an.

370 3993 443 4053 aber
468 3991 498 4051 er
523 3988 676 4048 versuchte
701 3988 768 4048 doch
794 3985 848 4045 sein
879 3985 989 4045 Glück.
1008 3985 1051 4045 Er
1076 3984 1124 4044 zog
1156 3982 1223 4042 aber
1254 3980 1315 4040 nur
1340 3976 1444 4036 Nieten
1475 3970 1536 4030 und
1567 3965 1671 4025 Dieser
1696 3964 1793 4024 Vater
1819 3963 1886 4023 war
1911 3961 1947 4021 ein
1978 3959 2260 4019 Strumpfwirker,
2279 3958 2328 4018 dem
2365 3958 2414 4018 der
2439 3956 2530 4016 noble
2555 3955 2745 4015 Schwieger¬

373 4039 420 4099 als
445 4039 468 4099 er
493 4038 546 4098 auf
565 4036 636 4096 diese
661 4034 750 4094 Weise
769 4033 853 4093 mehr
878 4031 949 4091 Geld
974 4030 1124 4090 verspielt
1136 4029 1238 4089 hatte,
1250 4029 1298 4089 als
1317 4028 1407 4088 unser
1425 4024 1533 4084 ganzes
1570 4017 1641 4077 sohn
1672 4012 1737 4072 sehr
1762 4010 1960 4070 willkommen
1991 4009 2074 4069 war.
2093 4007 2152 4067 Der
2183 4006 2345 4066 Leutnant
2364 4005 2526 4065 quittierte
2550 4001 2598 4061 den
2635 4001 2754 4061 Dienst,

368 4084 552 4144 Nachtmahl
585 4084 699 4144 kostete,
726 4082 827 4142 schickte
860 4080 898 4140 ich
930 4077 1045 4137 endlich
1071 4075 1128 4135 den
1161 4075 1352 4135 Gottscheber
1385 4072 1448 4132 fort
1474 4069 1531 4129 und
1570 4062 1716 4122 heiratete
1749 4058 1799 4118 sein
1839 4057 1966 4117 Mädel,
1986 4057 2062 4117 blieb
2094 4056 2119 4116 in
2158 4054 2241 4114 Wien
2280 4051 2337 4111 und
2369 4051 2433 4111 trat
2459 4049 2484 4109 in
2516 4047 2573 4107 das
2606 4046 2746 4106 Geschäft

1573 4108 1667 4168 seines
1703 4105 1985 4165 Schwiegervaters
2021 4102 2091 4162 ein.
2116 4102 2221 4162 Dieses
2257 4099 2404 4159 Geschäft
2434 4096 2539 4156 wurde
2575 4096 2598 4156 im
2652 4096 2746 4156 Laufe

375 4131 478 4191 konnte
508 4132 589 4192 nicht
618 4129 746 4189 umhin,
764 4126 861 4186 Artur
892 4125 990 4185 wegen
1025 4124 1123 4184 seiner
1153 4121 1443 4181 Spielleidenschaft
1467 4116 1547 4176 Vor¬

1573 4155 1625 4215 der
1656 4155 1755 4215 Jahre
1786 4154 1896 4214 immer
1927 4152 2038 4212 größer
2068 4149 2126 4209 und
2162 4149 2274 4209 größer
2304 4146 2362 4206 und
2399 4143 2463 4203 war
2493 4143 2527 4203 um
2576 4142 2622 4202 die
2652 4141 2746 4201 Mitte

374 4180 470 4240 würfe
541 4180 573 4240 zu
627 4176 773 4236 machen.
817 4173 994 4233 Daraufhin
1049 4172 1129 4232 hielt
1174 4168 1232 4228 mir
1282 4167 1383 4227 Artur
1454 4164 1540 4224 einen

1576 4202 1627 4262 des
1674 4200 1922 4260 Jahrhunderts
1975 4198 2055 4258 eines
2108 4195 2159 4255 der
2218 4196 2350 4256 reichsten
2392 4193 2547 4253 Geschäfte
2600 4190 2657 4250 auf
2687 4188 2732 4248 dem

381 4229 437 4289 sehr
460 4227 651 4287 tiefsinnigen
680 4223 809 4283 Vortrag
838 4221 905 4281 über
928 4221 973 4281 die
996 4219 1238 4279 psychologischen
1267 4215 1430 4275 Urgründe
1453 4215 1543 4275 seiner

2420 4247 2539 4307 Btihe
2572 4237 2678 4297 Meli

1931 4247 1986 4307 Da
2037 4248 2152 4308 Ehrani

1594 4248 1694 4308 anan
