3392 4384
232 324 534 384 ARTHUR
587 330 1045 390 SCHNITZLER

421 434 864 494 OVERLEDEN

238 584 341 644 Een
377 589 637 649 talentvol,
655 593 794 653 maar
821 596 1081 656 gevaarlijk

533 694 802 754 Schrijver

275 819 557 879 Woensdagavond
590 820 767 880 omstrecks
796 823 893 883 zeven
926 823 978 883 uur
1006 823 1030 883 is
1059 823 1091 883 de

229 864 366 924 bekende
405 867 703 927 tooneelschrijver,
737 868 833 928 wiens
871 870 997 930 werken
1040 869 1094 929 ook

229 912 270 972 ten
304 912 433 972 onzent,
454 915 517 975 o.a.
534 915 613 975 door
638 915 797 975 Verkade,
818 918 872 978 zijn
902 918 1102 978 opgevoerd,

229 960 272 1020 ten
312 961 445 1021 gevolge
480 963 574 1023 cener
606 963 751 1023 beroerte
787 966 975 1026 overleden.

269 1009 318 1069 Hij
345 1008 411 1068 was
447 1008 478 1068 15
514 1010 580 1070 Mei
612 1011 678 1071 1862
710 1011 741 1071 te
777 1012 910 1072 Weenen
950 1014 1105 1074 geboren,

230 1054 315 1114 waar
346 1057 397 1117 zijn
432 1056 547 1116 vader,
569 1057 654 1117 prof.
681 1057 732 1117 dr.
758 1058 877 1118 Johann
908 1060 1101 1120 Schnitzler.

226 1105 271 1165 cen
306 1103 427 1163 bekend
457 1105 663 1165 laryncoloog
698 1105 777 1165 was.
799 1106 866 1166 Ook
900 1106 1014 1166 Arthur
1031 1109 1098 1169 ging

229 1154 250 1214 in
289 1154 323 1214 de
363 1154 543 1214 mediciinen
582 1151 751 1211 studeeren
790 1154 824 1214 en
864 1154 1096 1214 promoveerde

234 1202 251 1262 in
284 1202 351 1262 1885
380 1202 406 1262 te
439 1199 598 1259 Weenen.
617 1200 667 1260 Hij
695 1201 758 1261 was
786 1202 1096 1262 achtereenvolgens

229 1250 392 1310 werkzaam
453 1248 504 1308 aan
552 1247 784 1307 verschillende
832 1253 1004 1313 klinieken,
1043 1251 1094 1311 be¬

224 1297 396 1357 studeerde
423 1297 453 1357 te
480 1297 603 1357 Londen
635 1295 665 1355 en
692 1296 793 1356 Parijs
820 1299 872 1359 het
895 1300 1097 1360 ziekenhuis¬

229 1345 333 1405 wezen
371 1345 404 1405 en
446 1345 529 1405 werd
572 1345 596 1405 in
643 1345 709 1405 1893
747 1345 906 1405 assistent
940 1348 998 1408 van
1040 1349 1090 1409 zijn

226 1393 340 1453 vader.
368 1393 464 1453 Later
501 1393 583 1453 werd
625 1394 666 1454 hij
698 1393 826 1453 militair
864 1395 992 1455 dokter,
1020 1396 1097 1456 doch

230 1444 328 1504 moest
354 1443 402 1503 uit
424 1441 479 1501 den
509 1441 668 1501 militairen
698 1441 806 1501 dienst
832 1444 956 1504 treden,
978 1445 1008 1505 na
1038 1445 1093 1505 zijn

225 1492 393 1552 publicatie
426 1489 487 1549 van
525 1490 703 1550 „Leutnant
736 1490 857 1550 Gusti."
895 1492 946 1552 Hij
980 1493 1092 1553 wijdde

226 1540 288 1600 zich
320 1539 355 1599 nu
391 1539 470 1599 bijna
502 1539 617 1599 geheel
644 1538 697 1598 aan
734 1537 764 1597 de
796 1539 982 1599 literatuur.

269 1590 294 1650 In
329 1590 384 1650 zijn
419 1587 517 1647 latere
548 1587 749 1647 levensjaren
797 1587 852 1647 zou
900 1587 946 1647 hij
981 1589 1101 1649 vooral

224 1638 277 1698 zijn
317 1635 622 1695 jeuxdbevindingen
663 1635 719 1695 der
755 1636 839 1696 jaren
893 1633 1020 1693 ’80--’90
1065 1639 1091 1699 in

224 1686 331 1746 roman
370 1686 403 1746 en
438 1683 635 1743 tooneelstuk
674 1684 880 1744 verwerken.
919 1686 974 1746 Een
1021 1689 1094 1749 zeer

224 1733 340 1793 bekend
371 1733 400 1793 en
431 1733 612 1793 omstreden
643 1730 794 1790 zoodanig
825 1732 906 1792 werk
941 1733 1010 1793 was
1036 1735 1088 1795 zijn

226 1781 292 1841 spel
319 1780 509 1840 „Professor
540 1781 753 1841 Bernhardi“,
780 1782 837 1842 dat
864 1781 921 1841 ook
957 1781 1005 1841 ten
1041 1782 1094 1842 on¬

220 1829 293 1889 zent
323 1829 349 1889 is
384 1830 587 1890 opgevoerd.
613 1827 777 1887 Uitvoerig
812 1832 838 1892 is
877 1830 942 1890 toen
981 1829 1097 1889 onzer¬

227 1877 303 1937 zijds
340 1880 544 1940 uiteengczet
581 1878 708 1938 waarom
767 1879 812 1939 we
858 1879 903 1939 dit
940 1880 1012 1940 spel
1049 1879 1094 1939 af¬

232 1925 338 1985 wezen

267 1973 321 2033 Hij
353 1975 421 2035 was
458 1973 489 2033 al
517 1974 544 2034 in
581 1972 648 2032 1886
691 1974 754 2034 met
786 1975 941 2035 schrijven
978 1974 1000 2034 in
1041 1974 1095 2034 het

240 2020 412 2080 „Deutsche
450 2020 725 2080 Wochenschrift“
763 2023 944 2083 bezonnen,
973 2023 1089 2083 daarna

236 2068 258 2128 in
285 2071 344 2131 „An
377 2071 431 2131 der
458 2071 594 2131 schönen
623 2071 731 2131 blauen
764 2071 909 2131 Donau“.
932 2071 1009 2131 Toen
1041 2071 1091 2131 zijn

239 2119 440 2179 verrassende
475 2119 612 2179 dialogen
647 2119 741 2179 onder
772 2119 827 2179 den
866 2119 1098 2179 verzameltitel

231 2166 380 2226 „Anatol“
413 2166 435 2226 in
472 2166 540 2226 1889
568 2166 787 2226 verschenen,
810 2169 891 2229 werd
924 2169 1038 2229 vooral
1061 2170 1097 2230 de

236 2214 396 2274 aandacht
420 2214 453 2274 op
483 2217 536 2277 hem
575 2217 759 2277 gevestigd.

267 2264 449 2324 Schnitzler
482 2263 555 2323 wist
587 2265 651 2325 wat
679 2265 807 2325 tooncel
835 2268 917 2328 was.
945 2266 1004 2326 Zijn
1036 2265 1104 2325 dia-

229 2313 317 2373 logen
357 2313 410 2373 zijn
451 2313 596 2373 ilitsend,
627 2314 676 2374 zijn
716 2314 1034 2374 karakterteckening
1074 2318 1096 2378 is

229 2361 317 2421 raak,
340 2363 393 2423 zijn
425 2364 629 2424 behandeling
665 2363 718 2423 van
745 2361 798 2421 een
830 2365 972 2425 gegeven
1003 2363 1101 2423 vlijm¬

231 2411 339 2471 scherp
367 2411 398 2471 en
426 2411 567 2471 geestig.
581 2411 635 2471 Hij
654 2411 727 2471 kent
750 2411 840 2471 liefde
863 2411 895 2471 en
923 2411 1104 2471 weemoed.

231 2457 289 2517 Zijn
317 2459 385 2519 taal
403 2459 425 2519 is
449 2462 590 2522 speelsch
617 2461 649 2521 en
677 2459 867 2519 melodieus.
882 2463 941 2523 Zijn
964 2463 1095 2523 fantasle

231 2507 253 2567 is
285 2507 357 2567 rijk,
390 2507 494 2567 schier
531 2508 777 2568 onuitputtelijk.
805 2512 890 2572 Lang
927 2510 954 2570 is
991 2510 1027 2570 de
1064 2514 1104 2574 ril

229 2555 320 2615 zijner
346 2555 476 2615 romans
502 2558 636 2618 zoowel
653 2557 699 2617 als
724 2558 825 2618 zijner
850 2558 1106 2618 tooncelspelen.

233 2602 289 2662 Van
319 2605 375 2665 zijn
406 2605 664 2665 tooncelwerken
700 2605 829 2665 noemen
864 2605 906 2665 we
937 2607 985 2667 los
1015 2610 1101 2670 weg:

230 2653 313 2713 „Das
348 2655 536 2715 Märchen",
566 2653 758 2713 „Liebelei",
788 2656 990 2716 „Freiwild“,
1020 2657 1099 2717 „Pa¬

230 2701 406 2761 racelsus",
431 2704 511 2764 „Der
536 2704 631 2764 grüne
660 2704 827 2764 Kakadu“,
846 2707 927 2767 „Der
951 2707 1094 2767 Schleier

229 2749 283 2809 der
302 2752 488 2812 Beatrice“,
507 2752 588 2812 „Der
611 2752 743 2812 einsame
771 2753 884 2813 Weg“,
898 2755 1098 2815 „Zwischen¬

229 2800 339 2860 spiel“,
369 2800 450 2860 „Der
485 2803 570 2863 Cang
615 2800 667 2860 zum
721 2801 870 2861 Weiher“
909 2804 1029 2864 (drama
1068 2805 1091 2865 in

231 2847 365 2907 verzen)
399 2849 473 2909 enz.
497 2850 580 2910 „Der
632 2847 711 2907 Weg
762 2849 813 2909 ins
860 2850 972 2910 Freie“
1028 2851 1093 2911 was

230 2895 429 2955 Schnitzler’s
458 2898 601 2958 grootste
634 2898 759 2958 roman.

271 2946 320 3006 lij
333 2945 399 3005 was
426 2945 475 3005 een
502 2946 736 3006 bultengemeen
768 2949 878 3009 talent,
896 2949 980 3009 maar
1003 2950 1095 3010 daur-

225 2991 256 3051 om
296 2994 371 3054 juist
399 2995 478 3055 werd
510 2997 563 3057 zijn
594 2994 679 3054 werk
711 2997 741 3057 er
769 2997 848 3057 vaak
880 3000 906 3060 te
933 3000 1097 3060 bedenke¬

230 3041 313 3101 lijker
340 3044 406 3104 om.
429 3044 468 3104 Er
491 3045 557 3105 ging
588 3044 640 3104 een
668 3044 871 3104 suggestieve
902 3050 1017 3110 kracht
1035 3050 1091 3110 van

228 3090 287 3150 uit,
310 3089 355 3149 die
392 3090 459 3150 b.v.
483 3092 509 3152 in
542 3092 709 3152 professor
742 3095 923 3155 Bernhardi
951 3098 1087 3158 talrijken

228 3140 262 3200 op
297 3142 348 3202 een
383 3143 589 3203 dwaalspoor
615 3143 744 3203 bracht.
766 3145 894 3205 Rondom
942 3146 993 3206 zijn
1028 3147 1096 3207 ero¬

231 3187 303 3247 tisch
335 3191 494 3251 „Relgen“
522 3188 549 3248 is
581 3189 654 3249 veel
677 3191 704 3251 te
736 3193 813 3253 doen
850 3194 1009 3254 gewcest.
1032 3197 1091 3257 Een

229 3236 310 3296 storm
358 3239 414 3299 van
444 3239 758 3299 verontwaardiging
793 3242 818 3302 is
849 3242 879 3302 er
909 3243 986 3303 over
1017 3245 1089 3305 heen

227 3286 344 3346 gegaan
376 3286 407 3346 en
435 3288 471 3348 op
499 3289 730 3349 verschillende
758 3292 899 3352 plaatsen
927 3292 953 3352 is
981 3294 1012 3354 de
1040 3294 1094 3354 op¬

230 3334 358 3394 voering
391 3335 573 3395 verboden.

264 3382 323 3442 Een
360 3385 414 3445 rijk
451 3384 551 3444 talent
575 3385 601 3445 is
634 3385 702 3445 hier
734 3388 788 3448 aan
830 3391 903 3451 veel
931 3391 1094 3451 ergerlijks

229 3433 393 3493 verspeeld
428 3433 462 3493 en
497 3433 561 3493 met
592 3434 700 3494 groote
735 3439 981 3499 omzichtigheid
1016 3442 1102 3502 moet

225 3480 287 3540 men
318 3480 362 3540 tot
385 3480 438 3540 zijn
465 3480 687 3540 levensarbeid
714 3483 873 3543 naderen.
892 3488 932 3548 Er
954 3489 980 3549 is
1003 3490 1096 3550 caar¬

230 3526 281 3586 van
312 3528 453 3588 zooveel
475 3531 531 3591 dat
553 3531 621 3591 met
643 3531 759 3591 kracht
781 3534 867 3594 moet
893 3537 1000 3597 worde
1018 3539 1030 3599 !
1048 3539 1099 3599 as-

220 3576 392 3636 gewezen,
414 3577 448 3637 er
470 3577 495 3637 ls
522 3579 651 3639 daarbil
668 3582 810 3642 zooveel
828 3585 888 3645 dat
910 3585 1099 3645 rechtvaar-

228 3625 293 3685 dige
334 3624 492 3684 protesten
533 3627 700 3687 uitlokten.
731 3633 890 3693 Jammer,
921 3635 1009 3695 want
1040 3637 1097 3697 het

220 3670 291 3730 zeer
317 3675 498 3735 bijzondere
523 3676 586 3736 „De
612 3678 764 3738 eenzame
790 3682 882 3742 weg“
907 3684 937 3744 o.
958 3684 987 3744 a.
1009 3686 1097 3746 foont

228 3719 368 3779 waartoc
400 3722 474 3782 deze
506 3724 581 3784 heel
603 3724 713 3784 elgene
740 3730 846 3790 figuur
873 3731 899 3791 in
930 3733 969 3793 de
996 3733 1093 3793 Euro¬

220 3769 358 3829 pcesche
388 3770 687 3830 tooncelliteratuur
717 3775 742 3835 in
776 3778 864 3838 staat
894 3780 977 3840 was.

265 3818 291 3878 In
321 3818 355 3878 de
382 3818 480 3878 latere
507 3821 588 3881 laren
619 3822 709 3882 heeft
727 3826 804 3886 deze
835 3830 981 3890 mensch,
999 3833 1097 3893 wiens

225 3866 435 3926 geestkracht
470 3866 546 3926 door
585 3870 723 3930 treurige
758 3876 1092 3936 samilie-omstandig-

220 3910 319 3970 heden
350 3913 405 3973 had
440 3916 569 3976 geleden
605 3916 635 3976 en
669 3921 769 3981 wiens
799 3925 993 3985 gezondheid
1028 3929 1093 3989 was

221 3961 393 4021 geschokt,
417 3964 683 4024 teruxgetrokken
721 3970 860 4030 gelcefd.

270 4009 398 4069 Terwijl
425 4011 481 4071 het
513 4012 693 4072 Weensche
746 4021 967 4081 tooneelleven
1025 4024 1086 4084 zich

227 4057 457 4117 voorbereidde
486 4060 538 4120 zin
572 4063 788 4123 zeventigsten
817 4069 946 4129 jaardag
976 4072 999 4132 in
1028 4073 1095 4133 Mei

231 4108 256 4168 te
283 4108 406 4168 vieren,
427 4111 518 4171 kwam
558 4111 590 4171 nu
624 4113 656 4173 de
683 4114 780 4174 dood.

850 4170 888 4230 L.
908 4170 940 4230 v.
960 4170 991 4230 d.
1012 4170 1056 4230 B.

1866 482 2573 542 OBSERVER

1948 530 1973 590 I.
1986 533 2107 593 österr.
2120 533 2271 593 behördl.
2284 536 2577 596 konzessioniertes

1906 572 2135 632 Unternehmen
2166 575 2214 635 für
2240 575 2625 635 Zeitungs-Ausschnitte

1958 628 2101 688 WIEN,
2128 634 2179 694 I.,
2206 637 2492 697 WOLLZEILE
2538 640 2576 700 11

2053 683 2271 743 TELEPHON
2303 687 2474 747 R-23-0-43

1808 751 2082 811 Correspondants
2099 757 2179 817 dans
2205 757 2309 817 toutes
2334 760 2374 820 les
2399 763 2471 823 gran

1777 871 1864 931 trait
1891 870 1926 930 du
1959 875 2123 935 Journal:

2144 984 2190 1044 De
2218 984 2453 1044 Avondpost

2151 1035 2440 1095 's-Gravenhage

1871 1229 2093 1289 KUNST
2142 1220 2206 1280 EN
2264 1210 2617 1270 LETTEREN

1956 1423 2132 1483 Arthur
2172 1414 2456 1474 Schnitzler
2497 1411 2525 1471 +

1984 1572 2028 1632 OP
2059 1572 2292 1632 69-JARIGEN
2328 1568 2520 1628 LEEFTIJD

1858 1670 1902 1730 De
1942 1668 2092 1728 bekende
2127 1668 2405 1728 Oostenrijksche
2459 1664 2626 1724 schrijver
2662 1660 2715 1720 dr.

1819 1713 1943 1773 Arthur
1973 1713 2162 1773 Schnitzler
2188 1713 2217 1773 is
2239 1710 2384 1770 gisteren
2437 1704 2449 1764 —
2514 1707 2625 1767 zooals
2655 1704 2711 1764 wij

1823 1757 1913 1817 reeds
1941 1754 2178 1814 mededeelden
2219 1752 2232 1812 —
2284 1755 2320 1815 op
2352 1751 2539 1811 69-jarigen
2576 1748 2703 1808 leeftijd

1819 1801 1849 1861 te
1880 1799 2018 1859 Weenen
2054 1799 2257 1859 overleden.

1856 1857 1920 1917 Des
1947 1858 2101 1918 morgens
2127 1856 2222 1916 kreeg
2252 1856 2286 1916 de
2308 1853 2471 1913 schrijver
2498 1850 2622 1910 tijdens
2648 1847 2700 1907 een

1821 1901 2005 1961 wandeling
2036 1899 2091 1959 een
2131 1898 2427 1958 bloeduitstorting
2462 1896 2488 1956 in
2522 1895 2561 1955 de
2591 1893 2707 1953 herse¬

1822 1945 1897 2005 nen.
1914 1945 1955 2005 Na
1985 1944 2035 2004 een
2069 1942 2369 2002 bewusteloosheid
2399 1939 2457 1999 van
2483 1939 2599 1999 eenige
2625 1936 2704 1996 uren

1825 1992 1847 2052 is
1874 1990 1926 2050 dr.
1949 1987 2077 2047 Arthur
2108 1987 2302 2047 Schnitzler
2329 1983 2527 2043 gestorven.

1861 2045 2054 2105 Schnitzler
2110 2044 2213 2104 wiens
2269 2043 2372 2103 vader
2424 2039 2578 2099 medicus
2634 2038 2720 2098 was.

1821 2092 1933 2152 wijdde
1963 2089 2028 2149 zich
2067 2086 2240 2146 eveneens
2288 2086 2317 2146 in
2370 2083 2430 2143 den
2470 2083 2612 2143 beginne
2647 2080 2707 2140 aan

1823 2134 1991 2194 medische
2039 2131 2172 2191 studies
2220 2130 2259 2190 en
2311 2130 2371 2190 liep
2406 2129 2547 2189 colleges
2578 2126 2638 2186 aan
2677 2126 2716 2186 de

1824 2175 2034 2235 universiteit
2070 2174 2125 2234 van
2164 2172 2332 2232 Weenen.
2376 2169 2418 2229 Hi
2462 2169 2543 2229 werd
2578 2168 2716 2228 officier

1825 2221 1880 2281 van
1919 2220 2152 2280 gezondheid,
2178 2217 2242 2277 had
2281 2216 2367 2276 later
2398 2214 2453 2274 een
2497 2214 2716 2274 particullere

1824 2265 1960 2325 practijk
1996 2262 2035 2322 om
2085 2262 2151 2322 zich
2191 2259 2390 2319 vervolgens
2444 2259 2642 2319 uitsluitend
2683 2256 2713 2316 te

1828 2308 1935 2368 wijden
1965 2307 2025 2367 aan
2059 2304 2277 2364 litteratuur.
2295 2303 2355 2363 Een
2385 2302 2492 2362 zijner
2518 2301 2620 2361 eerste
2651 2300 2710 2360 no¬

1825 2352 1927 2412 vellen
1963 2350 2029 2410 was
2065 2349 2264 2409 „Leutnant
2314 2346 2450 2406 Gustl",
2478 2344 2579 2404 welke
2615 2346 2641 2406 in
2682 2344 2721 2404 de

1828 2396 1929 2456 „Neue
1961 2393 2040 2453 freie
2071 2390 2208 2450 Presse"
2239 2390 2323 2450 werd
2377 2387 2611 2447 gepubliceerd
2673 2387 2708 2447 an

1824 2438 2017 2498 tengevolge
2069 2436 2133 2496 had
2190 2435 2249 2495 dat
2298 2435 2392 2495 tegen
2427 2432 2487 2492 hem
2535 2432 2590 2492 een
2629 2429 2715 2489 aan-

1822 2483 1941 2543 klacht
1968 2480 2047 2540 werd
2104 2480 2285 2540 ingediend
2338 2480 2470 2540 wegens
2501 2475 2708 2535 beleediging

1826 2528 1879 2588 van
1934 2525 1997 2585 het
2048 2525 2157 2585 leger.
2198 2525 2265 2585 Zijn
2307 2522 2383 2582 titel
2411 2521 2692 2581 „regimentsarts

1827 2573 1901 2633 werd
1937 2572 1994 2632 hem
2039 2570 2114 2630 toen
2149 2570 2224 2630 voor
2256 2568 2313 2628 het
2340 2567 2468 2627 vervolg
2499 2567 2657 2627 ontzegd.

1863 2764 1923 2824 Het
1975 2764 2003 2824 is
2060 2761 2115 2821 een
2177 2759 2448 2819 veel-gebruikte
2486 2755 2710 2815 uitdrukking

1828 2809 1918 2869 maar
1966 2806 2039 2866 met
2083 2803 2212 2863 Arthur
2260 2803 2454 2863 Schnitzler
2480 2800 2506 2860 is
2537 2800 2588 2860 een
2623 2797 2721 2857 groot

1829 2849 2043 2909 kunstenaar
2065 2847 2309 2907 heengegaan.
2326 2845 2364 2905 En
2395 2844 2450 2904 des
2472 2844 2501 2904 te
2528 2841 2715 2901 tragischer

1830 2898 1851 2958 is
1881 2895 1928 2955 dit
1954 2892 2174 2952 verschelden
2209 2889 2295 2949 juist
2325 2889 2363 2949 nu
2398 2886 2471 2946 men
2506 2886 2545 2946 de
2575 2883 2717 2943 voorbe¬

1829 2937 1996 2997 reldingen
2052 2934 2126 2994 trof
2174 2932 2252 2992 voor
2299 2931 2359 2991 het
2406 2928 2513 2988 vieren
2551 2928 2611 2988 van
2649 2930 2709 2990 zija

1836 2979 1934 3039 70sten
1973 2976 2200 3036 verjaardag.
2226 2976 2307 3036 Voor
2337 2973 2393 3033 een
2432 2973 2611 3033 opvoering
2650 2970 2710 3030 van

1835 3024 2006 3084 „Liebelel"
2061 3021 2165 3081 onder
2215 3021 2437 3081 Reinhardt's
2483 3018 2573 3078 regie
2605 3015 2709 3075 waren

1834 3065 2057 3125 maatregelen
2093 3063 2289 3123 getroffen.

1877 3122 2045 3182 Misschien
2078 3122 2105 3182 is
2129 3122 2185 3182 het
2213 3122 2302 3182 waar
2326 3119 2386 3179 dat
2410 3116 2602 3176 Schnitzler
2626 3116 2723 3176 nooit

1830 3172 1878 3232 een
1914 3167 2082 3227 schrijver
2109 3167 2135 3227 is
2167 3164 2326 3224 geweest,
2349 3161 2450 3221 wiens
2482 3161 2561 3221 werk
2597 3161 2649 3221 tot
2681 3161 2716 3221 de

1830 3214 1938 3274 groote
1985 3212 2097 3272 massa
2148 3209 2269 3269 sprak.
2308 3206 2374 3266 Het
2400 3206 2466 3266 was
2492 3204 2659 3264 daarvoor
2689 3204 2718 3264 te

1827 3256 2027 3316 fijnzinnig,
2050 3251 2111 3311 het
2143 3253 2258 3313 volgde
2291 3250 2383 3310 soms
2433 3248 2486 3308 zoo
2522 3248 2722 3308 helmelijke

1836 3299 1960 3359 paden,
1982 3297 2020 3357 de
2055 3295 2300 3355 menschellike
2335 3292 2399 3352 ziel
2429 3291 2506 3351 werd
2546 3290 2614 3350 erin
2653 3289 2721 3349 uit¬

1827 3343 1952 3403 gebeeld
1993 3343 2028 3403 op
2070 3340 2122 3400 zoo
2159 3337 2293 3397 teedere
2326 3337 2361 3397 en
2398 3336 2536 3396 schuwe
2569 3334 2605 3394 en
2646 3334 2710 3394 aan

1827 3387 1878 3447 den
1913 3385 2059 3445 anderen
2095 3385 2180 3445 kant
2202 3382 2444 3442 tegelilkertijd
2474 3379 2526 3439 zoo
2556 3376 2720 3436 meedoo¬

1827 3427 2129 3487 genloos-scherpe
2169 3427 2280 3487 wijze,
2311 3427 2369 3487 dat
2409 3424 2471 3484 het
2507 3424 2582 3484 niet
2618 3421 2715 3481 altijd

1827 3473 1898 3533 voor
1928 3471 2079 3531 ledereen
2113 3471 2142 3531 te
2173 3468 2387 3528 waardeeren
2422 3466 2501 3526 viel.

1868 3528 1928 3588 Hij
1946 3529 2014 3589 was
2036 3529 2048 3589 —
2096 3528 2155 3588 het
2177 3528 2232 3588 zal
2254 3526 2348 3586 dezer
2375 3524 2477 3584 dagen
2512 3522 2576 3582 vele
2606 3522 2713 3582 malen

1825 3573 2024 3633 opgemerkt
2058 3570 2188 3630 worden
2221 3568 2233 3628 —
2288 3568 2346 3628 een
2384 3568 2509 3628 typisch
2551 3564 2709 3624 Weensch

1827 3618 2005 3678 schriver.
2019 3615 2080 3675 Hij
2099 3615 2159 3675 had
2188 3612 2202 3672 —
2249 3611 2301 3671 uit
2320 3612 2357 3672 al
2372 3612 2432 3672 zijn
2461 3606 2587 3666 werkel
2615 3610 2718 3670 blijxt

1827 3661 1882 3721 het
1913 3660 1925 3720 —
1982 3659 2041 3719 zijn
2085 3658 2166 3718 hart
2197 3654 2524 3714 onvoorwaardelljk
2563 3654 2713 3714 verpand

1829 3704 1887 3764 aan
1916 3703 1994 3763 deze
2020 3701 2115 3761 stad,
2132 3700 2165 3760 om
2211 3698 2290 3758 wier
2315 3695 2397 3755 naam
2439 3695 2451 3755 —
2502 3695 2526 3755 in
2560 3695 2597 3755 de
2622 3695 2721 3755 litte¬

1830 3746 1944 3806 ratuur
1971 3745 2112 3805 althans
2140 3743 2152 3803 —
2202 3743 2294 3803 altijd
2326 3741 2387 3801 lets
2414 3740 2524 3800 hangt
2552 3740 2609 3800 van
2644 3737 2715 3797 me¬

1830 3788 1992 3848 lancholle
2019 3789 2052 3849 en
2079 3785 2233 3845 teederen
2263 3785 2400 3845 humor.
2418 3785 2473 3845 Dit
2490 3782 2627 3842 maakte
2653 3782 2713 3842 van

1824 3836 1879 3896 zijn
1919 3833 2040 3893 oeuvre
2075 3832 2139 3892 dan
2179 3830 2235 3890 ook
2274 3828 2338 3888 wel
2370 3827 2408 3887 de
2443 3827 2555 3887 groote
2595 3827 2719 3887 kracht

1827 3878 1889 3938 ult:
1936 3875 1998 3935 dat
2045 3875 2083 3935 er
2129 3873 2204 3933 toch
2247 3872 2339 3932 altijd
2373 3869 2427 3929 een
2470 3869 2604 3929 mensch
2643 3869 2722 3929 over

1830 3919 2006 3979 menschen
2042 3917 2192 3977 schreef.
2210 3916 2281 3976 Met
2304 3916 2383 3976 rake
2410 3914 2564 3974 intuitie.
2587 3913 2626 3973 En
2658 3913 2715 3973 een

1831 3961 2001 4021 toegewijd
2031 3961 2135 4021 hart.

1875 4018 2008 4078 Hoevele
2035 4016 2199 4076 gestalten
2231 4015 2329 4075 heeft
2350 4016 2401 4076 hij
2417 4015 2468 4075 tot
2489 4013 2576 4073 leven
2608 4015 2710 4075 weten

1832 4063 1858 4123 te
1886 4060 2049 4120 wekken!
2076 4060 2226 4120 Vreugde
2254 4057 2289 4117 en
2322 4057 2471 4117 verdriet
2495 4057 2521 4117 in
2576 4057 2716 4117 dulzen¬

1833 4107 1935 4167 derlel
1954 4103 2221 4163 schakeeringen
2254 4102 2389 4162 beeldde
2418 4102 2469 4162 hil
2488 4102 2539 4162 uit
2563 4102 2633 4162 met
2657 4099 2712 4159 en

1830 4147 1978 4207 felllooze
2027 4146 2313 4206 psychologische
2366 4143 2505 4203 kennis,
2548 4143 2619 4203 met
2654 4140 2706 4200 sen

1831 4192 1971 4252 nimmer
1997 4191 2113 4251 falend
2139 4188 2366 4248 medelijden.
2381 4188 2471 4248 Zelfs
2497 4188 2568 4248 niet
2589 4187 2618 4247 in
2654 4187 2709 4247 zijn

1830 4236 1933 4296 koe'st
1963 4233 2166 4293 geschreven
2206 4233 2358 4293 werken,
2378 4233 2491 4293 zooals
2522 4230 2709 4290 „Therèse"
